2237 3127
636 231 658 244 k

520 258 589 291 682
1062 266 1251 290 numanum
1277 266 1444 290 Romanuin

469 324 643 361 Gradensis
668 325 821 365 Ecclesia,
852 327 919 359 157
943 337 973 359 a.
996 324 1074 358 Eius
1098 324 1251 370 dignitas,
1278 326 1351 358 ibid.
1375 323 1614 371 Metropolicum
1639 324 1704 369 ius,
1728 327 1801 360 ibid.
1825 334 1855 362 et
1876 339 1935 372 seq.
1958 325 2006 361 Ir-

567 375 658 409 ritato
685 372 876 421 Aquileiensi
908 374 1101 420 patriarchae
1128 386 1280 408 concesso
1308 374 1482 420 privilegiO,
1515 373 1688 409 Gradensis
1721 376 1924 410 confirmatur
1951 389 2007 422 pa-

566 423 764 463 triarchatus,
789 425 859 458 545
879 437 898 458 α
920 432 949 458 et
976 436 1049 468 seq.,
1078 435 1136 457 nec
1157 435 1219 457 non
1256 425 1326 457 565
1348 435 1368 457 α
1396 432 1426 458 et
1452 425 1480 457 b.
1516 422 1641 458 Gradus
1676 426 1772 459 totius
1793 424 1944 459 Venetiae
1976 434 2007 460 et

564 472 673 507 Istriae
699 481 793 520 capnt
819 481 848 507 et
871 473 1052 518 metropolis
1068 486 1083 506 a
1112 472 1217 507 Leone
1240 472 1285 506 IX
1307 472 1369 506 PP.
1393 472 1580 517 declaratur,
1597 475 1666 508 626
1689 475 1716 508 b.
1756 473 1946 509 Obedientia
1967 474 2006 509 ab

566 523 725 568 episcopis
743 522 947 568 suffraganeis
964 522 1154 568 patriarchae
1169 522 1284 566 debita,
1303 524 1379 555 ibid.

468 570 634 606 Gratiosus
659 573 828 618 episcopus
861 572 1102 610 Numenianus,
1139 573 1202 605 161
1235 584 1265 605 a.
1293 571 1436 605 Ecclesia
1471 570 1504 605 S.
1541 571 1703 607 Anthemii
1736 571 1898 607 Ecclesiae
1932 583 2008 606 suae

566 621 652 654 unita
679 622 706 654 ei
729 621 931 666 gubernanda
958 621 1090 655 traditur
1111 633 1126 655 a
1149 620 1304 666 Gregorio
1325 620 1338 654 I
1360 620 1435 661 PP.,
1462 623 1536 654 ibid.
1557 623 1584 654 b.

467 668 641 716 Gregorius
662 671 831 717 episcopus
852 670 1041 704 Mutinensis
1062 670 1200 704 adhibita
1228 670 1255 704 vi
1278 671 1447 716 episcopus
1473 671 1637 704 ordinatur
1658 683 1674 705 a
1706 670 1823 705 Ioanne
1856 671 2006 718 episcopo

566 718 752 759 Ravennati,
772 724 816 753 89
843 732 872 753 α.
896 719 933 753 Ei
958 719 1166 754 demandatur
1186 719 1329 754 Ecclesia
1356 719 1543 754 Mutinensis
1569 719 1797 765 gubernanda,
1832 719 2008 755 redditibus

566 770 744 814 assignatis,
768 771 844 803 ibid.
872 771 899 803 b.

467 817 610 864 Gregorii
634 818 689 861 ts)
712 819 748 852 ad
766 818 913 852 Rhenum
937 818 1161 852 monasterium
1184 830 1199 852 a
1223 817 1413 853 Gebehardo
1435 817 1670 853 Constantiensi
1690 820 1839 864 episcopo
1862 827 2008 854 constru-

565 877 649 901 ctum
674 868 740 912 suit7
769 870 838 901 454
860 881 888 902 a.
913 867 981 901 Sub
1008 868 1138 902 tuitione
1160 867 1252 901 Sedis
1270 868 1472 914 Apostolicac
1494 868 1676 914 suscipitur,
1695 870 1769 902 ibid.
1794 868 1959 915 Privilegia
1978 869 2006 903 ei

566 917 718 952 nonnulla
745 918 963 951 conceduntur
985 931 999 951 a
1026 916 1143 951 Ioanne
1166 916 1225 950 XV
1251 917 1324 958 PP.,
1347 919 1420 951 ibid.
1445 925 1475 951 ct
1498 919 1568 951 455
1597 930 1626 952 α.

467 965 626 1001 Guarinus
647 967 743 1001 abbas
764 967 945 1002 Lus-atensis
968 966 1038 1009 sibi,
1054 967 1183 1013 eiusque
1198 967 1436 1002 successoribus
1452 967 1500 1001 ius
1514 967 1635 1002 obtinet
1649 979 1664 1001 a
1679 967 1796 1002 Ioanne
1813 966 1918 1002 XVttl
1932 967 1996 1002 PP.

565 1017 595 1051 in
623 1026 755 1063 quatuor
782 1017 991 1056 monasteriis,
1020 1016 1177 1063 rebusque
1205 1017 1235 1051 in
1255 1017 1373 1052 eisdem
1398 1016 1628 1063 pcrtinentibus
1646 1017 1676 1051 in
1701 1025 1902 1065 perpetuum,
1929 1019 2001 1052 489

566 1080 585 1100 α
612 1077 641 1101 et
667 1079 725 1111 seq.

466 1114 640 1151 Guil‘redns
662 1118 830 1163 episi-opus
852 1115 1095 1149 Bisuldunensis
1116 1115 1277 1151 Ecclesiae
1300 1115 1513 1159 constituitur,
1536 1118 1606 1150 525
1629 1129 1647 1150 α
1670 1124 1701 1150 et
1722 1118 1750 1156 b,
1774 1128 1832 1150 nec
1854 1128 1916 1151 non
1941 1129 2001 1162 seq.

467 1164 656 1200 Gnillelmus
674 1171 680 1199 ἰ
699 1178 804 1199 coines
816 1166 1035 1199 Cebennensis
1051 1166 1260 1200 (Iltiiiiacense
1276 1166 1498 1199 monasterium
1515 1165 1604 1199 honis
1617 1165 1777 1200 nonnullis
1790 1166 1879 1208 (litat7
1894 1169 1963 1200 599
1975 1168 2002 1201 b.

467 1214 671 1249 Gunderarda
696 1216 850 1249 abbatissa
878 1215 911 1249 S.
935 1214 1047 1249 Crucis
1070 1228 1098 1248 iii
1116 1215 1253 1249 Werdea
1281 1216 1551 1249 confirmationem
1582 1215 1772 1250 fundationis
1807 1224 1836 1250 et
1870 1215 2006 1250 advoca-

565 1266 625 1299 tiae
649 1268 827 1299 monasterii
851 1266 910 1303 sni,
933 1277 990 1298 uec
1014 1277 1074 1298 non
1103 1265 1225 1299 decreta
1255 1266 1405 1299 nonnulia
1427 1265 1466 1299 ad
1490 1267 1557 1299 eius
1579 1266 1720 1311 regulam
1742 1272 1773 1299 et
1803 1264 2006 1300 stabilitatem

566 1314 683 1349 obtinet
706 1328 722 1349 a
745 1314 851 1349 Leone
874 1313 930 1357 IX,
954 1316 1024 1348 590
1046 1328 1065 1348 α
1087 1323 1117 1347 et
1138 1327 1197 1359 seq.

1218 1418 1263 1456 Η

468 1504 716 1551 Hamburgensis
742 1504 894 1546 Ecclesia,
916 1507 986 1540 279
1009 1517 1038 1539 α.
1062 1504 1353 1552 Archiepiscopalis
1374 1505 1518 1547 efficitur,
1533 1514 1563 1540 et
1579 1506 1647 1541 eius
1665 1506 1895 1554 archiepiscopi
1909 1507 2003 1554 legati

568 1555 707 1601 perpetui
731 1554 864 1588 Sanctae
881 1554 974 1589 Sedis
1000 1554 1081 1601 apud
1110 1555 1232 1593 Dauos,
1250 1554 1360 1588 Slavos
1381 1562 1439 1589 etc.
1462 1556 1660 1590 declarantur
1674 1568 1689 1590 a
1709 1556 1860 1603 Gregorio
1875 1556 1917 1591 IV
1928 1558 2005 1603 PP.,

566 1607 636 1638 279
651 1606 677 1638 b.
693 1603 913 1638 Subiiciuntur
928 1604 979 1638 eia
995 1603 1101 1638 Leone
1116 1604 1157 1637 IV
1170 1604 1232 1637 PP.
1249 1604 1426 1650 provinciae
1440 1605 1476 1637 ad
1489 1605 1579 1638 tidem
1590 1606 1804 1639 conversaeah
1816 1605 2004 1649 Hauseario,

568 1656 631 1688 291
654 1656 680 1687 b.
705 1652 943 1699 Archiepiscopi
971 1653 1038 1688 eius
1061 1653 1153 1699 pallio
1175 1653 1362 1687 decorantur
1383 1653 1422 1687 ab
1444 1654 1553 1688 eodeni
1578 1655 1735 1700 pontifice.
1755 1657 1826 1688 292
1842 1668 1871 1689 α.
1890 1655 2005 1691 Unitut·

567 1704 594 1737 ei
622 1702 761 1737 Ecclesia
793 1702 973 1736 Bremensis
995 1715 1009 1736 a
1033 1702 1161 1736 Nicolao
1184 1702 1195 1736 Ι
1220 1703 1295 1742 PP.,
1324 1706 1403 1737 504.
1435 1702 1512 1737 Eius
1541 1704 1699 1750 privilegia
1726 1705 1951 1739 confirmantur
1964 1706 2003 1741 ab

567 1752 677 1787 eodem
699 1752 855 1799 pontifice.
872 1754 944 1786 ibid.
962 1754 978 1786 b
994 1761 1021 1786 et
1036 1765 1094 1796 seq.
1114 1752 1148 1786 Ei
1164 1752 1327 1786 subiicitur
1350 1753 1573 1786 monasterium
1590 1752 1787 1793 Ramcsloae‚
1806 1756 1874 1788 508
1891 1757 1918 1789 b.
1934 1755 2004 1790 Hu—

571 1803 620 1836 ius
643 1802 804 1836 Ecclesiae
827 1802 966 1835 fundatio
988 1810 1017 1835 et
1040 1802 1152 1836 caeteri
1175 1814 1266 1836 casus
1293 1810 1469 1841 narrantur,
1492 1804 1568 1836 ibid.
1593 1804 1662 1837 509
1681 1812 1782 1847 etseq.

470 1852 647 1886 Hartwicus
667 1852 835 1897 episcopus
856 1851 1100 1897 Bamhergensis
1124 1851 1252 1897 pallium
1276 1851 1395 1886 obtinet
1415 1864 1431 1885 a
1457 1851 1561 1886 Leone
1582 1851 1641 1892 IX,
1662 1853 1730 1886 6⁹22
1758 1866 1798 1889 a..

470 1901 627 1935 Haeretici
658 1901 875 1946 resipiscentes
897 1900 1057 1947 quomodo
1080 1909 1153 1935 sunt
1177 1901 1215 1935 ab
1239 1901 1376 1935 Ecclesia
1397 1901 1580 1945 recipiendi,
1599 1904 1643 1936 49
1659 1914 1678 1936 α
1700 1911 1727 1936 et
1747 1903 1773 1935 b.
1791 1901 1907 1937 Eorum
1924 1915 2007 1939 erro-

568 1963 618 1985 res
632 1958 705 1984 sunt
727 1950 946 1984 manifestandi
975 1957 1008 1984 ut
1035 1950 1120 1984 vitari
1151 1950 1279 1996 possint,
1309 1953 1381 1985 ibid.
1405 1953 1433 1985 b.
1464 1951 1605 1985 Societas
1631 1964 1704 1986 vero
1739 1963 1847 1985 eorum
1883 1961 1929 1987 est
1955 1954 2006 1988 vi—

567 2000 671 2037 tanda,
701 2003 763 2033 157
786 2002 803 2033 b
825 2007 854 2033 et
889 2001 952 2034 192
980 2013 1009 2033 α.
1033 1999 1118 2033 Nihil
1142 2000 1257 2034 hahent
1280 2012 1447 2034 commune
1471 2013 1542 2034 cum
1562 2001 1716 2047 patribus,
1743 2002 1820 2034 ibid.
2035 2033 2038 2038 ,

471 2050 657 2085 Helenensis
683 2049 820 2083 Ecclesia
848 2049 918 2091 (iam
948 2049 1205 2093 Rossilionensis)
1235 2049 1354 2084 obtinet
1387 2061 1403 2083 a
1430 2049 1576 2084 Romano
1602 2050 1644 2084 ΙΙΙ
1675 2050 1738 2084 ΡΡ.
1773 2059 1805 2084 ut
1832 2050 1912 2086 bona
1940 2051 2007 2087 eius

570 2100 674 2133 omnia
696 2099 933 2142 confirmentur,
949 2098 1107 2145 liberaque
1129 2099 1169 2133 ob
1184 2099 1268 2133 omui
1282 2099 1510 2146 cuiuscumque
1528 2111 1680 2147 personae
1701 2100 1839 2135 molestia
1854 2100 1916 2135 sub
1928 2112 2006 2136 ana-

568 2148 714 2182 thematis
737 2160 832 2192 poena
856 2147 957 2181 sutura
981 2147 1202 2193 decernentur,
1226 2151 1294 2182 574
1323 2150 1340 2183 b
1367 2156 1398 2183 et
1418 2161 1478 2193 seq

472 2197 579 2232 Helias
606 2197 777 2244 patriarcha
818 2197 1031 2243 Aquileiensis
1061 2197 1182 2233 obtinet
1215 2210 1231 2232 a
1264 2198 1392 2245 Pelagio
1428 2198 1478 2240 ΙΙ,
1511 2205 1545 2233 ut
1576 2206 1713 2233 castrum
1752 2198 1916 2265 Gradense
1954 2199 2008 2235 fiat

571 2247 771 2282 Venetiarum
799 2254 830 2280 et
856 2246 962 2281 Istriae
986 2247 1179 2293 metropolis,
1210 2250 1278 2281 157
1301 2249 1318 2281 b
1345 2256 1375 2281 et
1399 2260 1459 2293 seq.

474 2296 674 2331 Helnonense
701 2296 923 2330 monasterium
946 2308 962 2330 a
989 2296 1146 2342 Sigibeito
1169 2309 1240 2343 rege
1263 2304 1491 2337 constructum
1511 2299 1581 2332 205
1604 2299 1631 2332 b.

475 2345 615 2380 Herense
643 2345 867 2380 monasterium
895 2345 1048 2379 bonorum
1072 2358 1106 2380 ae
1131 2347 1361 2392 'iritilegioruiii
1393 2358 1522 2381 suorum
1557 2347 1828 2384 confirmationem
1852 2349 1972 2385 obtinet
1992 2361 2009 2385 a

572 2395 687 2430 Ioanne
708 2394 779 2428 VIlI
802 2394 877 2435 PP.,
901 2397 969 2428 557
992 2407 1011 2429 α
1033 2405 1059 2429 ei
1083 2408 1142 2440 seq

474 2444 653 2479 Hermanus
667 2445 835 2491 epismpns
857 2443 1057 2478 Coloniensis
1079 2445 1204 2478 titulum
1221 2444 1339 2479 obtinet
1361 2457 1377 2479 a
1400 2445 1504 2480 Leone
1519 2445 1565 2479 lx
1586 2446 1648 2480 PP.
1672 2447 1897 2482 cancellariiS.
1913 2447 1952 2483 R.
1968 2448 2007 2483 E.

573 2507 642 2528 eum
666 2494 802 2528 Ecclesia
826 2493 859 2527 S.
883 2493 1008 2528 Ioannis
1025 2502 1096 2528 aute
1116 2494 1241 2529 Portam
1275 2494 1431 2534 Latinam
1455 2496 1525 2530 615
1548 2497 1575 2529 b.
1598 2495 1686 2531 Bona
1709 2497 1861 2532 nonnulla
1883 2498 2011 2545 largitur

591 2543 753 2578 Ecclesiae
774 2555 860 2583 suae,
877 2544 947 2577 616
973 2555 992 2577 a
1015 2551 1044 2576 et
1070 2556 1130 2588 seq.

476 2593 637 2627 Hermes
632 2605 755 2627 invasor
775 2592 934 2627 Ecclesiae
952 2591 1166 2627 Narbonensis
1188 2593 1373 2628 temerarius
1388 2593 1510 2629 invasor
1527 2594 1713 2640 declaratur,
1733 2599 1777 2630 82
1792 2609 1821 2631 α.
1838 2596 2007 2639 Quomodo

575 2655 645 2676 cnm
674 2654 710 2676 eo
733 2650 834 2675 netum
859 2642 908 2680 sit,
930 2643 1004 2675 ibid.
1028 2649 1056 2675 et
1080 2644 1106 2675 b.

476 2691 634 2727 Heroldus
651 2692 909 2739 archiepiscopus
930 2690 1182 2738 Salisburgcnsis
1204 2692 1373 2740 deponitur
1392 2699 1424 2727 et
1442 2694 1742 2735 excommunicatur,
1770 2697 1839 2729 414
1855 2697 1873 2730 b
1899 2703 1929 2731 et
1949 2708 2010 2742 seq.
