2237 3127
165 323 215 348 An.
244 323 272 350 (2.
294 322 346 348 ἴυζ’)

194 1689 246 1709 {sas
272 1688 316 1717 pall
329 1689 342 1709 i.

179 1882 208 1903 D«-
229 1882 344 1903 dunderim

162 1954 309 1978 ordinatione.

196 2045 315 2075 '‘:lliSFtt'lUS

163 2080 314 2103 Lundnnensis
335 2090 346 2104 a

165 2122 252 2150 propria
263 2119 346 2149 §tundo

164 2165 241 2178 vomer
247 2156 334 2178 raudus.

425 316 493 351 172

374 392 401 417 et
429 388 549 427 septem
576 386 606 412 et
631 375 752 411 diaconi
789 385 851 409 tres
888 374 981 408 nonis
1014 373 1120 420 aprilis

374 431 543 466 indictione
565 425 713 461 secunda.

372 488 440 518 Data
467 486 513 516 die
540 486 557 514 5
581 483 682 523 aprilis
699 492 775 512 anno
793 480 907 510 Domini
925 480 992 517 500,
1016 479 1118 518 pontif.

412 527 495 564 Greg.
513 533 589 555 anno
606 532 642 553 ix.

707 641 775 676 XV.

372 719 524 754 Concessio
542 717 637 762 pallii
657 716 829 760 Λιιῃιιεῑιήο
855 715 1026 758 ,inglorii-ii
1050 714 1118 757 epi-

422 780 511 812 scopo
532 769 586 812 qni
608 766 791 799 Britanniae
813 765 904 797 totius
922 765 1040 808 primus
1062 764 1118 796 in-

414 819 552 852 stimmo·
577 818 638 860 (l).

637 883 850 916 SUMMARIUM

370 950 445 981 Usus
471 949 564 989 pallii.
587 965 627 971 —
645 947 685 977 De
717 947 873 977 duodecim
908 945 1113 984 episcoporum

407 990 599 1020 ordinatione.
620 1004 661 1011 —
681 987 843 1027 Episcopus
866 985 1069 1015 Londonensis
1100 994 1114 1013 a

407 1030 524 1070 propria
557 1028 667 1068 synodo
690 1027 922 1057 consecrandus.
944 1042 985 1047 —
1005 1025 1114 1054 Metro-

408 1071 522 1109 policus
548 1069 642 1098 honor
670 1067 848 1097 Eboracensi
880 1066 1016 1104 episcopo
1052 1068 1115 1103 post

407 1107 649 1140 London.—De
680 1106 855 1146 aequalitate
888 1105 1008 1135 honoris
1040 1104 1116 1133 inter

408 1150 512 1179 harum
528 1148 725 1178 Ecclesiarum
750 1146 915 1185 episcopos.
932 1144 1024 1173 —De
1056 1144 1117 1182 pri-

407 1194 487 1219 matu
504 1188 633 1218 London.
646 1196 698 1227 per
712 1185 903 1215 Britanniam.

367 1255 595 1285 Reverendissimo
610 1253 695 1283 fratri
713 1252 862 1288 Augustino
881 1251 1034 1287 coepiscopo
1052 1249 1113 1277 Gre-

412 1301 504 1337 gorius
523 1306 617 1328 servus
637 1305 776 1327 servorum
794 1296 838 1325 Dei
859 1293 916 1335 (2).

417 1367 500 1402 Cum
521 1373 641 1400 certum
663 1363 704 1397 sit
731 1374 787 1408 pro
811 1360 1026 1406 omnipotente
1047 1358 1115 1392 Deo

368 1415 584 1452 laborantibus
605 1412 771 1448 incss'abilia
786 1410 903 1445 aeterni
920 1409 1007 1455 regni
1025 1420 1116 1455 prae-

370 1467 432 1502 mia
455 1464 621 1506 reservari3
655 1462 747 1497 nobis
769 1469 872 1495 tamen
907 1459 953 1493 eis
988 1469 1116 1492 necesse

371 1524 419 1551 est
438 1518 482 1560 (5)
502 1515 658 1549 honorum
685 1510 835 1546 beneficia
857 1508 1007 1551 tribuere,
1029 1515 1063 1541 ut
1085 1506 1114 1540 in

371 1564 520 1612 spiritalis
545 1563 650 1610 operis
676 1560 781 1595 studio
803 1571 841 1593 ex
863 1557 1115 1592 remuneratione

372 1615 494 1650 valeant
527 1611 733 1659 multiplicius
773 1608 929 1643 insudare.
968 1606 1007 1640 Et
1044 1606 1114 1653 quia

372 1676 452 1699 nova
472 1662 647 1708 Anglorum
669 1659 809 1695 Ecclesia
832 1657 868 1692 ad
892 1656 1116 1702 omnipotentis

371 1714 431 1749 Dei
456 1713 586 1759 gratiam
625 1709 737 1745 eodem
777 1707 913 1742 Domino
954 1705 1115 1751 largiente,

372 1772 402 1798 et
428 1771 456 1797 te
483 1761 644 1797 laborante
670 1758 821 1806 perducta
849 1765 907 1800 est,
934 1767 1026 1789 usum
1060 1754 1114 1788 tibi

373 1812 456 1860 pallii
484 1812 515 1846 in
542 1822 576 1845 ea
604 1809 642 1844 ad
671 1809 735 1843 sola
762 1808 929 1841 missarum
965 1804 1115 1839 solemnia

372 1861 491 1908 agenda
505 1859 721 1897 concedimus,
739 1858 780 1891 ita
794 1864 827 1891 ut
842 1868 897 1903 per
910 1855 977 1889 loca
995 1854 1116 1899 singula

317 1926 321 1938 ¹
373 1911 542 1946 duodecim
584 1908 751 1956 episcopos
777 1906 914 1945 ordines,
958 1903 1010 1951 qui
1046 1912 1116 1938 tuae

373 1960 482 1995 ditioni
503 1958 701 1994 subiaceant:
729 1963 885 2003 quatenus
910 1953 1116 1989 Londonien-

373 2011 416 2046 sis
437 2013 483 2055 (4)
504 2008 636 2044 civitatis
657 2007 826 2054 episcopus
847 2015 972 2050 semper
998 2003 1030 2037 in
1057 2015 1116 2049 po-

373 2068 490 2095 sterum
516 2070 533 2093 a
559 2056 679 2106 synodo
705 2056 830 2103 propria
856 2053 968 2089 debeat
1005 2064 1117 2087 conse—

373 2109 465 2150 crari,
483 2115 577 2155 atque
592 2107 722 2142 honoris
744 2104 870 2152 pallium
881 2103 920 2138 ab
932 2102 991 2137 hac
1010 2109 1116 2136 sancta

372 2166 403 2193 et
428 2157 599 2206 apostolica
615 2183 623 2197 ,
649 2155 700 2191 cui
727 2163 852 2190 auctore
874 2153 941 2187 Deo
962 2151 1116 2196 deservio,

373 2208 446 2243 sede
469 2206 628 2255 percipiat.
651 2205 699 2239 Ad
721 2205 894 2240 Eboracam
918 2205 961 2247 (5)
982 2213 1055 2236 vero
1076 2201 1118 2236 ci-

375 2258 498 2292 vitatem
519 2264 551 2291 te
576 2254 721 2289 volumus
757 2253 940 2300 episcopum
981 2251 1116 2294 mittere,

373 2319 467 2354 quem
489 2306 557 2353 ipse
578 2303 764 2338 indicaveris
777 2301 1007 2341 ordinandum3
1030 2301 1071 2335 ita
1084 2309 1117 2335 ut

374 2358 399 2391 si
416 2355 526 2391 eadem
542 2354 730 2389 civitascum
744 2351 884 2386 finitimis
896 2351 973 2386 locis
987 2350 1116 2385 verbum

374 2406 431 2441 Dei
470 2403 635 2451 receperit,
674 2402 741 2449 ipse
781 2413 908 2448 quoque
948 2399 1115 2435 duodecim

375 2456 539 2503 episcopos
553 2453 686 2497 ordinet,
699 2459 733 2486 ut
746 2450 976 2497 metropolitani
999 2450 1117 2484 honore

377 2505 568 2552 perfruatur:
591 2502 663 2550 quia
685 2501 711 2536 ei
733 2512 859 2548 quoque
882 2500 906 2534 si
930 2500 991 2534 vita
1012 2511 1118 2534 comes

378 2555 480 2595 suerit,
502 2552 631 2601 pallium
663 2550 799 2585 tribuere
826 2548 963 2583 Domino
997 2549 1118 2584 favente

410 2624 450 2660 (1)
465 2622 564 2659 Regist.
583 2621 628 2650 lib.
645 2630 685 2653 xi,
702 2621 751 2656 Ep.
768 2628 833 2647 va.
872 2620 910 2654 (2)
933 2619 1000 2646 Beda
1024 2619 1069 2645 lib.
1093 2619 1117 2651 1,

377 2669 443 2695 ttist.
460 2667 572 2694 Echc.
594 2666 639 2694 29.
678 2666 717 2701 (5)
746 2664 788 2692 Al.
816 2666 960 2691 Bonorum.
1008 2664 1048 2701 (lt)
1076 2663 1117 2691 ΑΙ.

378 2713 560 2738 Lorutonensis.
612 2709 651 2747 (tii
668 2709 709 2737 At.
731 2710 900 2736 Eburachcm

971 316 1161 342 nmirkrtu‘tffl
1179 318 1343 342 nonnum

1163 372 1370 420 disponimus,
1393 384 1485 420 quem
1498 380 1601 406 tamen
1620 379 1691 406 tuac
1706 371 1905 407 fraternitatis

1164 422 1308 457 volumus
1329 422 1527 469 dispositioni
1555 421 1728 455 subiacere.
1750 421 1825 455 Post
1844 422 1905 455 ohi-

1163 479 1227 506 tum
1250 484 1321 506 vero
1345 480 1431 506 tuum
1460 472 1498 505 ita
1526 470 1696 517 episcopis,
1718 483 1797 517 quos
1819 471 1906 505 ordi·
1942 484 1999 496 ww*
2019 486 2022 494 ¹
2068 484 2087 496 «¹
2112 484 2124 496 0

1943 516 1989 540 pwt
2010 511 2107 534 laundun.

1162 521 1290 562 naverit,
1314 521 1440 568 praesit,
1463 528 1496 554 ut
1517 519 1748 554 Londoniensis
1766 520 1906 567 episcopi

1162 570 1248 605 nullo
1286 571 1380 605 modo
1412 569 1523 604 ditioni
1565 568 1734 603 subiaceat.
1758 568 1807 604 Sit
1832 582 1906 604 vero

1160 619 1242 654 inter
1271 619 1477 660 Londoniae,
1513 625 1543 653 ct
1574 618 1735 653 Eboraeae
1773 617 1906 653 civitatis

1160 669 1325 716 episcopos
1351 669 1382 703 in
1412 676 1571 715 posterum
1599 668 1728 702 honoris
1762 667 1819 702 ista
1849 667 1906 702 di-

1160 719 1296 760 stinctio,
1320 726 1353 752 ut
1375 719 1441 765 ipse
1464 717 1550 763 prior
1563 716 1725 758 habeatur,
1748 717 1801 764 qui
1818 717 1905 763 prius

1161 767 1252 802 suerit
1265 767 1435 802 ordinatus.
1453 766 1623 802 Communi
1642 774 1745 801 autem
1761 767 1904 809 consilio,

1159 824 1190 851 et
1221 816 1367 852 concordi
1405 817 1527 852 actione
1559 828 1776 863 quaecumque
1809 824 1901 851 erunt

1160 879 1214 913 pro
1237 866 1354 901 Christi
1381 866 1447 901 zelo
1473 865 1594 911 agenda
1617 865 1797 912 disponant,
1825 878 1904 900 una-

1158 966 1267 1006 serint,
1282 977 1344 999 non
1367 964 1712 1011 sibimetdiscrepando
1729 964 1901 1011 perficiant.

1206 1015 1272 1049 Tua
1304 1027 1378 1049 vero
1405 1014 1580 1049 fraternitas
1611 1026 1674 1048 non
1705 1014 1807 1048 solum
1834 1014 1905 1061 epi-

1157 1076 1281 1111 scopos,
1306 1076 1385 1111 quos
1403 1063 1607 1105 ordinaverit,
1630 1076 1733 1110 neque
1759 1075 1813 1098 eos
1834 1070 1905 1098 tan-
1953 1078 1986 1113 3⁰⁰

1158 1113 1338 1156 tunimodo,
1365 1114 1418 1161 qui
1444 1126 1499 1160 per
1520 1113 1753 1148 Eboracensem
1780 1112 1905 1160 episco-
1952 1113 1976 1125 '¹¹

1158 1175 1232 1208 pum
1256 1163 1370 1197 inerint
1400 1163 1554 1207 ordinati,
1589 1162 1642 1197 sed
1677 1162 1770 1197 etiam
1793 1174 1904 1197 omnes

1157 1211 1337 1246 Britanniae
1352 1212 1531 1247 sacerdotes
1545 1211 1668 1254 habeat,
1681 1212 1818 1246 Domino
1837 1211 1904 1246 Deo

1158 1269 1265 1295 nostro
1294 1269 1443 1302 auctore,
1477 1261 1648 1296 subiectos:
1685 1268 1839 1307 quatenus
1866 1273 1904 1295 ex

1158 1310 1264 1355 lingua
1287 1317 1318 1344 et
1340 1310 1401 1344 vita
1431 1318 1503 1345 tuae
1537 1310 1729 1351 sanctitatis,
1766 1317 1797 1344 et
1819 1317 1902 1345 recte

1157 1359 1304 1394 credendi
1328 1367 1357 1393 et
1379 1359 1458 1394 bene
1485 1359 1607 1394 vivendi
1635 1359 1767 1393 formam
1796 1359 1905 1406 perci-

1158 1408 1257 1455 piant,
1289 1416 1383 1455 atque
1404 1409 1544 1444 osticium
1566 1421 1657 1443 suum
1682 1408 1742 1443 tide
1763 1421 1800 1443 ac
1827 1421 1904 1443 mo—

1158 1458 1244 1492 ribus
1270 1466 1473 1505 exequentes,
1505 1458 1542 1493 ad
1565 1458 1708 1493 coelestia
1731 1470 1804 1493 cum
1831 1458 1904 1493 Do—

1158 1507 1263 1541 minus
1276 1507 1417 1552 voluerit,
1432 1519 1527 1553 regna
1545 1507 1724 1554 pertingant
1738 1511 1794 1551 (t).
1817 1506 1904 1542 Deus

1157 1556 1398 1591 teincolumem
1432 1557 1609 1597 custodiat,
1644 1556 1904 1592 reverendissime

1158 1605 1260 1640 frater.
1288 1605 1366 1640 Data
1388 1605 1439 1641 die
1463 1606 1584 1641 decima
1607 1605 1811 1640 kalendarum
1847 1606 1904 1641 iu-

1159 1655 1281 1692 liarum,
1310 1655 1483 1701 imperante
1517 1655 1646 1690 domino
1673 1663 1780 1690 nostro
1813 1655 1904 1690 Mau-

1158 1704 1235 1739 ricio
1269 1703 1417 1746 Tiberio,
1444 1705 1584 1752 piissimo
1605 1704 1749 1751 Augusto
1771 1717 1821 1739 an.
1846 1707 1903 1746 19,

1159 1762 1227 1799 post
1248 1754 1444 1788 consulatum
1461 1754 1603 1789 eiusdem
1624 1754 1744 1789 domini
1765 1766 1815 1788 an.
1845 1757 1902 1794 18,

1157 1803 1266 1837 indict.
1294 1815 1338 1837 lv.

1157 1859 1225 1889 Data
1249 1860 1294 1889 die
1310 1859 1348 1889 ⁶2⁰2
1370 1859 1435 1889 iulii
1453 1869 1529 1889 anno
1550 1859 1665 1890 Domini
1683 1860 1751 1897 601,
1772 1860 1905 1899 Gregorii

1196 1900 1300 1940 pontis.
1319 1909 1396 1929 anno
1413 1908 1452 1930 xi.

1489 2005 1575 2041 XVI.

1218 2078 1421 2123 Privileyiurn
1458 2078 1648 2111 Xenodochz'i
1678 2079 1839 2123 Augusto-

1415 2128 1557 2162 dunensis
1587 2128 1644 2171 (2).

1428 2197 1642 2228 SUMMARIUM

1160 2261 1185 2290 1.
1201 2259 1390 2291 Prooemium.
1408 2277 1449 2282 —
1462 2259 1680 2290 Xenodochium
1693 2269 1708 2289 a
1719 2259 1832 2298 Siagrio
1844 2260 1907 2299 epi-

1200 2310 1287 2339 scopo
1304 2299 1532 2330 etBrunichilde
1551 2300 1652 2338 regina
1670 2300 1700 2329 in
1716 2300 1832 2329 civitate
1847 2300 1908 2329 Au-

1198 2340 1410 2379 gustodunensi
1432 2344 1642 2370 constructum.
1666 2356 1707 2362 —
1733 2339 1906 2370 immunitas

1198 2380 1330 2409 eiusdem
1349 2390 1363 2409 a
1388 2380 1517 2419 qualibet
1535 2380 1678 2416 molestia⁷
1695 2379 1737 2416 vi,
1751 2383 1806 2409 etc.
1822 2396 1863 2402 —-
1878 2379 1906 2408 ⁶2.

1198 2420 1298 2450 Abbas
1315 2429 1329 2449 a
1348 2429 1417 2457 rege
1432 2420 1467 2449 de
1479 2420 1689 2449 monachorum
1702 2419 1908 2457 gremio‘prae-

1198 2460 1244 2489 vio
1260 2460 1430 2489 eorumdem
1442 2469 1588 2489 consensu
1601 2458 1908 2497 eligendus—&Ni-

1199 2500 1241 2529 hil
1260 2499 1416 2538 petendum
1439 2499 1474 2529 ab
1493 2499 1598 2529 abbate
1625 2508 1676 2538 pro
1699 2499 1762 2528 eins
1788 2499 1908 2528 ordina—

1199 2540 1287 2570 tione.
1301 2556 1341 2561 —
1356 2539 1384 2569 st.
1403 2539 1500 2569 Abbas
1516 2540 1573 2569 nisi
1589 2548 1677 2569 causa
1696 2538 1830 2568 criminis
1848 2548 1905 2568 non

1200 2580 1400 2619 deponendus.
1417 2595 1457 2601 —
1474 2579 1560 2609 Latae
1588 2579 1623 2609 dc
1648 2587 1682 2608 co
1708 2578 1846 2617 querelae
1871 2577 1907 2608 ab

1199 2619 1460 2657 Augustodunensi
1470 2620 1618 2659 episcopo,
1630 2618 1769 2648 adhibitis
1779 2628 1827 2648 sex
1840 2617 1906 2648 aliis

1163 2672 1235 2735 Ε(Ι)
1252 2673 1279 2698 ln
1305 2671 1437 2708 aliquibus
1461 2672 1542 2699 deest.
1582 2672 1620 2708 (⁹2)
1646 2671 1744 2707 Regist.
1773 2671 1817 2697 tib.
1844 2678 1906 2703 xm,

1172 2716 1211 2744 ·p.
1229 2715 1288 2736 vm.

1943 316 1993 342 An.
2012 316 2030 342 C
2071 315 2081 341 ἶ

1965 405 1992 425 it.
2002 405 2123 433 [repulit-us

1978 449 2010 461 int*
2038 441 2124 462 [tun-:i-

1965 835 1973 845 .·
1995 826 2126 856 aequalitate

1951 873 1961 883 ιι
1973 870 2006 883 nni
2015 864 2031 883 is
2069 863 2125 884 inter

1943 898 2016 920 ΙἈΗΓΗΙΙῙ
2039 899 2125 921 ursit*-

1158 916 1285 950 nimiter
1316 923 1399 950 recta
1427 916 1579 956 sentiant3
1601 923 1632 949 et
1657 926 1692 949 ea
1718 927 1798 962 quae
1824 926 1904 950 sen-
1942 935 2021 955 mm„
2061 943 2113 957 „m
