2237 3127
75 331 127 359 An.
153 331 181 359 C.
207 331 259 359 48⁹2

105 555 257 578 anathemati-

124 595 192 613 latur.

915 335 939 357 ς.
968 335 1065 357 ΡΕΗΧ
1089 335 1124 357 ΙΙΙ
1154 334 1203 357 ΡΡ-

288 388 424 429 tliolica,
457 395 488 424 et
521 388 745 424 communione
778 387 905 435 gloriosi
943 389 1038 423 nostri

287 438 441 485 principis
462 438 560 481 Petri,
583 438 636 484 qui
660 438 761 472 claves
777 438 864 480 regui
878 437 1038 471 coelorum

285 499 301 521 a
330 495 436 522 nostro
452 487 611 522 Salvatorc
628 487 776 534 percepit.
805 487 865 528 Qui
888 498 963 530 crgo
986 499 1040 521 vo-

285 536 402 571 luerint
417 549 485 571 esse
500 537 786 571 communicatores
801 535 956 582 Apostoli,
971 536 1040 570 eius

285 598 413 632 quoque
434 586 607 620 docti-inani
631 593 804 632 sequantur
819 613 826 625 ,
849 584 986 619 dicendo
1009 592 1039 619 et

286 635 445 669 credendo
456 635 615 669 Christum
630 642 757 681 propter
768 646 826 668 nos
839 633 1037 676 crucifixum,

285 696 387 731 neque
420 697 492 718 eum
528 683 683 729 negando,
715 683 796 717 sicut
828 682 953 727 Petrus,
983 683 1036 729 qui

285 745 386 777 nuper
419 733 586 767 damnatus
618 740 664 766 est
695 744 731 766 eo
766 731 850 778 quod
880 743 973 777 prave
1007 739 1038 765 et

284 782 400 817 nefarie
422 782 450 816 in
475 782 592 829 hymno
615 781 764 826 trisagion
788 780 910 815 noviter
936 779 1037 814 intro-

282 831 382 871 duxit,
419 831 471 877 qui
510 830 695 865 crucifixum
727 837 774 863 est
811 837 940 876 propter
967 841 1036 873 nos,

281 880 419 914 scientes
445 880 516 926 quia
549 891 610 913 nou
638 878 823 913 Trinitatem
852 877 1036 912 crucifixam

280 928 319 963 ab
352 929 502 974 apostolis
539 928 721 973 accepistis,
756 939 858 974 neque
897 927 1034 968 Patrem,

282 989 384 1024 neque
418 977 572 1023 Spiritum
610 977 775 1017 Sanctum,
813 976 871 1010 nisi
907 988 1034 1010 carnem

279 1026 412 1063 Christi,
435 1026 533 1060 filium
557 1026 613 1060 Dei
639 1026 833 1071 unigenitum
854 1025 955 1059 solum
976 1028 1033 1068 (a).

280 1075 376 1121 lgitur
398 1075 495 1121 fugite
517 1075 556 1110 ab
579 1075 673 1109 huius
696 1074 922 1109 communione
935 1075 1035 1109 sacri—

280 1125 360 1169 lega,
384 1133 414 1159 et
440 1137 494 1159 ero
517 1132 619 1159 vester
639 1124 757 1167 socius,
779 1131 873 1170 atquc
888 1136 1035 1158 commu-

279 1174 409 1215 nicator,
431 1182 463 1208 et
491 1186 544 1208 vos
567 1185 694 1221 quoque
718 1173 791 1214 mei,
815 1180 901 1220 peste
926 1173 1033 1208 dolosa

277 1236 293 1258 a
318 1232 417 1258 vestra
446 1223 632 1258 rectitudine
663 1223 771 1270 procul
799 1223 949 1269 expulsa;
977 1236 1034 1257 cu-

277 1273 393 1308 stodite
420 1272 538 1308 Christi
562 1272 723 1320 discipuli,
757 1272 818 1306 inci
847 1280 950 1306 autem
980 1272 1033 1307 filii

278 1322 473 1366 traditiones,
506 1334 584 1370 quas
618 1322 715 1357 sacris
737 1321 953 1356 voluminibus
974 1334 1034 1357 ac-

276 1371 407 1419 cepistis
427 1374 484 1417 (1).

608 1449 708 1457 -———-

512 1514 547 1563 S.
586 1514 714 1563 FELlX
750 1515 794 1563 l'll

590 1596 680 1626 PAPA
706 1596 726 1626 L

279 1665 374 1699 Anno
395 1675 485 1698 aerae
509 1663 625 1697 Christi
647 1675 755 1697 comm.
780 1663 1029 1698 CDLXXXIII.

277 1728 380 1804 Felix
407 1769 537 1814 tertius,
570 1769 698 1805 natione
736 1783 905 1814 romanus,
948 1771 1031 1806 fitius

276 1818 389 1854 Felicis
405 1819 577 1867 presbyteri
593 1819 632 1854 de
654 1819 744 1854 titulo
772 1819 944 1860 Fasciolae,
963 1820 1029 1855 cle-

275 1875 344 1903 ctus
357 1877 387 1903 et
402 1868 565 1903 ordinatus
575 1868 631 1903 suit
647 1869 785 1915 pontifex
804 1870 963 1904 maximus
978 1869 1029 1904 die

275 1918 435 1952 dominica
458 1922 477 1952 6
496 1918 596 1952 martii
614 1930 696 1952 anno
720 1920 802 1959 485,
826 1919 906 1953 sedit
929 1931 1028 1954 annos

275 1979 349 2008 vni,
383 1979 482 2001 meus.
511 1979 565 2011 xi,
598 1967 665 2002 dies
693 1980 778 2002 xvm
806 1968 865 2002 sul)
898 1968 1027 2003 Zenone

275 2015 359 2063 Aug.
381 2016 569 2051 ctOdoacre
592 2029 676 2062 rege,
699 2029 714 2050 a
731 2018 894 2051 consulatu
918 2017 1025 2052 Fausti

276 2065 314 2100 ad
339 2065 497 2101 Olibrium
521 2066 587 2100 iun.
610 2066 786 2100 consulem.
813 2066 945 2101 Duabus
974 2079 1028 2102 or-

274 2114 490 2150 dinationibus
523 2116 638 2150 creavit
666 2115 867 2162 presbyteros
894 2128 1026 2160 xxvm,

274 2164 427 2199 diaconos
459 2176 498 2205 V,
525 2164 692 2211 episcopos
720 2177 774 2210 per
802 2165 924 2200 diversa
958 2166 1025 2200 loca

273 2227 371 2248 xxxi.
407 2213 494 2248 Obiit
516 2213 546 2248 in
566 2214 675 2249 osculo
691 2213 807 2248 Christi
826 2215 876 2249 dic
892 2216 937 2249 25
974 2215 1025 2249 se—

273 2262 392 2297 bruarii
415 2276 499 2298 anuo
518 2265 602 2304 49⁶2,
625 2272 655 2298 et
681 2263 825 2310 sepultus
847 2272 893 2298 cst
917 2264 945 2298 in
971 2264 1025 2298 lia-

272 2312 360 2347 silica
399 2312 435 2347 B.
471 2312 556 2347 Petri
593 2313 736 2360 apostoli.
771 2312 902 2348 Vacavit
934 2314 1026 2349 sedes

272 2361 340 2396 dies
362 2374 413 2396 ιιι.

308 2452 348 2487 (τι)
366 2452 459 2479 Mattli.
480 2453 521 2479 16,
567 2452 607 2488 (ί)
627 2453 721 2480 Petrus
736 2453 811 2481 Fullo
830 2454 970 2482 damnatus
985 2460 1025 2481 est

272 2487 297 2515 in
318 2488 435 2523 Synodis
451 2489 739 2523 constantinopolitana
757 2495 782 2516 ct
802 2490 927 2517 Romana:
949 2491 1026 2524 cique

271 2523 449 2550 damnatoriis
464 2532 527 2550 suae
543 2524 701 2550 sententiam
716 2533 808 2559 graece
827 2526 932 2560 scripsit
952 2527 1024 2552 Sim-

272 2558 366 2592 plicius
382 2559 431 2585 Pr.
453 2567 532 2594 quam
549 2559 589 2585 hic
605 2559 683 2586 latine
701 2560 852 2586 translatam
869 2569 901 2587 cx
920 2565 1025 2588 vetusto

271 2593 368 2620 Codice
387 2594 515 2621 Vaticano
533 2602 546 2620 a
564 2594 687 2621 cardinali
705 2594 794 2621 Carasa
813 2596 840 2621 S.
863 2596 893 2622 R.
921 2597 950 2622 E.
979 2597 1023 2623 Bi-

272 2628 455 2662 bliothecario,
473 2630 518 2664 qui
535 2633 622 2656 tamen
634 2638 691 2656 eam
703 2631 779 2657 Felici
802 2631 835 2656 ΙΙΙ
854 2632 901 2657 l’P.
922 2632 1024 2663 tribuit,

271 2665 456 2699 transcriptam
468 2665 651 2701 impressimus
662 2671 687 2691 et
700 2666 771 2693 iuxta
781 2666 955 2694 Baronianam
971 2667 1025 2694 Cri-

270 2699 349 2726 ticam
368 2699 503 2737 Simplicio
521 2700 696 2728 restituimus.

1742 326 1781 358 94

1447 387 1471 423 Ι.

1082 463 1210 496 Aeacius
1223 475 1345 496 numere
1358 464 1546 497 sacerdotali
1561 471 1587 497 et
1601 464 1737 509 fidelium
1751 476 1835 498 com-

1131 513 1277 546 munione
1293 513 1441 556 privatur
1469 515 1532 555 (l).

1350 592 1565 623 Stniititnlt‘it

1081 656 1175 686 Acatii
1188 656 1474 687 delicta.--Acatius
1487 658 1560 687 Petri
1578 658 1709 688 Fullonis
1727 659 1844 689 fautor.¹

1119 713 1159 718 —
1180 696 1461 735 Aprocrisiarioruiu
1479 699 1558 727 sedis
1574 699 1750 737 apostolicae
1764 709 1831 728 ror—

1120 740 1230 774 ruptor.
1257 752 1297 758 —-—
1326 736 1417 766 Acatii
1441 738 1696 768 anathematizatio
1725 744 1753 768 et
1778 740 1831 768 de-

1120 776 1237 813 positio.
1842 793 1845 826 ι

1078 847 1177 877 Felix
1208 849 1388 887 episcopus
1418 854 1554 880 sanctae
1581 851 1755 882 Ecclesiae
1782 863 1831 882 ca-

1118 892 1263 922 tholicae
1285 894 1381 922 urbis
1396 893 1538 930 Romae,
1558 895 1689 925 Acatio.

1126 965 1294 1000 Multarum
1308 968 1593 1014 transgressionum
1609 970 1755 1015 reperiris
1771 970 1829 1004 ob-

1077 1015 1207 1056 noxius,
1230 1023 1261 1049 et
1283 1016 1312 1050 in
1333 1017 1523 1051 venerabilis
1545 1018 1671 1052 concilii
1695 1020 1825 1053 Nicaeni

1076 1064 1267 1099 contumelia
1283 1078 1377 1112 saepe
1396 1074 1554 1110 versatus,
1576 1067 1750 1102 alienarum
1770 1068 1826 1102 tibi

1078 1113 1310 1157 provinciarum
1342 1115 1408 1150 iura
1447 1117 1610 1151 temerarie
1650 1117 1826 1152 vindicasti.

1076 1162 1259 1197 Haereticos
1292 1176 1490 1210 pervasores,
1523 1173 1617 1212 atque
1643 1167 1682 1200 ab
1710 1167 1827 1201 haere—-

1076 1211 1145 1245 licis
1163 1212 1339 1253 ordinatos,
1362 1222 1393 1248 et
1414 1227 1494 1261 quos
1517 1214 1584 1261 ipse
1608 1215 1825 1260 damnaveras,

1076 1268 1168 1307 atque
1195 1261 1234 1295 ab
1261 1263 1431 1309 apostoliea
1461 1264 1600 1298 institisti
1630 1265 1706 1300 sede
1733 1266 1824 1299 darn-

1076 1311 1159 1350 nari,
1183 1323 1244 1345 uon
1274 1312 1367 1346 modo
1394 1313 1612 1348 communioni
1640 1322 1709 1349 tuae
1745 1316 1826 1349 reci-

1076 1359 1208 1404 piendos
1235 1362 1362 1407 putasti,
1388 1374 1495 1396 verum
1516 1363 1609 1397 etiam
1629 1363 1699 1398 aliis
1712 1364 1824 1399 Eccle-

1074 1408 1146 1451 siis,
1170 1410 1253 1456 quod
1278 1422 1336 1444 nec
1358 1410 1397 1445 de
1419 1412 1584 1446 catholicis
1607 1413 1670 1446 sieri
1692 1421 1825 1460 poterat,

1076 1458 1254 1504 praesidere
1282 1459 1402 1500 fecisti;
1429 1468 1482 1495 aut
1508 1461 1600 1495 etiam
1628 1461 1823 1506 honoribus,

1073 1519 1153 1552 quos
1190 1520 1250 1542 non
1280 1509 1499 1550 merebantur,
1525 1511 1649 1545 auxisti.
1679 1512 1825 1546 Testatur

1073 1556 1132 1591 hoc
1154 1556 1304 1602 loannes,
1327 1570 1420 1604 quem
1445 1571 1460 1594 a
1487 1559 1652 1594 catholicis
1676 1560 1824 1606 Apamea]

1073 1618 1134 1640 non
1164 1614 1342 1653 receptum,
1365 1608 1556 1655 pulsumque
1582 1609 1621 1644 de
1642 1610 1821 1652 Antiochia,

1071 1655 1173 1702 Tyriis
1200 1656 1393 1702 praefecisti:
1422 1665 1452 1692 ct
1479 1658 1652 1693 Humerius
1679 1667 1754 1693 tuuc
1781 1659 1820 1693 de

1072 1705 1219 1739 diaconio
1254 1705 1414 1749 deiectus,
1447 1714 1540 1754 atque
1567 1708 1728 1742 christiani
1757 1720 1822 1742 no-

1072 1754 1165 1788 minis
1184 1755 1394 1801 appellatione
1414 1756 1568 1803 privatus,
1591 1769 1607 1791 a
1626 1765 1655 1791 te
1677 1758 1768 1791 etiam
1789 1758 1819 1797 in

1072 1804 1256 1851 presbyterii
1286 1815 1454 1851 provectus
1480 1806 1630 1841 osticium.
1658 1806 1698 1840 Et
1731 1807 1819 1853 quasi

1071 1852 1147 1886 haec
1183 1854 1298 1887 maiora
1335 1854 1389 1888 tibi
1426 1855 1624 1897 viderentur,
1655 1855 1685 1889 in
1718 1855 1818 1903 ipsam

1070 1901 1232 1937 doctrinae
1255 1903 1444 1950 apostolicae
1468 1905 1627 1939 veritatem
1651 1917 1742 1939 causa
1765 1918 1819 1939 su-

1072 1951 1197 1996 perbiae
1226 1960 1296 1986 tuae
1330 1953 1502 1988 tetendisti:
1527 1962 1559 1988 ut
1584 1954 1693 1988 Petrus
1721 1966 1815 2001 quem

1069 2000 1250 2035 damnatum
1274 2014 1288 2036 a
1312 2010 1439 2036 sanctae
1462 2004 1632 2038 memoriae
1654 2003 1819 2038 decessore

1069 2061 1139 2083 meo
1157 2050 1223 2097 ipse
1239 2051 1401 2092 retuleras,
1416 2052 1496 2086 sicut
1517 2060 1670 2087 testantur
1685 2064 1818 2097 annexa,

1068 2098 1149 2133 beati
1180 2100 1390 2146 evangelistae
1413 2101 1507 2136 Marci
1531 2101 1654 2141 sedem,
1677 2109 1707 2136 te
1739 2114 1817 2136 con-

1069 2147 1211 2188 nivente,
1236 2161 1343 2184 rursus
1372 2150 1548 2191 invaderet,
1576 2159 1607 2185 et
1634 2150 1746 2197 sugatis
1767 2163 1820 2185 or-

1068 2197 1215 2232 thodoxis
1241 2199 1416 2246 episcopis,
1438 2206 1467 2233 et
1490 2200 1631 2240 clericis,
1645 2200 1692 2234 sui
1710 2200 1817 2247 procul

1067 2246 1163 2281 dubio
1182 2247 1301 2282 similes
1320 2248 1495 2290 ordinaret3
1519 2249 1672 2296 pulsoque
1694 2261 1743 2294 eo,
1761 2249 1814 2296 qui

1068 2296 1132 2330 illic
1154 2296 1254 2330 suerat
1281 2297 1464 2339 regulariter
1491 2298 1696 2339 constitutus,
1718 2299 1820 2346 capti-

1067 2357 1135 2379 vam
1165 2354 1285 2380 teneret
1311 2347 1497 2382 Ecclesiam.
1525 2347 1627 2382 Cuius
1657 2347 1711 2381 tibi
1740 2348 1818 2382 adeo

1066 2402 1150 2440 grata
1168 2407 1298 2440 persona
1314 2404 1372 2440 est,
1394 2405 1424 2430 et
1439 2397 1572 2431 ministri
1596 2397 1664 2431 eius
1682 2397 1817 2443 accepti,

1068 2451 1101 2477 ut
1127 2444 1295 2491 episcopos
1315 2454 1345 2479 et
1367 2446 1499 2481 clericos
1527 2446 1680 2493 plurimos
1702 2446 1818 2480 ortho-

1067 2493 1168 2527 doxos
1204 2506 1289 2528 nunc
1315 2494 1624 2542 Constantinopolim
1652 2495 1818 2530 venientes

1066 2542 1224 2588 detegaris
1258 2544 1416 2590 affligere,
1449 2552 1479 2578 et
1507 2544 1727 2591 apocrisiarios
1748 2544 1818 2579 eius

1067 2592 1251 2633 coufovere,
1274 2600 1367 2639 atque
1389 2594 1704 2628 anathematizantem
1727 2606 1819 2628 eum-

1067 2640 1137 2674 dem
1161 2641 1290 2676 Petrum
1310 2642 1580 2677 Chalcedonensis
1602 2642 1728 2678 decreta
1747 2654 1820 2678 con-

1103 2701 1142 2737 (1)
1162 2703 1200 2729 Ex
1219 2702 1360 2730 Cresconio
1376 2702 1449 2729 card.
1470 2703 1572 2731 Carasa.

1863 322 1916 349 An.
1942 321 1971 349 C.
1994 322 2045 349 484

1859 980 1930 1002 Acuti!
1949 981 1961 1002 (Ι
1979 981 2041 1003 licto.

1871 1971 1961 1993 Acutius
1981 1973 2038 1993 l'ctri

1855 2007 1954 2029 Fidi->uis

1987 2008 2038 2030 fau-
