2237 3127
193 324 245 352 An.
268 323 296 352 C.
324 324 376 353 463

450 325 494 360 8ss

399 390 555 440 oportebit
577 388 655 430 fieri,
677 387 702 424 si
725 387 808 423 ullus
821 399 960 434 unquam
976 393 1045 432 post
1059 397 1144 428 cum,

400 454 494 489 quem
516 452 600 474 nunc
634 439 760 472 caritate
793 436 1004 482 corripimus,
1040 442 1070 469 et
1103 434 1146 468 ul-

400 491 496 525 terius
530 489 568 523 ab
595 487 709 521 illicitis
742 485 932 521 confidimus
966 484 1145 524 abstinere,

401 536 662 586 praesumptionis
702 536 796 570 liuius
834 535 970 568 imitator
996 533 1143 567 extiterit.

305 593 362 613 ”vm
451 590 482 621 5.
504 587 550 620 De
583 586 642 619 lioc
673 596 772 628 saue,
807 584 860 630 qui
899 583 972 617 licet
1007 582 1145 616 indebite

306 627 375 683 02}ss
402 635 578 670 Oeensibus
604 634 805 680 cognoscitur
831 632 1019 676 ordinatus,
1054 632 1146 666 iusti-

309 704 356 722 «κω,
402 686 461 719 tiae
495 685 615 718 ratione
642 683 843 726 censuimus,
872 689 903 715 ut
937 680 1146 715 sacerdotium

321 737 374 754 ‘'³'‘
401 734 469 769 cius
496 733 596 767 fratris
623 741 654 766 et
688 731 864 778 coepiscopi
899 730 996 765 nostri
1024 730 1146 764 Leontii

323 779 374 825 ’νζ
401 783 604 818 confirmetur
638 781 789 824 arbitrio,
816 793 833 814 a
865 792 928 827 quo
957 780 1011 814 rite
1039 779 1147 814 debuit

402 831 589 867 consecrari.
622 830 708 865 Deus
742 842 796 864 vos
830 828 1009 871 custodiat,
1037 828 1145 863 fratres

402 881 576 921 carissimi,
603 892 677 914 aevo
704 879 856 923 longiore.
882 878 960 914 Data
984 886 1071 912 sexto
1094 877 1149 912 lia-

402 930 511 965 lendas
530 929 674 969 martias,
696 928 732 962 P.
756 928 791 963 C,
822 928 927 962 Basilii
949 927 987 961 V.
1011 927 1059 962 Cl.
1083 940 1146 961 cos.

403 987 463 1016 Dat.
487 986 533 1015 die
556 985 593 1014 Ξῖ
605 985 756 1021 februarii,
774 994 849 1013 anno
862 983 977 1013 Domini
991 984 1058 1021 453,
1078 993 1149 1023 pon-

445 1026 486 1056 tis.
509 1025 600 1054 llilari
622 1034 698 1054 anuo
720 1033 749 1054 11.

757 1147 794 1181 V.

404 1223 551 1257 Mamerti
575 1222 707 1266 episcopi
736 1234 828 1255 causa
866 1224 993 1267 Synodo
1030 1224 1152 1256 exami-

452 1273 558 1305 nanda
584 1272 792 1304 committitur.

434 1344 663 1376 Dilectissimo
684 1343 782 1373 fratri
804 1344 946 1374 Leontio
969 1345 1121 1374 Hilarus.

453 1411 594 1453 Qualiter
626 1418 731 1445 contra
767 1411 851 1445 sedis
882 1413 1071 1458 apostolicae
1100 1425 1152 1447 vc-

409 1460 500 1495 niens
513 1459 698 1503 constituta,
720 1461 941 1495 sacerdotalem
966 1462 1150 1496 modestiam

405 1510 576 1544 Mamertus
613 1509 782 1555 episcopus
812 1509 1002 1544 Viennensis
1042 1523 1152 1545 exces-

406 1559 492 1597 serit,
520 1558 698 1592 dilectionis
721 1567 791 1593 tuac
813 1559 979 1593 debuimus
1004 1560 1152 1594 relatione

405 1619 605 1653 cognoscere,
634 1615 667 1641 ut
693 1607 819 1642 ausibus
846 1608 961 1643 talibus
983 1618 1152 1650 matumm,

406 1664 435 1690 et
458 1657 538 1690 iuxta
560 1656 841 1691 ecclesiasticarum
877 1658 1019 1692 ordinem
1060 1671 1153 1704 regu-

406 1706 504 1740 larum
540 1718 713 1751 congruum
748 1706 895 1740 iudicium
941 1707 1153 1753 proferremus

407 1758 461 1798 (t).
490 1754 650 1796 Quantum
674 1755 756 1788 enim
786 1755 838 1788 filii
861 1757 968 1796 nostri,
993 1757 1050 1790 viri
1081 1757 1153 1790 illu-

406 1805 489 1845 stris,
505 1804 641 1849 magistri
670 1804 801 1838 militum
822 1804 981 1839 Gunduici
1006 1818 1151 1840 sermone

405 1862 451 1886 est
475 1853 657 1893 indicatum,
680 1853 857 1899 praedictus
879 1854 1058 1902 episcopus,
1075 1855 1154 1889 invi-

406 1903 445 1936 tis
468 1902 655 1942 DeensibuS,
675 1910 704 1937 et
726 1903 779 1949 qui
802 1903 839 1937 ad
858 1904 1060 1938 ecclesiarum
1084 1905 1152 1939 eius

406 1964 584 1991 numerum,
607 1963 699 1997 quem
723 1952 750 1985 ei
778 1952 968 1998 apostolicae
991 1953 1074 1987 sedis
1101 1953 1155 1988 de-

407 2001 524 2047 putavit
557 2001 723 2035 auctoritas
744 2029 751 2040 ,
778 2002 860 2035 sieut
891 2002 919 2035 in
948 2003 1072 2037 seriniis
1096 2016 1153 2037 no—

405 2050 477 2084 stris
513 2050 644 2095 legimus
662 2077 671 2094 ,
695 2050 822 2085 minimo
846 2052 1066 2097 pertinebant,
1094 2052 1154 2087 lio-

406 2099 467 2133 stili
491 2111 588 2139 more,
610 2107 644 2133 ut
665 2099 791 2143 dicitnr,
812 2112 970 2147 occupans
985 2102 1152 2143 civitatem,

405 2148 590 2194 episcopum
625 2161 809 2183 consecrare
845 2151 1055 2196 praesumpsit
1096 2153 1150 2194 (2).

408 2197 440 2230 ln
464 2209 537 2243 quo,
561 2198 653 2231 frater
675 2198 846 2238 carissime,
869 2199 892 2232 si
914 2199 952 2233 ita
976 2207 1033 2239 est7
1057 2212 1151 2246 quam

408 2246 570 2292 multiplex
603 2247 694 2291 culpa
729 2248 782 2289 sit,
807 2249 1014 2293 pronunciare
1043 2262 1153 2295 posse-

407 2307 478 2329 mus
493 2322 501 2335 ,
525 2295 581 2329 uisi
610 2295 737 2335 iudicii,
760 2304 793 2330 ut
814 2296 962 2342 diximus,
985 2306 1015 2332 ct
1038 2299 1154 2333 mode-

409 2344 485 2378 ratio
508 2344 598 2378 nobis
619 2352 712 2388 esset,
735 2354 764 2379 et
790 2345 868 2379 ordo
889 2347 1071 2382 servandus.
1097 2348 1154 2382 At-

407 2406 467 2439 que
495 2393 566 2427 ideo
594 2406 714 2428 memor
735 2394 944 2429 solicitudinis
959 2423 967 2439 ,
990 2409 1050 2443 qua
1073 2397 1155 2431 dile-

408 2442 504 2476 etioni
519 2451 588 2476 tuae
603 2443 664 2477 scis
678 2455 746 2477 csse
768 2444 981 2485 commissam,
1001 2446 1154 2493 quidquid

409 2503 493 2525 nunc
515 2491 552 2526 ad
575 2492 714 2526 notitiam
744 2501 881 2527 nostram
905 2494 988 2528 brevi
1012 2495 1155 2529 insinna-

409 2541 484 2574 tioni
511 2540 649 2575 delatum
677 2549 734 2581 est,
759 2543 788 2575 in
812 2551 968 2577 conventu
1001 2544 1153 2589 synodali,

409 2590 461 2635 qui
484 2589 660 2625 secundum
683 2598 796 2626 statuta
824 2600 928 2626 nostra
964 2585 1054 2627 antiis
1088 2594 1155 2627 sin-

445 2663 483 2697 (t)
503 2664 601 2690 Concil¹
621 2667 683 2691 tom.
701 2673 728 2691 v.

412 2706 442 2727 iit·
461 2698 506 2724 l'l'.
526 2700 667 2725 ConstItut.
691 2709 707 2726 x
722 2709 745 2733 v,
766 2710 833 2727 anno
849 2703 911 2730 [ΗΟ.

768 2665 806 2699 (⁰2)
824 2666 888 2691 Vide
903 2667 1026 2702 superius
1042 2667 1068 2694 in
1087 2669 1156 2696 Leo-
1176 2671 1181 2697 i

987 329 1175 354 BULLARtUM
1197 329 1288 352 Rom
1294 329 1361 352 le

1188 384 1270 429 gulis
1293 391 1320 418 te
1339 383 1395 418 sibi
1413 383 1608 431 praesidente
1623 390 1670 418 est
1684 382 1934 428 congregandus,

1188 434 1344 468 discutere
1371 446 1451 481 quae
1478 441 1551 468 sunt
1581 441 1646 467 aeta
1662 460 1670 473 ,
1703 432 1847 476 debebis,
1870 441 1899 467 et
1921 446 1935 466 a

1190 483 1349 530 praedicto
1372 483 1522 518 rationem
1546 482 1616 516 sacti
1636 482 1683 516 sui
1708 481 1767 515 snb
1790 481 1936 516 universo

1188 540 1279 566 coetu
1303 532 1501 567 fraternitatis
1523 532 1660 577 exigere,
1678 543 1713 564 ac
1732 530 1847 564 deinde
1866 543 1937 565 om-

1189 582 1275 615 nium
1302 581 1398 616 literis
1420 589 1544 616 nostrae
1564 580 1708 614 intimare
1730 579 1871 623 notitiae,
1905 587 1936 613 ut

1188 631 1271 677 quod
1294 630 1410 665 Sancto
1433 631 1553 676 Spiritu
1581 629 1717 663 dictante
1745 635 1791 663 est
1813 628 1938 662 sacien-

1189 680 1262 714 dum
1279 707 1287 720 ,
1314 680 1351 714 ad
1379 679 1633 726 comprimendos
1660 685 1791 712 conatus
1815 677 1938 712 illicitos

1189 729 1382 764 ordinemus.
1407 729 1494 763 Deus
1508 737 1536 762 te
1560 728 1750 762 incolumem
1770 726 1938 770 custodiat,

1190 778 1282 813 frater
1307 778 1480 812 carissime.
1513 777 1590 812 Data
1625 789 1659 810 v1
1695 776 1765 810 idus
1787 775 1939 815 octobris,

1191 827 1305 862 Basilio
1324 827 1360 861 V.
1376 826 1415 861 C.
1431 839 1495 861 cos.

1189 884 1249 914 Dat.
1273 884 1319 914 dic
1339 884 1376 914 10
1397 883 1535 920 octobris,
1554 892 1630 912 anno
1648 882 1765 912 Domini
1781 882 1850 919 463,
1865 891 1939 921 pon-

1231 924 1272 954 tis.
1295 923 1385 953 Ililari
1408 932 1484 953 anno
1506 932 1536 953 11.

1533 1014 1586 1049 VI.

1194 1093 1356 1137 Dispensat
1395 1104 1462 1125 cum
1495 1092 1632 1136 episcopo
1657 1098 1763 1124 contra
1789 1091 1941 1124 Nicaenos

1241 1154 1369 1175 <tationes
1394 1143 1494 1183 electo,
1519 1141 1720 1185 praecipiens,
1747 1152 1782 1172 ne
1803 1141 1941 1183 deinceps

1242 1191 1417 1224 hm'usmodi
1434 1191 1587 1223 electiones
1608 1191 1701 1234 fiant:
1728 1189 1886 1222 Irenaeum
1900 1189 1943 1221 ad

1239 1241 1400 1284 propriam
1425 1240 1591 1272 Ecclesiam
1608 1238 1727 1277 reverti,
1741 1245 1767 1271 ct
1781 1238 1942 1271 Barcino-

1242 1290 1382 1321 nensibus
1403 1290 1440 1322 de
1474 1300 1528 1321 sno
1561 1289 1640 1321 clero
1667 1288 1834 1321 antistitem
1867 1286 1943 1330 eligi

1244 1339 1321 1371 iubet
1342 1340 1399 1382 (Ι).

1461 1391 1676 1424 ΞΠΜΜΑΠΙΗΜ

1195 1452 1221 1482 1.
1246 1451 1407 1491 Episcopus
1425 1460 1484 1480 non
1506 1450 1687 1480 ordinandus
1709 1449 1774 1478 sine
1795 1457 1942 1479 consensu

1235 1491 1460 1530 metropolitani.
1477 1507 1517 1512 --
1534 1490 1562 1519 2.
1580 1490 1752 1528 Episcopus,
1764 1489 1880 1528 propria
1897 1497 1943 1518 re-

1234 1532 1311 1567 licta,
1329 1531 1364 1560 ad
1387 1531 1473 1559 aliam
1494 1530 1650 1559 ecclesiam
1675 1529 1798 1558 transire
1816 1537 1874 1557 non
1893 1528 1944 1557 de-

1234 1571 1290 1601 bet*
1305 1587 1345 1592 —
1361 1570 1566 1599 Annirersaria
1590 1568 1762 1598 solemnitas
1785 1568 1942 1597 creationis

1233 1618 1421 1640 romanorum
1445 1609 1625 1647 pontificum.
1641 1625 1682 1630 —-
1699 1608 1726 1637 3.
1746 1607 1781 1637 Ut
1802 1606 1942 1636 Irenaeus

1234 1654 1362 1679 remotus
1385 1659 1399 1678 a
1429 1648 1637 1678 Barcinoneusi
1660 1647 1793 1676 Ecclesia
1811 1647 1847 1676 ad
1870 1656 1941 1685 pro-

1234 1690 1325 1728 priam
1348 1693 1518 1717 revertatur.
1530 1705 1570 1709 —
1580 1687 1763 1726 Episcopalis
1776 1687 1870 1716 honor
1884 1695 1943 1716 non

1234 1731 1279 1758 ius
1297 1729 1516 1758 bereditarium.
1529 1744 1570 1748 —
1582 1728 1610 1756 st.
1629 1727 1667 1756 De
1680 1726 1865 1756 removendis
1877 1726 1942 1765 epi-

1235 1769 1342 1807 scopis,
1364 1768 1414 1806 qni
1437 1768 1539 1797 illicite
1558 1767 1682 1796 ordinati
1705 1770 1783 1802 sunt,
1806 1769 1834 1795 et
1854 1774 1891 1795 ne
1914 1765 1943 1795 in

1234 1819 1290 1837 una
1315 1807 1444 1837 Ecclesia
1476 1808 1532 1836 duo
1551 1806 1680 1845 episcopi
1708 1806 1883 1835 habeantur.
1905 1822 1946 1827 —

1234 1848 1409 1883 Qualitates,
1432 1856 1506 1885 quae
1537 1846 1727 1884 requiruntur
1744 1845 1774 1874 in
1806 1845 1944 1883 episcopo

1234 1888 1379 1924 elige-ndo.
1393 1904 1434 1908 —
1448 1886 1584 1916 Graviora
1597 1886 1802 1924 episcoporum
1815 1888 1944 1924 peccata.

1232 1944 1273 1949 -—
1287 1929 1313 1956 5.
1345 1927 1383 1955 De
1405 1926 1591 1956 damnatione
1622 1925 1735 1954 irenaei
1758 1924 1783 1954 si
1805 1925 1841 1954 ad
1859 1933 1943 1953 suam

1233 1967 1394 1996 Ecclesiam
1417 1975 1475 1995 uon
1498 1968 1668 1994 revertatur.

1193 2037 1381 2065 Dilectissimis
1405 2035 1539 2064 fratribus
1560 2035 1682 2068 Ascanio,
1699 2036 1727 2064 et
1737 2035 1872 2064 universis
1888 2035 1944 2071 epi·

1240 2086 1327 2122 scopis
1343 2085 1552 2113 Tarraconensis
1567 2084 1736 2120 provinciae,
1756 2085 1864 2113 Hilarus
1889 2084 1944 2120 epi-

1240 2142 1344 2171 scopus.

1245 2202 1415 2249 Postquam
1438 2201 1542 2236 literas
1563 2208 1684 2235 vestrae
1701 2200 1879 2235 dilectionis
1892 2213 1945 2236 ac-

1195 2252 1347 2297 cepimus,
1371 2251 1487 2297 quibus
1515 2251 1803 2297 praesumptionem
1826 2250 1945 2285 Silvani

1195 2301 1333 2348 episcopi
1357 2299 1618 2346 Calagurensinm
1643 2299 1801 2334 Ecclesiae
1820 2299 1944 2334 retundi

1196 2349 1327 2397 petistis,
1351 2356 1381 2383 et
1404 2362 1525 2383 rursum
1549 2348 1832 2383 Barcinonensium
1854 2360 1948 2395 quae-

1196 2399 1263 2433 ritis
1285 2399 1380 2432 nimis
1407 2398 1513 2432 illicita
1540 2406 1612 2432 nota
1647 2398 1777 2439 firmat-33
1809 2397 1948 2432 honora-

1196 2456 1298 2482 torum
1326 2456 1356 2481 ct
1392 2460 1606 2494 possessorum
1634 2447 1946 2490 Turiassonensium,

1197 2497 1439 2536 Calcatensium,
1462 2496 1767 2542 Calaguritanoruin,
1781 2495 1949 2542 Virgilien-

1198 2546 1291 2586 sium,
1314 2545 1533 2586 Triciensium,
1557 2545 1815 2592 Legioncnsium,
1837 2552 1868 2580 et
1892 2544 1948 2579 Ci-

1198 2595 1408 2633 vitatensium,
1431 2607 1503 2628 cuin
1527 2594 1814 2641 subscriptionibus
1840 2594 1947 2628 diver-

1199 2657 1319 2684 sorum,
1347 2644 1451 2678 literas
1468 2643 1559 2678 nobis
1582 2652 1703 2678 constat
1719 2644 1872 2689 ingestas:
1891 2654 1948 2691 per

1235 2706 1274 2743 (t)
1291 2707 1329 2733 Ex
1345 2706 1485 2734 Cresconio
1504 2706 1586 2734 edidit
1602 2706 1674 2733 card.
1692 2705 1794 2733 Carasa.

1568 2784 1654 2797 ι-,Ἣτη-ΞἿ

1632 2797 1654 2811 τε

1976 336 2028 363 An.
2050 336 2080 364 C.
2107 337 2159 365 463
