2237 3127
165 332 215 358 Au.
245 330 271 357 C.
295 331 346 359 6⁴53

165 405 242 427 wrm
257 399 348 438 int-uf„
378 393 422 428 hil
444 401 551 428 contra
579 399 719 425 tenorem
741 387 915 435 praesentis
937 386 1054 422 decreti
1079 387 1129 434 pia

166 439 195 455 est
225 434 332 456 illm-cesu.

195 876 245 930 ΜΣ
263 874 352 932 {J'JJ
369 888 417 915 est
439 888 470 915 et
491 892 583 925 saepe
605 879 776 914 dicendum
799 887 858 920 est,
886 877 1005 912 nnllam
1035 885 1127 924 pote-

162 992 166 1003 ι
179 991 215 1003 ms
232 983 345 1004 monachis

162 1027 195 1047 pov
203 1018 296 1047 agenda.

162 2239 264 2260 Monachi

160 2274 237 2295 abbate
269 2275 345 2295 coiri-

161 2314 253 2336 gantur:

162 2543 210 2571 lpse
229 2542 294 2564 abb-s
312 2550 346 2564 ιο-

160 2578 205 2599 lum
239 2586 250 2600 ι
290 2578 345 2600 Sede

162 2613 301 2642 Apostolicu.

432 329 499 363 186

377 441 588 489 postulatione
620 437 731 473 indulti
765 437 937 484 quidquam
976 443 1128 476 attemtet,

376 501 480 537 neque
501 488 564 523 ullo
587 487 682 522 modo
709 486 776 521 eius
798 485 1002 532 baptismales
1032 485 1129 520 eccle-

374 539 435 573 sias
461 550 518 572 seu
545 537 686 572 decimas
712 535 770 570 sibi
798 534 946 576 vindicet,
973 546 1032 569 nec
1060 534 1128 580 ipse

373 588 488 633 suique
514 597 714 621 successores
736 592 937 631 praesumant
971 583 1126 630 prohibita

373 637 568 682 contingere.
596 634 742 668 Chrisma
765 633 869 679 igitur,
898 632 944 666 vel
971 632 1126 679 quidquid

372 684 411 718 ad
438 696 526 719 sacra
554 683 728 718 ministeria
756 682 894 729 pertinet
925 682 949 716 si
985 693 1001 716 a
1034 681 1127 716 Patre

370 733 555 768 monasterii
583 732 677 767 suerit
701 731 893 778 postulatum
910 758 918 772 ,
941 742 956 765 a
992 730 1127 777 quibus-

370 794 508 829 cumque
530 781 720 829 praeviderit
753 780 962 815 concedimus
994 791 1126 826 praesu-

370 831 453 866 libus
479 831 700 866 tribuendum:
724 838 754 864 ct
775 837 809 864 ut
827 829 973 876 superius
1005 828 1124 863 dictum

369 938 481 965 statem
503 929 620 964 habere
642 928 857 975 permittimus
891 927 1061 973 episcopos
1094 927 1123 961 in

368 979 480 1013 eodem
504 978 697 1013 monasterio
720 989 824 1024 neque
846 977 877 1011 in
898 976 992 1011 rebus
1007 976 1055 1010 vel
1073 988 1126 1010 or-

368 1028 518 1062 dinandis
544 1027 700 1074 personis,
722 1027 779 1061 sed
800 1038 894 1073 quem
917 1032 1031 1060 cuncta
1052 1037 1126 1059 con-

367 1077 508 1123 gregatio
535 1076 664 1122 elegerit
686 1083 756 1123 post
777 1082 912 1110 mortem
935 1074 1038 1108 Patris
1060 1086 1126 1108 mo-

368 1126 508 1166 nasterii,
531 1126 598 1172 ipse
624 1125 736 1159 debeat
763 1124 795 1158 in
822 1124 934 1159 codem
962 1130 1125 1158 monaste-

367 1175 413 1209 rio
437 1175 583 1209 ordinare
613 1186 709 1220 super
730 1173 807 1214 hoc3
837 1184 938 1219 neque
967 1171 1124 1218 presbyte-

366 1236 419 1258 ros
441 1235 545 1270 neque
565 1222 729 1262 diaconos,
754 1234 856 1268 neque
872 1220 1123 1268 quamlibetper-

366 1285 476 1306 sonam
499 1272 529 1306 in
552 1271 664 1307 eodem
699 1270 892 1305 monasterio
916 1269 1032 1303 habere
1059 1270 1122 1304 ullo

366 1321 461 1356 modo
485 1328 671 1368 potestatem
694 1321 862 1354 immutare
885 1318 1057 1365 quidquam
1075 1319 1120 1352 vel

365 1382 474 1415 agere:
497 1376 726 1416 cognoscentes
747 1368 833 1416 quod
864 1367 924 1402 sub
947 1367 1022 1402 sede
1052 1378 1123 1414 apo-

365 1419 474 1454 stolica
498 1419 579 1453 idest
600 1418 681 1453 beati
706 1418 788 1452 Petri
811 1416 945 1464 apostoli
969 1428 1006 1451 cx
1031 1428 1122 1461 prae-

365 1468 439 1502 dicti
467 1468 550 1514 regis
571 1479 626 1502 seu
658 1467 785 1513 reginae
811 1477 969 1501 consensu
997 1473 1028 1499 et
1061 1477 1122 1511 po-

365 1517 545 1556 stulatione,
573 1516 632 1550 sub
664 1527 798 1562 quorum
832 1514 1018 1549 defensione
1052 1525 1121 1548 esse

366 1566 499 1610 videtur,
522 1573 665 1599 nostrum
688 1564 863 1611 praesentis
891 1562 1045 1609 privilegii
1070 1562 1121 1596 in-

365 1614 451 1649 ‹lulta
477 1613 665 1649 concedere.
693 1613 835 1659 Rogatus
857 1623 930 1646 vero
949 1611 1120 1658 episcopus

296 1658 328 1705 ‚{‚.‘'
365 1675 381 1698 a
403 1663 496 1698 Pa‘tre
519 1662 700 1697 monasterii
726 1663 772 1696 vel
800 1673 817 1695 a
843 1669 955 1695 cuncta
984 1672 1120 1706 congre-

313 1730 326 1742 υ
365 1713 501 1757 gatione,
525 1723 615 1746 suam
638 1710 783 1746 exhibeat
811 1711 1032 1756 praesentiam,
1056 1721 1117 1743 non

284 1766 293 1777 ¹¹
315 1775 317 1777 ¹
364 1769 469 1796 autem
492 1761 610 1808 petitus
644 1759 682 1794 ad
709 1768 829 1794 secreta
856 1758 1038 1793 monasterii
1066 1769 1121 1792 ac-

365 1810 478 1845 cedere
501 1822 564 1845 non
592 1816 784 1856 praesumat,
806 1820 846 1842 ne
876 1807 1013 1854 quietam
1049 1819 1121 1841 mo-

366 1859 541 1893 nachorum
577 1858 689 1902 vitam,
725 1858 778 1904 qui
815 1856 953 1891 solitaria
992 1863 1121 1902 propter

366 1908 466 1942 Deum
489 1908 593 1943 studia
622 1918 770 1954 peragere
793 1905 1016 1945 decreverunt,
1056 1904 1120 1939 fre-

365 1969 466 2003 quens
487 1956 686 1991 sacerdotum
710 1955 876 1990 insolentia
898 1955 1065 2001 irrumpat,
1087 1963 1120 1988 ut

366 2008 397 2041 in
424 2006 483 2040 Dei
506 2005 652 2040 laudibus
674 2013 895 2039 conversantes
917 2015 974 2050 pro
1003 2003 1119 2037 incolu-

367 2055 474 2089 mitate
506 2062 633 2089 sanctae
660 2053 744 2088 sedis
776 2053 967 2100 apostolicae
993 2059 1119 2087 nostrae

367 2112 397 2139 et
418 2116 473 2151 pro
495 2102 771 2138 excellentissimis
793 2102 921 2148 regibus
942 2101 989 2148 pia
1007 2108 1119 2147 postu-

366 2153 482 2188 latione
504 2152 710 2200 poscentibus
732 2151 857 2186 assidue
878 2150 1052 2185 Dominum
1067 2150 1120 2185 de-

369 2202 488 2249 precari
516 2214 579 2236 non
606 2208 741 2236 cessent.
764 2200 798 2235 Si
821 2207 924 2234 autem
948 2199 1033 2246 quod
1056 2211 1117 2234 non

369 2258 515 2297 optamus
546 2250 693 2284 monachi
721 2250 751 2283 in
781 2249 892 2284 eodem
928 2249 1119 2283 monasterio

367 2299 530 2334 constituti
552 2298 650 2345 tepidi
674 2299 704 2332 in
730 2298 788 2332 Dei
815 2310 934 2339 amore,
962 2305 1014 2331 aut
1041 2309 1120 2332 con-

370 2357 415 2383 tra
449 2348 591 2382 instituta
630 2348 759 2381 Patrum
788 2354 948 2393 torpentes
974 2346 1119 2393 quando-

369 2409 429 2444 que
456 2397 590 2432 existere
624 2396 680 2431 visi
709 2396 842 2440 suerint,
869 2395 1046 2430 secundum
1074 2407 1121 2430 re-

367 2446 458 2492 gulas
483 2446 614 2480 Patrum
641 2445 680 2480 ab
702 2444 814 2479 abbate
830 2471 838 2485 ,
868 2444 950 2478 idest
984 2456 1001 2478 a
1026 2444 1119 2479 Patre

371 2495 553 2530 monasterii
579 2494 793 2541 corrigantur:
826 2493 852 2528 si
874 2501 979 2527 autem
999 2500 1030 2527 et
1052 2493 1119 2540 ipse

371 2544 466 2579 abbas
494 2544 523 2578 in
546 2552 673 2591 torpore
695 2549 802 2578 contra
825 2542 968 2576 instituta
989 2542 1118 2576 Patrum

370 2601 399 2627 et
421 2593 547 2639 regulae
569 2592 664 2628 fuerit
685 2591 915 2639 deprehensus,
937 2599 989 2626 aut
1010 2591 1040 2625 iu
1064 2591 1121 2625 ali-

371 2654 464 2687 quam
493 2641 539 2676 vel
569 2642 726 2677 sinistram
755 2648 872 2688 partem
896 2640 1077 2684 inclinatus,
1104 2652 1119 2675 a

970 333 1159 356 Bounimai
1186 332 1352 357 ROMANUM

1172 387 1236 428 stit,
1264 386 1457 422 instituimus
1484 386 1719 433 corrigendum.
1745 387 1812 424 Nec
1838 389 1921 425 enim

1171 440 1295 475 cuidam
1329 440 1479 488 episcopo
1513 441 1627 476 damus
1665 441 1826 478 licentiam
1862 444 1923 478 sub

1170 493 1311 528 obtemtu
1346 494 1604 541 reprehensionis
1630 494 1768 542 aliquam
1801 497 1834 531 iu
1866 510 1923 532 su-

1171 559 1224 593 pra
1251 547 1367 594 scripto
1394 547 1586 582 monasterio
1620 560 1710 583 suam
1750 550 1922 586 extendere

1171 608 1368 647 potestatem,
1389 601 1444 636 sed
1470 601 1539 636 eius
1566 602 1673 649 capiti,
1687 602 1767 638 idest
1794 613 1924 651 aposto-

1169 653 1246 689 licae
1268 655 1348 699 sedi,
1370 655 1396 689 si
1422 663 1508 689 certo
1534 654 1602 690 zelo
1624 653 1682 689 Dei
1715 663 1746 690 et
1770 656 1921 693 instinctu

1169 707 1294 754 pietatis
1327 709 1497 751 innititur,
1533 709 1599 744 suis
1626 709 1768 756 epistolis
1794 710 1922 746 debebit

1168 773 1361 807 suggerere,
1396 770 1429 797 ut
1469 762 1554 809 quod
1595 763 1734 809 pontifici
1774 776 1922 800 romanae

1167 815 1250 848 sedis
1293 815 1484 862 apostolicae
1523 815 1678 862 placuerit
1717 817 1802 852 iuxta
1832 831 1921 854 suam

1168 868 1368 915 prudentiam
1393 869 1569 916 praevideat
1588 869 1844 917 disponendum:
1858 885 1922 919 quo

1169 922 1248 956 facto
1271 930 1346 957 tunc
1375 922 1671 969 irreprehensibiles
1707 924 1849 960 actiones
1876 926 1922 960 vi-

1167 975 1283 1010 dentur
1298 976 1444 1017 existere,
1467 976 1639 1011 constituta
1664 976 1748 1011 sedis
1769 979 1922 1024 apostoli-

1167 1041 1221 1064 cae
1243 1029 1464 1065 inviolabiliter
1476 1029 1687 1065 custodiendo
1705 1030 1732 1064 si
1754 1031 1921 1075 studuerit,

1167 1094 1247 1129 quae
1268 1092 1378 1118 contra
1405 1083 1490 1118 hunc
1511 1091 1654 1118 tenorem
1682 1083 1732 1130 agi
1756 1096 1923 1132 perspexe-

1168 1136 1218 1176 rit,
1241 1136 1375 1171 fideliter
1398 1137 1550 1171 nunciare
1577 1144 1608 1171 et
1629 1149 1692 1171 non
1712 1139 1919 1186 semetipsum

1167 1191 1198 1224 in
1222 1203 1330 1225 eorum
1357 1192 1592 1227 machinatione
1619 1191 1921 1240 quomodocumque

1168 1244 1367 1291 immergere.
1395 1245 1489 1286 Quod
1528 1245 1554 1279 si
1586 1244 1717 1290 quidam
1752 1246 1921 1281 calliditate

1165 1298 1270 1344 aliqua
1298 1299 1344 1332 vel
1367 1298 1515 1333 avaritiae
1537 1298 1735 1343 instigatione
1747 1298 1920 1346 quidquam

1166 1351 1205 1388 tle
1234 1351 1401 1399 prohibitis
1428 1351 1676 1399 praesumpserit
1701 1353 1921 1387 attentandum

1165 1413 1195 1439 et
1217 1413 1326 1440 contra
1361 1405 1510 1452 superius
1537 1404 1662 1440 decreta
1693 1407 1920 1453 quoquomodo

1164 1459 1366 1503 obviandum,
1389 1459 1527 1506 primum
1555 1459 1684 1506 quidem
1716 1460 1765 1494 sui
1799 1459 1920 1495 ordinis

1163 1512 1260 1557 gradu
1288 1520 1319 1546 et
1341 1512 1492 1557 dignitate
1515 1512 1701 1558 privabitur,
1724 1519 1755 1547 et
1776 1524 1814 1547 ex
1835 1512 1919 1548 beati

1164 1566 1247 1600 Petri
1275 1566 1407 1612 apostoli
1434 1565 1696 1611 auctoritate7qui
1720 1565 1839 1611 ligandi
1854 1566 1921 1600 sol-

1164 1619 1322 1665 vendiquc
1349 1619 1380 1653 in
1403 1618 1491 1654 coelo
1514 1626 1544 1653 et
1572 1618 1603 1652 in
1626 1625 1708 1652 terra
1732 1618 1846 1652 meruit
1869 1631 1918 1665 po-

1164 1680 1319 1711 testatem,
1349 1672 1389 1707 sit
1416 1684 1432 1707 a
1459 1671 1697 1719 participatione
1716 1671 1845 1706 Domini
1869 1684 1920 1707 no-

1163 1726 1217 1760 stri
1252 1726 1323 1760 Iesu
1353 1725 1473 1760 Christi
1514 1724 1657 1771 corporis
1690 1732 1721 1759 et
1755 1725 1920 1770 sanguinis

1163 1780 1325 1824 immunis,
1348 1791 1384 1814 ac
1409 1791 1426 1814 a
1449 1787 1557 1814 nostro
1579 1778 1739 1813 consortio
1761 1777 1917 1820 seclusus,

1162 1841 1193 1868 et
1219 1834 1313 1868 etiam
1333 1832 1590 1868 excellentissimi
1613 1831 1666 1878 qui
1689 1839 1832 1878 tempore
1854 1832 1920 1867 fue-

1163 1887 1201 1921 rit
1227 1887 1312 1933 regis
1328 1887 1536 1921 nihilominus
1558 1884 1796 1920 submovendus
1811 1894 1917 1932 queat,

1161 1949 1191 1975 et
1217 1953 1299 1987 quae
1337 1948 1452 1975 statuta
1487 1947 1562 1975 sunt
1600 1946 1752 1986 perpetua
1791 1939 1917 1986 possint

1161 1993 1347 2029 diffinitione
1373 2005 1512 2035 manere,
1540 2001 1571 2028 et
1593 2000 1796 2027 temeratores
1818 2004 1918 2039 prae-

1160 2048 1260 2082 sentis
1293 2046 1409 2081 decreti
1445 2046 1483 2081 de
1510 2058 1566 2081 sua
1603 2046 1779 2081 temeritate
1802 2046 1914 2093 poenis

1160 2099 1391 2147 multiplicibus
1417 2099 1591 2134 subiacere.
1617 2099 1705 2133 Bene
1724 2099 1834 2134 valete.
1850 2099 1915 2134 Da-

1160 2162 1227 2189 tum
1256 2161 1366 2200 quarto
1399 2165 1499 2188 nouas
1531 2153 1606 2188 maii
1635 2152 1758 2199 imperii
1793 2152 1917 2187 domini

1161 2207 1295 2255 piissimi
1318 2206 1451 2253 Augusti
1473 2218 1556 2241 anno
1570 2205 1721 2250 secundo,
1734 2205 1918 2240 consulatus

1162 2257 1275 2304 primo,
1295 2255 1466 2291 indictione
1482 2255 1594 2302 prima,
1610 2267 1692 2289 anno
1707 2254 1837 2289 Domini
1851 2265 1918 2289 sex-

1160 2306 1334 2341 centesimo
1355 2304 1596 2352 quadragesimo
1619 2304 1712 2338 tertio
1740 2306 1796 2348 (1).

1248 2361 1311 2391 Dat.
1331 2361 1378 2391 die
1394 2361 1413 2390 4
1432 2360 1502 2389 maii
1525 2369 1601 2390 anno
1622 2359 1739 2389 Domini
1761 2358 1830 2397 643,

1336 2400 1439 2439 pontis.
1457 2399 1604 2429 Theodori
1622 2408 1699 2429 anno
1717 2407 1736 2429 1.

1195 2454 1234 2489 (l)
1251 2453 1423 2481 Barbaricum
1434 2453 1477 2479 hic
1491 2460 1505 2479 a
1522 2451 1704 2486 Longobardis
1715 2451 1740 2477 in
1753 2450 1855 2477 Italiam
1866 2449 1917 2476 ad-

1161 2493 1278 2521 vectum,
1290 2489 1447 2522 saeculoque
1458 2488 1520 2514 huic
1530 2487 1669 2522 proprium
1680 2486 1781 2521 stylum
1792 2485 1915 2520 legimus.

1160 2524 1350 2559 Interpolatum
1365 2531 1429 2550 vero
1440 2523 1556 2558 diploma
1567 2521 1818 2549 facilecrediderim:
1832 2519 1916 2546 multa

1161 2559 1272 2587 enimin
1294 2567 1325 2585 eo
1347 2562 1426 2591 sunt,
1452 2566 1521 2593 quae
1546 2557 1699 2592 disciplinae
1723 2555 1915 2582 ecclesiasticae

1161 2595 1230 2622 illius
1258 2595 1385 2629 temporis
1413 2593 1603 2621 adversantur:
1628 2591 1746 2625 illudque
1771 2590 1915 2626 praecipue

1160 2634 1283 2657 notatum
1300 2629 1390 2660 velim,
1417 2628 1519 2655 nonnisi
1543 2632 1603 2662 post
1632 2626 1767 2654 saeculum
1793 2633 1811 2652 x
1837 2631 1913 2663 notas

1160 2665 1360 2699 chronologicas
1377 2671 1439 2692 cum
1462 2664 1615 2692 charactere
1647 2668 1780 2690 annorum
1807 2660 1914 2688 Domini

372 2691 445 2726 sede
472 2691 654 2739 apostolica,
676 2690 735 2726 sub
757 2689 847 2726 cuius
869 2689 989 2726 ditione
1020 2689 1121 2725 consi·
1163 2705 1313 2737 usurpatas.

1955 321 2007 347 An.
2030 320 2058 348 C.
2084 320 2137 348 645

1952 1257 2024 1278 Poena
2058 1258 2138 1278 contra

1966 1291 2121 1314 inobedientes

1962 1331 1984 1349 et
2006 1327 2126 1350 violatores

1952 1363 2138 1394 liuiusjfprivile-
