2237 3127
213 287 263 314 An.
284 286 313 314 C.
332 286 400 315 1032

260 458 399 481 Confirmatio

210 494 326 517 bonorum.

208 718 315 738 Censurae
335 724 390 738 con-

208 756 241 774 tra
276 760 325 782 eos,
358 753 395 783 qui

207 788 289 818 aliquid
371 796 395 810 ex

207 824 328 854 praedictis
345 823 391 845 bo-

207 861 240 881 uis
291 859 392 882 abstult-

207 895 259 918 rint.

248 1138 392 1162 Confirmatio

208 1187 295 1209 quoque
327 1187 392 1209 prae-

206 1220 236 1241 dii
261 1220 359 1242 Pediani.

203 1423 259 1445 Item
291 1427 311 1445 et
336 1430 390 1445 cen-

203 1466 266 1480 surae
311 1461 389 1481 contra

235 1493 362 1516 huiusmodi

204 1529 321 1559 praedium
353 1537 389 1552 nu-

202 1565 263 1587 ferre
303 1569 390 1588 tentan-

203 1605 230 1623 ts.

243 1646 390 1668 Confirmatio

204 1681 280 1710 placiti
317 1682 388 1704 cuius-

205 1716 263 1739 dum.

202 2321 292 2342 N0m÷na
322 2328 387 2343 eano-

203 2356 302 2378 nicorum
335 2361 386 2378 tunc

213 2391 318 2421 emporia

484 271 554 303 5348

432 334 468 368 ad
499 334 705 381 peragendam
734 335 923 369 voluntatem
949 338 1174 382 praenominati

431 383 570 421 diaconi,
597 393 625 417 et
654 392 845 418 eacan-oram
875 385 942 419 Deo
971 386 1174 421 servientium

430 433 664 466 canonicorum.
709 432 942 468 Csmlirmamus
988 435 1092 482 itaque
1132 436 1173 470 illi

428 481 577 528 quicquid
602 493 686 515 nunc
707 482 744 516 ad
771 495 917 528 praesens
941 484 1086 526 retinent,
1110 486 1173 519 sire

427 542 506 576 qnae
535 542 589 576 per
615 530 836 578 subsequentia
866 540 1002 578 tempora
1031 534 1061 567 iu
1089 547 1174 580 prae-

427 579 509 613 dicta
542 580 691 614 canonica
727 581 886 626 acquirere
913 590 1065 628 possunt,
1094 584 1171 618 idest

426 628 682 671 decimationem,
714 630 819 663 vineas
853 638 883 664 et
911 639 1019 675 terras,
1047 645 1169 668 necnon

425 686 454 711 et
477 677 595 724 reliqua
617 678 749 724 praedia.
774 679 974 726 Quicumque
996 689 1099 715 autem
1135 696 1171 717 ex

426 726 473 760 his
500 727 647 761 omnibus
672 739 688 761 a
717 728 777 762 iam
808 728 901 763 dictis
927 731 1088 765 canonicis
1114 744 1171 766 au-

424 775 503 810 ferre
540 777 724 817 tentaverit,
764 778 840 811 seint
875 791 907 812 se
939 779 1100 814 incurrere
1140 781 1169 815 in

423 825 568 871 laqueum
602 833 745 860 aeternae
773 828 946 872 gehennae.
975 828 1107 875 Insuper
1133 843 1169 864 ex

422 875 607 909 auctoritate
634 876 861 922 omnipotentis
883 876 953 917 Dei,
972 886 1001 912 et
1023 878 1059 912 B.
1085 879 1167 914 Petri

422 924 570 970 apostoli,
594 932 624 958 et
650 933 753 959 nostra
782 926 857 959 sciat
886 938 918 959 se
945 939 1013 961 esse
1041 940 1169 962 excom—

421 973 628 1013 municatum,
652 982 681 1008 et
703 974 919 1019 maledictum,
941 984 969 1010 et
992 989 1007 1011 a
1023 989 1168 1012 commu-

421 1022 533 1062 nione,
560 1030 591 1057 et
620 1023 658 1057 ab
686 1023 824 1058 Ecclesia
851 1034 1046 1070 separatum,
1075 1036 1167 1073 atque

420 1084 491 1106 cum
515 1071 590 1106 luda
619 1080 648 1107 et
675 1072 800 1107 diabolo
827 1074 1084 1110 condemnatum.
1115 1077 1167 1111 Si-

420 1121 535 1156 militer
566 1122 646 1156 sicut
683 1122 828 1168 superius
864 1124 994 1158 missum
1030 1134 1077 1160 est
1112 1139 1167 1173 per

421 1179 558 1205 nostram
588 1172 789 1218 apostolicam
825 1175 1058 1219 auctoritatem,
1086 1188 1166 1210 con-

420 1220 580 1254 firmamus
615 1221 660 1255 eis
698 1222 883 1268 praedium,
917 1223 1000 1269 quod
1037 1234 1166 1259 vocatur

419 1269 613 1311 Pedianum,
643 1277 674 1304 et
702 1270 821 1317 reliqua
844 1273 970 1315 omnia,
998 1286 1079 1320 quac
1102 1274 1161 1309 sibi

419 1318 537 1366 absque
567 1320 736 1355 tenimento
765 1321 914 1356 canonice
941 1324 1164 1369 acquisierunt,

419 1380 473 1402 seu
497 1381 576 1415 quae
603 1369 632 1403 in
656 1377 744 1404 antea
772 1371 934 1416 acquirere
967 1382 1108 1417 possunt.
1132 1374 1163 1407 Si

418 1418 489 1464 quis
511 1427 615 1453 autem
643 1419 803 1466 praedium
826 1432 843 1454 a
865 1422 1015 1455 canoniea
1038 1422 1070 1456 S.
1098 1423 1164 1456 31:1-

420 1467 481 1501 riae
501 1467 622 1502 auferre
645 1468 787 1511 voluerit,
809 1470 1016 1505 anathematis
1041 1472 1163 1506 vim'ulo

419 1517 641 1564 perpetualiter
663 1530 695 1551 se
717 1518 793 1552 sciat
814 1530 881 1552 esse
905 1521 1161 1555 eomleinnatnm.

418 1566 572 1600 Placitum
594 1579 730 1613 quoque,
753 1567 836 1614 qnod
866 1578 1051 1614 peregerunt
1073 1583 1163 1617 prae-

417 1615 490 1649 dicti
524 1616 664 1650 cauonici
697 1628 768 1650 cum
797 1617 1069 1665 archipresbytero
1099 1620 1163 1653 Bo-

417 1665 540 1706 nizone,
569 1665 714 1699 iubemus
740 1678 793 1712 per
823 1667 1024 1712 apostolicam
1048 1677 1161 1702 ancto-

417 1714 558 1758 ritatem,
592 1723 624 1748 ut
657 1715 763 1749 nullus
791 1715 872 1755 dux,
900 1717 965 1749 sive
998 1718 1160 1762 marchio,

415 1763 594 1809 episcopus,
621 1776 738 1807 coines,
762 1764 946 1810 vicecomes,
966 1767 1011 1800 vel
1036 1780 1160 1811 magna,

415 1824 572 1860 parvaque
604 1812 738 1847 hominis
768 1826 900 1860 persona
933 1815 1046 1850 audeat
1085 1817 1159 1851 illud

414 1862 584 1908 requirere,
606 1862 653 1896 vel
678 1863 857 1909 recapitare.
883 1864 965 1905 Quia
993 1873 1097 1899 tamen
1122 1867 1158 1900 ad

415 1912 510 1945 nostri
527 1912 717 1956 apostolatus
740 1914 947 1959 praesentiant
969 1914 1096 1949 relatum
1115 1925 1159 1949 est

414 1960 444 1994 in
484 1969 654 2008 conspectu
690 1961 860 1996 Bonizonis
897 1963 1158 2012 archipresbyteri

413 2010 564 2057 quicquid
588 2010 655 2057 ipsc
677 2023 731 2056 per
752 2011 891 2045 studium
914 2024 989 2047 suae
1010 2014 1159 2059 maligni-

412 2059 484 2093 tatis
525 2059 555 2093 in
588 2072 642 2094 eos
674 2059 825 2107 deliquit,
860 2061 914 2107 qui
946 2070 1048 2096 autem
1083 2063 1159 2097 illud

412 2108 561 2155 placitum
590 2109 747 2156 requirere
770 2112 1026 2158 praesumpserit,
1051 2124 1159 2159 perpe-

414 2165 484 2192 tuae
505 2158 717 2193 maledictioni
746 2159 916 2193 subiaceat.
943 2159 1157 2196 Constitutum

413 2215 443 2241 et
470 2215 629 2254 peractum
651 2216 699 2242 est
721 2208 780 2242 hoc
803 2217 1004 2256 praeceptum
1028 2223 1043 2244 a
1067 2211 1158 2245 nobis

413 2256 442 2290 iu
468 2269 599 2303 persona
631 2258 855 2292 canonicorum
883 2258 918 2292 S.
948 2259 1075 2303 Mariae,
1104 2261 1157 2307 qui

412 2313 504 2340 sunt:
528 2306 641 2341 Petrus
666 2306 792 2341 Domini
815 2308 910 2352 gratia
938 2309 1158 2356 archipresby-

412 2363 467 2389 ter.
501 2355 613 2390 Petrus
652 2356 789 2390 decanus
820 2366 850 2390 et
880 2365 998 2392 cantor.
1027 2358 1159 2393 Ioannes

412 2404 667 2446 archidiaconus,
690 2405 822 2441 Ioannes
855 2406 958 2452 presb.
985 2415 1015 2441 et
1043 2408 1157 2453 primi-

412 2454 524 2488 cerius.
558 2454 700 2489 Andreas
734 2455 903 2503 presbyter.
930 2456 1040 2490 Athizo
1069 2470 1158 2503 pres—

414 2502 501 2549 byter
539 2511 568 2537 et
607 2513 722 2538 custos.
762 2505 949 2539 Dominicus
983 2506 1154 2553 presbyter.

413 2552 612 2586 Amall'redns
648 2553 819 2600 [archyter.
854 2554 953 2588 Ursus
985 2555 1156 2603 presbyter.

417 2600 531 2635 bonizo
555 2602 726 2650 preslsyter.
745 2603 877 2638 Ioannes
904 2604 1074 2651 presbyter.
1096 2605 1158 2640 Leo

1011 284 1198 307 nmmxmmr
1218 286 1382 310 nonaum

1220 339 1316 386 byter.
1359 340 1507 376 Albertus
1543 342 1645 387 presb.
1682 343 1817 380 Ioannes
1856 346 1965 382 diaeo-

1217 401 1286 423 nus.
1320 389 1436 425 Petrus
1469 391 1630 426 diaconus.
1665 392 1831 428 Alhericus
1865 397 1964 431 diaco-

1217 450 1285 471 nus.
1314 439 1498 474 Dominiens
1527 441 1689 476 diaconus.
1724 442 1788 477 Leo
1818 444 1961 480 clericus,

1217 487 1411 522 Bonustilius
1427 490 1568 523 clericus.
1589 490 1744 526 Orbertus
1762 493 1903 527 clericus.
1923 495 1962 529 Ut

1214 545 1317 571 autem
1353 538 1455 573 verius
1483 540 1642 580 credatur,
1680 549 1709 574 et
1742 541 1780 575 ab
1812 543 1960 577 omnibus

1214 596 1415 626 conservetur
1438 590 1669 634 perpetualiter,
1694 591 1807 625 nostris
1831 593 1962 637 propriis

1213 635 1351 670 articulis
1376 638 1633 672 confirmavimus
1666 640 1724 672 hoc
1753 641 1961 686 privilegium,

1214 684 1343 730 insuper
1372 694 1508 720 nostram
1542 688 1683 734 papalem
1709 688 1825 724 bullam
1854 690 1962 725 subter

1213 746 1331 778 imponi
1362 748 1522 770 iussimus

1261 783 1394 817 Ioannes
1436 785 1537 819 divina
1588 796 1748 831 praeeunte
1795 788 1959 824 clementia

1211 841 1335 867 sanetae
1370 834 1542 869 catholicae
1577 835 1736 871 Ecclesiae
1766 838 1960 884 apostolicus

1212 882 1348 928 praesul.

1259 931 1373 966 Datum
1401 941 1430 967 et
1457 933 1610 979 scriptum
1646 946 1700 980 per
1735 947 1846 970 manus
1874 936 1959 972 Petri

1209 982 1384 1015 cancellarii
1421 983 1500 1016 sacri
1535 982 1756 1018 Lateranensis
1787 986 1889 1032 palatii
1926 986 1957 1021 in

1210 1042 1317 1064 mense
1341 1031 1455 1074 madio,
1474 1032 1579 1065 indict.
1601 1046 1616 1065 v
1639 1037 1694 1077 (ll.

1277 1086 1337 1117 Dat.
1357 1098 1457 1118 mense
1478 1089 1561 1123 maio,
1581 1099 1656 1118 anno
1674 1090 1788 1120 Domini
1808 1092 1893 1129 1032,

1375 1129 1477 1167 pontis.
1498 1128 1614 1158 loannis
1633 1140 1708 1159 anno
1726 1139 1786 1160 vui.

1554 1249 1606 1285 w.

1297 1321 1390 1365 1111911
1414 1322 1687 1355 ,zlnlz'ssinflaretis-[s
1709 1324 1868 1369 episcopus

1455 1373 1625 1404 absolvitur
1647 1374 1702 1414 12).

1473 1441 1686 1485 8Γ1111λίίῐῖλῐ

1206 1502 1336 1538 §laeuum
1351 1504 1432 1533 nefas
1450 1504 1478 1533 in
1498 1505 1633 1541 pontifice
1650 1509 1821 1543 potestatem
1841 1506 1953 1536 dissol-

1243 1544 1326 1572 vendi
1345 1545 1467 1572 crimina
1492 1554 1607 1581 negare.
1625 1561 1665 1566 -—
1682 1545 1784 1574 Petrus
1803 1545 1952 1575 Christum

1243 1592 1352 1619 negans
1375 1594 1430 1612 non
1461 1584 1559 1613 amisit
1586 1585 1768 1621 dignitatem.
1801 1602 1840 1607 -—
1870 1585 1952 1624 Ilugo

1244 1623 1509 1653 Autissiodorensis
1533 1624 1704 1654 absolvitur.

1202 1690 1312 1717 loannes
1348 1690 1440 1724 gratia
1472 1690 1515 1717 Dei
1552 1698 1679 1718 romanae
1711 1691 1782 1718 sedis
1812 1691 1953 1727 episcopus

1246 1735 1380 1762 universis
1400 1735 1427 1762 in
1448 1735 1509 1762 orba
1529 1735 1667 1763 terraram
1686 1736 1818 1764 Ecclesiae
1830 1736 1906 1764 filiis.

1252 1796 1377 1830 Nullum
1417 1797 1447 1831 in
1485 1798 1624 1831 lssrclesia
1663 1799 1814 1833 catholica
1851 1799 1952 1833 maius

1203 1854 1304 1893 potest
1330 1859 1398 1880 esso
1433 1847 1535 1886 nefas,
1565 1859 1659 1893 quam
1690 1848 1869 1882 existimare
1892 1848 1950 1882 ali-

1202 1897 1292 1929 euius
1314 1908 1446 1929 naevum
1470 1897 1620 1937 criminis,
1645 1898 1813 1943 praecipue
1837 1898 1948 1943 poeni—

1202 1946 1313 1983 tentis,
1343 1946 1426 1991 qnod
1458 1958 1518 1979 non
1546 1954 1638 1992 queat
1670 1946 1841 1981 dissolvere
1870 1959 1949 1981 con-

1201 2007 1285 2028 cessa
1318 1994 1410 2028 Petro
1444 2007 1459 2029 a
1492 1995 1626 2029 Domino
1654 1996 1759 2029 clavis.
1787 1995 1949 2031 Debemus

1200 2045 1282 2077 enim
1303 2053 1374 2077 ante
1396 2045 1504 2079 oculos
1527 2045 1641 2078 inentis
1663 2057 1808 2079 revocare
1824 2045 1946 2092 lapsum

1201 2093 1300 2139 ipsius
1316 2094 1405 2139 primi
1427 2094 1570 2139 pastoris,
1590 2094 1641 2141 qui
1663 2095 1737 2128 1111111
1762 2095 1947 2140 magistrum

1201 2143 1335 2187 negavit,
1354 2144 1496 2189 protinus
1520 2153 1551 2176 ut
1576 2144 1740 2190 poenituit.
1761 2157 1821 2178 11011
1845 2144 1947 2179 solum

1199 2192 1343 2237 gradum.
1370 2192 1414 2226 vel
1439 2193 1622 2238 dignitatem
1647 2193 1811 2239 apostolici
1834 2193 1948 2227 culmi-

1202 2242 1248 2275 nis
1276 2254 1336 2275 non
1360 2243 1473 2284 amisit,
1496 2242 1548 2275 sed
1575 2242 1677 2288 potius
1700 2243 1747 2276 sui
1771 2242 1862 2276 ovilis
1883 2255 1946 2277 cu—

1200 2291 1331 2325 stodiam
1360 2290 1507 2325 Christns
1530 2291 1571 2324 illi
1593 2291 1795 2338 postmodum
1818 2292 1948 2326 eviden-

1200 2340 1261 2373 tius
1287 2341 1466 2385 assignavit.
1496 2340 1588 2381 Quod
1618 2341 1659 2374 nil
1688 2341 1790 2379 alind,
1820 2350 1853 2375 ut
1875 2353 1947 2376 cre-

1200 2390 1325 2431 dimus,
1360 2402 1453 2435 quain
1488 2390 1645 2435 lapsorum
1680 2391 1837 2425 medicina
1879 2391 1946 2425 t'uit.

1201 2438 1337 2473 Proinde
1359 2438 1443 2473 fratri
1467 2448 1573 2473 nostro
1599 2439 1725 2485 Hugoni
1752 2439 1946 2475 Autissiodo-

1235 2509 1274 2544 (1)
1295 2509 1342 2535 llic
1358 2509 1694 2543 (pioquemaleadnotatnr
1714 2518 1730 2536 v
1747 2510 1863 2536 indictio.
1881 2518 1948 2544 quae

1199 2549 1248 2575 sub
1266 2550 1370 2575 loannis
1388 2551 1540 2584 pontilirntu
1563 2559 1612 2576 11011
1630 2550 1734 2582 cecidit,
1751 2559 1833 2584 qnare
1855 2554 1946 2577 immi.

1199 2589 1309 2615 sortasse
1326 2597 1362 2615 xv
1379 2589 1485 2623 legenda
1506 2591 1624 2617 videtur:
1647 2595 1675 2616 ut
1694 2599 1810 2625 congrue
1829 2592 1946 2622 §.u—›pio-

1200 2637 1258 2655 rum
1274 2636 1392 2655 crrorem
1412 2629 1592 2657 emendemus.
1632 2630 1670 2665 (9.)
1688 2631 1726 2656 Ex
1744 2634 1808 2657 tom.
1828 2638 1854 2657 ,11
1876 2630 1945 2658 Cou-

414 2651 585 2699 presbytcr.
605 2651 714 2686 Teudo
736 2652 908 2701 presbyter.
929 2652 1056 2688 Winizo
1076 2667 1159 2702 pres·
1177 2667 1182 2708 1
1198 2668 1240 2694 cit.
1258 2668 1306 2695 col.
1331 2668 1407 2695 1150.

1992 284 2043 309 An.
2059 281 2089 308 C.
2106 282 2176 314 1032

2007 805 2146 835 Subscriptio

2058 843 2102 865 PP.

1985 1819 2088 1849 Magnum
2105 1819 2167 1843 nefus

1986 1855 2006 1876 in
2056 1855 2164 1878 Pontific-

2010 1893 2143 1919 potestatem

2009 1926 2144 1950 dissolvendi

1983 1961 2076 1984 erimina
2133 1970 2172 1986 ruq->

1983 2004 2043 2025 gare.

1980 2077 2060 2108 Petrus
2101 2087 2164 2109 Clu-i·

1981 2126 2038 2144 stum
2086 2132 2167 2154 negans

1981 2166 2024 2181 nun
2037 2159 2110 2182 amisit
2131 2160 2166 2182 di-

1982 2196 2097 2226 fluitatem.
