2237 3127
217 306 270 334 An.
294 307 322 335 C.
351 308 402 335 443

244 1695 398 1724 Qnixereepi-

213 1731 276 1760 scopi
305 1731 397 1752 habendi

212 1766 264 1795 sint,
284 1771 304 1788 et
328 1766 397 1796 qualis

214 1802 324 1823 ordinati«.

212 1845 259 1859 esse
277 1839 355 1867 possit3

477 292 496 322 4
503 292 523 323 4

427 369 457 396 et
493 361 622 393 iterum:
660 355 770 396 Haec,
800 354 926 401 inquit,
962 353 1085 388 locutus
1106 366 1177 387 sum

429 410 527 453 vobis,
546 416 578 441 ut
595 408 624 441 in
643 420 691 441 me
713 416 820 452 pacem
842 402 993 443 habeatis,
1007 403 1038 436 in
1059 402 1177 437 mundo

427 470 531 496 autem
558 456 791 493 tribulationem
819 452 985 487 habebitis.
1009 452 1071 486 Sed
1094 451 1177 486 bono

426 511 532 544 animo
570 514 669 542 estote
687 533 695 546 ,
727 505 800 551 quia
828 514 886 548 ego
914 501 973 535 vici
1009 501 1175 535 mundum.

427 560 516 600 Quae
551 555 793 604 pollicitationes
821 555 872 595 (al,
907 551 980 597 quia
1014 551 1082 585 sine
1122 550 1178 584 du-

426 607 577 642 bitatione
616 604 799 639 manifestae
822 608 919 641 sunt,
946 600 1041 634 nullis
1076 599 1176 634 debe—

426 670 497 692 mus
539 654 696 690 scandalis
740 649 912 690 inlirmari3
950 661 988 683 ne
1030 648 1175 683 electioni

424 707 484 741 Dei
518 705 682 739 videamur
709 701 836 747 ingrati,
859 699 949 733 cuius
971 706 1032 732 tam
1063 706 1177 744 poten-

426 757 467 790 tia
497 762 569 789 sunt
590 751 756 793 adiutoria,
782 761 875 796 quam
899 759 969 782 vera
993 747 1155 793 promissa.

476 805 521 839 De
554 799 839 837 consultationibus
866 805 969 832 autem
997 796 1176 831 dilectionis

426 863 508 894 tuae,
536 865 613 900 quas
640 849 808 897 separatim
841 846 1035 893 conscriptas
1073 845 1177 879 archi-

427 904 579 937 diaconns
602 910 675 935 tuns
703 898 833 940 detulit,
870 895 946 943 quid
974 895 1175 929 sentiendum

425 954 463 986 sit
484 953 564 986 inter
600 956 778 998 praesentes
801 945 1010 993 opportunius
1045 956 1177 998 quaere-

427 1011 536 1045 retur,
571 1000 594 1033 si
638 998 726 1032 nohis
771 997 815 1030 tui
857 1003 1047 1041 conspectus
1085 1006 1175 1040 copia

428 1051 615 1097 proveniret.
640 1048 716 1082 Nam
733 1059 805 1080 cnm
828 1043 982 1091 quaedam
1006 1044 1177 1089 interroga-

426 1101 527 1134 tiones
563 1098 691 1132 modum
721 1094 903 1141 diligentiae
930 1093 1094 1127 videantur
1122 1104 1177 1126 ex-

425 1150 553 1188 cedere,
590 1147 731 1191 intelligo
759 1157 811 1179 eas
837 1143 1004 1188 colloquiis
1039 1142 1177 1188 aptiores

425 1212 506 1241 esse,
534 1210 626 1245 quam
650 1194 785 1241 seriptis:
814 1193 887 1240 quia
909 1192 991 1225 sicut
1021 1190 1175 1237 quaedam

425 1257 510 1287 sunt,
533 1260 612 1294 qnae
635 1245 719 1279 nulla
743 1250 874 1290 possunt
893 1242 1010 1275 ratione
1030 1240 1176 1284 convelli,

426 1306 477 1332 aut
505 1309 561 1344 pro
583 1293 834 1330 consideratione
857 1298 1012 1330 aetatum,
1041 1298 1094 1323 aut
1122 1302 1176 1335 pro

427 1346 660 1381 necessitudine
692 1355 794 1377 rerum
830 1349 970 1387 oporteat
1007 1339 1174 1385 temperari

426 1399 482 1439 (l):
508 1396 557 1429 illa
580 1406 704 1440 semper
727 1390 906 1425 conditione
934 1398 1065 1427 servata,
1091 1396 1122 1421 ut
1145 1388 1174 1422 in

428 1446 486 1485 his,
508 1457 588 1491 quae
616 1444 661 1476 vel
684 1441 780 1476 dubia
806 1439 934 1482 fuerint,
956 1446 1009 1473 ant
1030 1438 1175 1477 obscura,

427 1494 457 1528 id
501 1494 681 1528 noverimus
727 1488 942 1536 sequendum,
990 1487 1074 1534 quod
1119 1499 1175 1521 nee

427 1543 603 1590 praeceptis
619 1540 806 1586 evangelicis
828 1537 1031 1573 contrarium,
1049 1548 1105 1570 uec.
1120 1537 1176 1569 de-

425 1593 519 1627 cretis
541 1599 720 1626 sanctornm
749 1589 877 1622 Patrum
914 1587 1090 1621 inveniatur
1117 1586 1176 1620 ad-

428 1654 565 1676 versum.

475 1694 506 1725 st.
530 1691 621 1725 Nulla
644 1689 721 1723 ratio
744 1687 827 1725 sinit,
850 1694 881 1719 ut
906 1686 987 1719 inter
1009 1685 1175 1731 episcopos

425 1740 609 1782 habeantur,
639 1739 690 1785 qni
716 1750 771 1771 nec
795 1748 809 1770 a
833 1735 955 1770 clericis
977 1743 1049 1768 sunt
1073 1734 1174 1777 electi,

425 1802 483 1824 nec
505 1802 519 1823 a
543 1788 688 1836 plebibus
710 1785 850 1832 expetiti,
879 1797 936 1818 nec
958 1796 974 1817 a
998 1783 1176 1830 provincia-

425 1839 508 1873 libus
530 1837 689 1885 episcopis
710 1848 781 1870 cum
805 1833 1036 1879 metropolitani
1058 1832 1174 1867 iudicio

423 1888 608 1923 consecrati.
634 1885 725 1921 [nde
752 1896 823 1918 cum
851 1895 944 1929 saepe
966 1882 1108 1929 quaestio
1135 1882 1175 1916 de

426 1938 504 1972 male
531 1943 660 1983 accepto
684 1936 803 1968 honore
827 1940 983 1971 nascatur7
1007 1932 1078 1977 quis
1106 1944 1176 1965 arn-

425 1987 518 2033 higat,
541 1996 740 2032 nequaquam
769 1983 835 2016 istis
857 1994 925 2015 esse
960 1980 1173 2020 trilniendum,

424 2036 507 2082 quod
538 2048 600 2069 non
629 2034 761 2068 docetur
788 2031 884 2065 fuisse
920 2030 1082 2065 collatum?
1116 2032 1172 2073 (²2).

424 2086 456 2118 Si
480 2085 533 2132 qui
560 2093 664 2119 autem
692 2081 797 2116 clerici
818 2080 858 2114 ab
884 2081 952 2114 istis
984 2079 1175 2125 pseudoepi-

423 2135 528 2180 s·‹›pis
550 2134 580 2167 in
603 2134 649 2167 eis
670 2131 812 2166 ccelesiis
833 2129 967 2164 ordinati
988 2137 1072 2168 sunt,
1094 2140 1174 2174 quae

424 2184 459 2217 ad
474 2184 619 2230 proprios
634 2181 800 2228 episcopos
823 2179 1033 2226 pertinebant,
1051 2186 1081 2212 et
1093 2177 1174 2212 ordi-

425 2234 508 2267 natio
523 2244 630 2267 eorum
643 2242 715 2265 cum
729 2241 885 2264 consensu
899 2236 929 2262 et
957 2228 1075 2262 iudicio
1091 2238 1173 2273 prae-

423 2282 592 2316 sidentium
608 2280 686 2314 facta
701 2288 757 2316 est,
778 2286 879 2325 potest
907 2285 969 2311 rata
994 2277 1116 2316 haberi,
1133 2276 1173 2309 ita

424 2340 455 2365 ut
472 2331 502 2365 in
518 2331 592 2377 ipsis
607 2329 749 2364 ecclesiis
779 2334 978 2374 perseverent
1004 2328 1058 2368 45).
1074 2326 1175 2359 Aliter

422 2389 527 2414 autem
559 2392 637 2414 vana
668 2377 813 2412 habenda
835 2384 881 2410 est
897 2375 1065 2414 ordinatio,
1093 2386 1173 2421 quae

425 2430 560 2464 necloco
577 2428 704 2463 fundata
724 2435 782 2467 est,
799 2438 856 2460 nee
869 2425 1053 2460 auctoritate
1075 2423 1172 2458 unita.

1006 300 1085 321 ΒΓΗ,
1095 299 1192 321 tium!
1223 299 1313 322 ROMA
1320 299 1385 321 NI'M

1220 353 1327 387 autin
1355 351 1488 386 diaconii
1516 352 1614 399 gradu
1645 353 1760 389 fuerint
1785 355 1970 401 consecrati,

1220 402 1238 436 ii
1282 414 1338 448 pro
1380 401 1511 436 crimine
1545 402 1650 448 aliquo
1683 415 1741 437 sno
1769 416 1825 450 per
1857 417 1970 440 manns

1219 450 1451 497 impositionem
1479 451 1653 485 remedium
1676 452 1832 498 accipiant
1858 454 1970 499 poeni-

1219 500 1315 534 tendi:
1351 500 1435 546 quod
1485 501 1552 535 sine
1587 500 1685 535 dubio
1728 514 1767 536 ex
1799 503 1969 548 apostolica

1218 549 1385 584 traditione
1405 549 1567 584 descendit
1582 550 1758 584 secundum
1774 551 1858 598 quod
1874 552 1971 600 scrip-

1218 606 1284 633 tum
1308 606 1366 633 est:
1385 598 1531 633 sacerdos
1553 600 1577 633 si
1602 600 1788 646 peccaverit,
1811 600 1882 647 quis
1899 613 1971 635 ora-

1218 648 1263 682 bit
1286 660 1342 695 pro
1364 648 1418 682 eo?
1434 651 1489 691 (l).
1506 648 1597 683 Unde
1614 648 1794 683 huiusmodi
1811 649 1919 696 lapsis,
1931 650 1970 685 ad

1218 697 1460 744 promerendam
1490 697 1740 732 misericordiam
1759 698 1833 742 Dei,
1855 699 1970 745 privata

1217 754 1265 781 est
1291 747 1467 792 expetenda
1488 747 1624 781 secessio
1645 760 1651 781 ε
1677 746 1728 781 ubi
1759 747 1822 782 illis
1847 748 1972 783 satisfa-

1218 795 1296 835 ctio,
1324 796 1349 829 si
1377 795 1470 830 fuerit
1487 795 1598 842 digna,
1621 796 1660 830 sit
1687 796 1780 830 etiam
1799 797 1968 832 fructuosa.

1267 846 1300 878 6.
1324 844 1389 879 Lex
1404 845 1616 879 continentiae
1631 845 1741 880 eadem
1756 853 1803 880 est
1819 846 1972 882 ministris

1218 894 1334 933 altaris,
1357 906 1437 941 quae
1452 894 1628 940 episcopis,
1651 903 1745 941 atque
1768 895 1968 943 presbyteris.

1217 943 1278 985 Qui
1302 955 1373 977 cum
1401 951 1506 978 essent
1534 943 1604 977 laici
1627 944 1694 978 sive
1721 945 1864 985 lectores,
1887 944 1970 980 licite

1217 1000 1247 1027 et
1270 1005 1383 1027 uxores
1410 992 1525 1027 ducere
1561 1001 1591 1027 et
1625 992 1705 1027 filios
1732 1005 1896 1039 procreare
1919 1006 1972 1041 po-

1218 1050 1364 1076 luerunt:
1392 1042 1447 1076 sed
1481 1054 1551 1077 cum
1579 1041 1618 1076 ad
1655 1042 1831 1089 praedictos
1854 1055 1970 1090 perve-

1219 1091 1322 1126 nerint
1341 1091 1468 1137 gradus‚
1489 1092 1591 1138 coepit
1612 1091 1656 1126 eis
1677 1103 1739 1126 non
1759 1091 1864 1133 licere,
1883 1093 1971 1140 quod

1217 1140 1316 1175 licuit.
1345 1141 1448 1182 Unde,
1471 1148 1505 1175 ut
1532 1141 1571 1175 de
1594 1141 1709 1175 carnali
1734 1141 1785 1175 liat
1806 1142 1970 1188 spirituale

1217 1189 1413 1236 coniugium„
1436 1198 1624 1237 oporteteos
1646 1202 1704 1225 nec
1720 1190 1878 1225 dimittere
1897 1204 1971 1226 uxo-

1218 1251 1279 1280 res,
1307 1248 1337 1273 et
1359 1240 1448 1286 quasi
1476 1252 1537 1274 non
1573 1239 1725 1284 habeant,
1755 1240 1800 1275 sic
1827 1239 1966 1281 habere,

1217 1301 1292 1336 quo,
1320 1297 1349 1323 et
1376 1289 1459 1324 salva
1482 1289 1521 1324 sit
1543 1289 1657 1323 caritas
1678 1289 1917 1337 coniugiorum,
1938 1298 1970 1326 et

1217 1346 1341 1373 cessent
1364 1350 1459 1385 opera
1482 1339 1663 1385 nuptiarum
1687 1341 1742 1384 (2).

1268 1391 1300 1421 7.
1333 1387 1402 1422 Non
1442 1388 1546 1422 omnis
1597 1387 1709 1422 mulier
1746 1387 1851 1423 iuncta
1883 1388 1968 1430 viro,

1218 1449 1296 1471 uxor
1336 1446 1381 1471 est
1421 1437 1493 1471 viri:
1533 1437 1604 1484 quia
1643 1449 1700 1471 nec
1744 1438 1849 1472 omnis
1887 1437 1969 1473 filius

1217 1486 1327 1520 haeres
1353 1494 1400 1521 est
1434 1485 1530 1533 patris
1557 1489 1610 1530 (ὃ).
1647 1486 1833 1533 Nuptiarum
1861 1494 1966 1522 autem

1217 1535 1342 1570 foedera
1370 1536 1452 1569 inter
1479 1536 1633 1581 ingenuos
1664 1545 1737 1570 sunt
1768 1536 1908 1582 legitima
1937 1544 1968 1570 et

1217 1585 1298 1619 inter
1319 1584 1478 1632 aequales,
1508 1585 1604 1619 multo
1635 1585 1722 1630 prius
1748 1584 1808 1620 hoc
1842 1585 1967 1632 ipsum,

1216 1634 1353 1668 Domino
1381 1634 1603 1673 constituente,
1634 1646 1729 1681 quam
1756 1634 1879 1669 initium
1913 1647 1967 1670 ro-

1216 1684 1299 1717 mani
1323 1684 1400 1718 iuris
1422 1684 1569 1718 existeret
1596 1686 1645 1727 (a).
1670 1683 1777 1730 ltaque
1808 1683 1893 1718 aliud
1920 1692 1967 1719 est

1217 1745 1309 1774 uxor,
1337 1732 1423 1767 aliud
1450 1732 1650 1767 concubina:
1685 1734 1767 1767 sicut
1793 1733 1877 1768 aliud
1910 1745 1968 1768 an-

1215 1782 1303 1825 cilla,
1329 1783 1413 1816 aliud
1442 1782 1548 1816 libera.
1587 1782 1718 1829 Propter
1748 1782 1831 1829 qnod
1871 1782 1964 1817 etiam

1215 1832 1397 1878 Apostolus,
1420 1831 1458 1865 ad
1481 1831 1741 1866 manifestandam
1766 1832 1875 1866 harum
1899 1844 1965 1879 per-

1215 1893 1363 1915 sonarum
1384 1881 1619 1923 discretionem,
1639 1881 1854 1915 testimonium
1879 1881 1966 1926 ponit

1215 1943 1253 1964 ex
1289 1930 1426 1970 Genesi,
1463 1930 1514 1964 nbi
1547 1930 1662 1964 dicitur
1688 1929 1851 1965 Abrahae:
1878 1930 1965 1965 Eiice

1216 1979 1361 2013 ancillam
1384 1987 1413 2013 et
1437 1979 1532 2013 lilium
1553 1979 1632 2013 eius.
1655 1979 1725 2013 Non
1748 1980 1831 2014 enim
1856 1979 1967 2014 haeres

1215 2028 1273 2063 erit
1301 2028 1382 2063 filius
1415 2028 1548 2063 ancillae
1574 2040 1645 2062 eum
1681 2029 1744 2063 lilio
1771 2029 1889 2064 liberae
1915 2031 1965 2072 (b).

1215 2077 1306 2112 Unde
1328 2089 1398 2111 cum
1421 2078 1556 2112 societas
1583 2077 1764 2124 nuptiarum
1786 2078 1827 2112 ita
1849 2078 1888 2113 ab
1910 2078 1964 2112 ini-

1215 2127 1257 2161 tio
1279 2127 1447 2161 constituta
1469 2127 1520 2167 sit,
1545 2136 1577 2161 ut
1601 2135 1722 2173 praeter
1734 2139 1868 2161 sexuum
1886 2139 1966 2162 con—

1215 2176 1408 2210 iunctionem
1438 2176 1552 2210 habere
1581 2176 1611 2210 in
1638 2188 1672 2210 se
1706 2176 1822 2210 Christi
1851 2184 1882 2210 et
1907 2176 1967 2211 Ec-

1215 2226 1328 2260 clesiae
1362 2234 1607 2269 sacramentum,
1641 2225 1774 2259 dubium
1810 2237 1872 2260 non
1905 2234 1965 2270 est,

1215 2287 1282 2308 eam
1319 2274 1483 2309 mulierem
1518 2287 1581 2309 non
1613 2274 1770 2322 pertinere
1792 2275 1833 2309 ad
1858 2275 1966 2309 matri-

1214 2323 1377 2363 monium,
1413 2323 1443 2357 in
1476 2336 1536 2370 qua
1574 2336 1634 2358 non
1662 2323 1793 2358 docetur
1826 2323 1966 2370 nuptiale

1216 2373 1311 2407 luisse
1332 2372 1516 2420 mysterium
1531 2375 1587 2417 tl)-
1602 2373 1702 2420 Igitur
1722 2372 1890 2408 cuiuslibet
1903 2372 1963 2408 loci

1215 2422 1360 2467 clericus,
1375 2422 1400 2456 si
1425 2422 1518 2456 filiam
1545 2434 1634 2457 suam
1658 2423 1724 2458 viro
1743 2422 1868 2457 habenti
1891 2433 1966 2457 con-

2001 312 2055 341 An.
2079 312 2109 341 C.
2136 312 2187 340 443

2002 389 2083 412 detecti
2093 397 2132 420 per
2144 396 2188 411 ma-

2001 433 2041 447 nns
2060 424 2188 455 impositko-

2001 467 2052 483 nem
2069 462 2189 489 poeniteu—

2002 495 2045 517 tiae
2065 494 2186 516 remedium

2002 537 2046 552 non

2002 569 2106 596 quantur.

2107 537 2187 552 tonse-

2026 864 2119 887 Dincnni
2129 865 2188 888 sieut

2002 899 2122 930 episeopus
2165 903 2188 923 tt

2001 934 2117 964 presbyter
2133 943 2187 958 ces—

2000 973 2049 988 sare
2066 965 2147 989 debent
2159 966 2186 989 ab

2002 1004 2070 1027 opere
2101 997 2185 1020 eoniu-

2003 1032 2055 1063 gali.

2016 1392 2083 1415 Aliud
2090 1394 2124 1415 ost
2133 1401 2187 1416 uxor

2000 1428 2059 1451 atiud
2097 1437 2187 1452 concu-

1999 1463 2060 1487 bion.

228 2478 349 2507 Presbyteri
360 2482 396 2500 aut

210 2513 298 2535 diaconi
314 2515 334 2535 in
352 2515 396 2536 ali-

212 2557 253 2577 qu„
424 2529 558 2568 siastica,
595 2536 626 2561 ut
662 2526 714 2574 qui
750 2525 779 2559 in
810 2523 1012 2572 presbyterali
1040 2523 1173 2566 honore,

304 2551 395 2573 crimino
1250 2550 1373 2587 (t)D1st.
1391 2551 1434 2577 50.
1458 2552 1580 2577 Alienum
1598 2555 1645 2584 σει,
1666 2559 1725 2586 cap.
1751 2551 1795 2578 (57.
1834 2551 1873 2586 (Εἰ)
1897 2551 1965 2579 Dist.

460 2607 498 2641 (Ι)
515 2607 581 2632 ΒΜ.
603 2606 630 2631 Η,
660 2613 683 2631 c·
701 2606 726 2631 ὅ.
759 2604 798 2638 (2)
815 2603 881 2629 Dm·
900 2602 933 2627 Οἳ]
956 2609 979 2627 ς,
994 2602 1075 2627 Num,
1090 2603 1171 2626 sall-0,
1192 2598 1195 2617 1
1213 2593 1257 2624 5¹,
1275 2600 1298 2618 c.
1317 2593 1369 2618 Lex
1384 2594 1561 2617 continentiae
1580 2592 1603 2617 1.
1622 2591 1684 2625 neg.
1706 2592 1729 2617 ¹.
1767 2590 1806 2625 (5)
1817 2592 1851 2617 32
1861 2595 1964 2625 quaest.

422 2646 463 2681 (5)
484 2648 491 2672 Ι
514 2656 522 2672 t
535 2628 606 2672 nat-<1
637 2626 648 2671 ἰ
670 2653 693 2671 ς,
716 2646 741 2670 ql·
756 2654 762 2668 4
775 2646 801 2670 m·
817 2645 913 2669 (gerici.
938 2622 991 2677 ⁵(4‘)
1016 2640 1110 2668 masth„
1127 2640 1172 2667 28,
1192 2647 1195 2666 t
1213 2633 1239 2659 2.
1258 2632 1318 2658 Non
1338 2634 1422 2657 omnis
1441 2633 1547 2656 mulier.
1566 2630 1604 2665 (n)
1621 2631 1653 2656 27
1670 2634 1773 2664 (maest.
1794 2631 1820 2655 ι).
1843 2631 1907 2655 (Ῑιιιιι
1923 2638 1966 2656 so-

426 2687 497 2713 loin„
523 2655 564 2712 {0
583 2667 593 2672 “
613 2666 617 2671 ”
715 2663 727 2671 “
761 2656 770 2677 ¹
1191 2668 1301 2737 jeseias.
1339 2671 1378 2708 (a)
1397 2670 1465 2698 Gen.
1482 2671 1517 2704 2,
1535 2672 1579 2697 ει.
1618 2670 1657 2706 (o)
1678 2670 1764 2697 Galat.
1787 2670 1813 2703 ιι,
1834 2671 1902 2697 oen.
1919 2670 1964 2697 21.

475 2484 506 2514 5.
530 2479 677 2512 Alienum
700 2484 746 2511 est
773 2488 789 2510 a
814 2474 1045 2510 consuetudine
1071 2473 1175 2508 eccle-

1193 2622 1195 2637 l
