2237 3127
606 500 851 582 INDEX
905 494 1290 579 thTlittlS

379 671 615 708 BULLARUM
638 670 819 713 OMNIUM,
842 669 945 712 QUAE
971 669 1009 703 iN
1032 667 1119 703 HOC
1140 666 1260 702 TOMO
1284 664 1529 709 HABENTUR,

686 803 792 836 ordine
813 801 1001 846 alphabetico
1022 799 1198 844 dispositae.

545 1149 572 1182 Α

184 1243 375 1290 Accepimus
397 1242 505 1285 vestri,
525 1254 596 1286 pay.
621 1243 703 1275 224.

184 1292 233 1326 Ad
256 1292 448 1338 apostolatus
467 1291 577 1334 nostri,
600 1292 682 1324 602.

184 1341 232 1376 Ad
260 1342 318 1375 lioc
341 1341 476 1380 divinae,
501 1342 582 1374 550.

185 1391 232 1425 Ad
260 1390 320 1424 hoc
354 1391 382 1423 in
412 1388 596 1423 sacerdotali
618 1387 768 1426 culmine,
791 1389 873 1421 617.

187 1439 234 1474 Ad
259 1439 318 1473 lioc
347 1452 403 1472 nos
425 1438 529 1472 divino
559 1437 726 1484 provvisio,
752 1439 832 1469 541.

186 1488 500 1523 Administrationem
521 1487 633 1521 vicium
650 1494 840 1525 nostrarum,
859 1486 938 1518 152.

186 1537 345 1572 Admonet
368 1538 541 1581 nos,155.

186 1588 235 1622 Ad
261 1585 446 1632 pastoralem
470 1585 612 1632 quidem,
634 1585 715 1618 546.

187 1636 360 1682 AEquiiatis
383 1647 439 1669 nos
460 1635 624 1673 admonet,
647 1635 729 1667 208.

187 1686 340 1727 Agnitum
364 1697 444 1723 esse,
472 1685 554 1717 261.

189 1735 373 1770 Anastasius
396 1733 574 1780 presbyter,
598 1734 681 1765 292.

188 1783 393 1830 Apostolatus
416 1783 511 1816 nostri
535 1781 714 1822 solicitudo,
737 1782 818 1814 510.

190 1833 390 1880 Apostolicae
411 1831 515 1874 Sedis,
543 1833 626 1869 259,
651 1832 732 1863 628.

191 1882 365 1928 Apostolici
389 1880 537 1914 culminis
559 1888 617 1921 est,
641 1881 723 1912 484.

191 1931 402 1969 Arbitramnr,
426 1938 508 1963 tuam
532 1929 785 1968 sanctimoniam,
810 1928 891 1961 571.

192 1980 318 2015 Auditis
341 1979 560 2017 nefandorum,
585 1979 666 2011 569.

557 2078 584 2113 B

195 2182 373 2218 Barbaricis
394 2182 558 2221 hactenus,
581 2182 648 2215 95:

195 2233 293 2267 Beate
315 2232 419 2271 Petre,
442 2233 524 2265 591.

196 2281 369 2316 Benedicta
391 2280 541 2320 Trinitas,
566 2281 647 2314 155.

196 2330 278 2366 Boni
301 2329 553 2378 patresfamilias,
582 2331 664 2363 557.

561 2425 589 2462 C

201 2521 365 2559 Catholica
387 2527 569 2556 sanctorum
589 2519 732 2563 Petrum,
755 2521 838 2554 230.

202 2572 409 2617 Compertum
432 2569 573 2605 charitati
597 2578 735 2612 vestrae,
758 2571 840 2603 604.

203 2620 357 2656 Conditor
383 2619 604 2659 universitatis,
628 2620 709 2653 588.

204 2669 361 2706 Convenit
381 2668 566 2719 apostolatui
591 2675 710 2709 nostro,
734 2669 816 2708 429,
839 2667 921 2701 608.

981 1142 1137 1179 Convenit
1170 1141 1344 1188 apostolico
1384 1138 1610 1179 moderamini,
1651 1140 1733 1179 157,

1032 1196 1114 1236 512,
1138 1194 1220 1232 557,
1245 1193 1327 1231 570,
1351 1192 1433 1229 575,
1450 1190 1531 1226 579,
1548 1189 1631 1230 586,
1648 1189 1732 1228 589,

1032 1239 1734 1285 599,402,404,427,475,485,5t5,

964 1290 965 1303 ³
1033 1288 1735 1334 556,555,581,582,585,602,606,

1033 1342 1116 1379 629,
1144 1341 1228 1373 644.

984 1389 1141 1423 Convenit
1167 1388 1264 1427 enim,
1294 1389 1375 1421 560.

983 1437 1128 1472 Creditae
1152 1436 1255 1476 nobis,
1275 1438 1356 1470 475.

984 1487 1130 1521 (Ji-editae
1153 1485 1391 1533 speculationis,
1417 1486 1499 1523 591,
1522 1485 1604 1517 627.

983 1536 1065 1570 Cum
1088 1544 1206 1570 certum
1230 1534 1281 1575 sit,
1308 1536 1388 1574 172,
1412 1535 1494 1567 421.

983 1585 1065 1620 Cum
1092 1591 1225 1624 constat,
1248 1585 1331 1617 479.

983 1635 1063 1668 Cum
1086 1641 1218 1673 constet,
1243 1635 1326 1675 444,
1350 1634 1432 1671 494,
1452 1633 1536 1671 498,
1554 1631 1637 1674 516,
1654 1631 1736 1664 520.

984 1684 1065 1719 Cum
1090 1691 1265 1718 conventus
1286 1689 1369 1716 esset
1396 1681 1508 1719 factus,
1532 1681 1614 1714 459.

985 1733 1066 1767 Cum
1095 1732 1133 1767 de
1155 1730 1426 1769 ordinationibus,
1450 1732 1507 1764 59.

987 1782 1067 1817 Cum
1091 1782 1195 1815 divina
1218 1780 1329 1824 simus,
1352 1781 1435 1813 290.

987 1831 1068 1866 Cum
1093 1843 1150 1876 ego
1171 1830 1318 1868 Ioannes,
1340 1831 1423 1862 414.

989 1881 1070 1914 Cum
1094 1880 1238 1925 exigente
1257 1890 1342 1919 cura,
1366 1879 1448 1912 622.

989 1930 1070 1964 Cum
1095 1941 1132 1963 ex
1156 1927 1393 1966 venerabilium,
1415 1928 1498 1961 625.

990 1979 1071 2013 Cum
1096 1979 1125 2012 in
1149 1976 1325 2019 exarandis,
1351 1978 1432 2010 425.

991 2029 1071 2062 Cum
1095 2027 1190 2073 igitur
1210 2026 1449 2065 monasterium,
1473 2026 1555 2059 461.

992 2077 1073 2111 Cum
1091 2088 1201 2122 magna
1217 2075 1321 2114 nobis,
1347 2076 1429 2113 158,
1451 2076 1534 2114 259,
1553 2074 1637 2117 262,
1659 2075 1744 2117 401,

1042 2124 1745 2168 410,446,447,448,452,491‚541.

993 2175 1073 2209 Cum
1097 2186 1209 2220 magna
1232 2173 1446 2215 solicitudine,
1469 2174 1551 2206 266.

993 2223 1074 2258 Cum
1099 2224 1232 2257 maxima
1256 2222 1360 2265 nobis,
1382 2224 1464 2256 254.

994 2272 1076 2307 Cum
1106 2272 1210 2307 omnis
1236 2271 1391 2311 Ecclesia,
1422 2272 1501 2305 162.

995 2321 1075 2357 Cum
1098 2321 1239 2356 omnium
1264 2320 1418 2363 fidelium,
1448 2322 1530 2355 549.

996 2370 1076 2406 Cum
1101 2370 1169 2417 piae
1191 2370 1366 2413 desideriis,
1389 2371 1471 2404 267.

997 2420 1078 2454 Cum
1091 2420 1160 2467 piae
1170 2419 1362 2453 desiderium
1373 2418 1554 2459 voluntatis,
1572 2420 1654 2459 170,
1668 2420 1751 2452 450.

997 2469 1078 2503 Cum
1104 2469 1171 2515 piae
1195 2468 1372 2515 petitiones.
1399 2469 1481 2502 614.

998 2518 1079 2552 Cum
1103 2518 1172 2565 piae
1195 2517 1376 2560 voluntatis,
1402 2518 1484 2551 519.

999 2567 1080 2602 Cum
1104 2566 1390 2613 religiosissimum,
1412 2567 1496 2601 271.

1000 2616 1082 2651 Cum
1104 2616 1267 2650 Romanae
1290 2614 1393 2655 Sedis,
1417 2616 1500 2657 295,
1529 2615 1612 2649 578.

1002 2665 1084 2700 Cfim
1106 2676 1232 2713 semper
1255 2665 1332 2706 sint,
1359 2666 1444 2699 245.
