2237 3127
511 234 556 266 14

447 306 490 344 in
515 303 766 357 propaganda
787 303 835 341 ad
858 311 1053 341 extremos
1080 301 1186 353 orbis
1204 300 1313 343 fines,
1329 300 1457 339 missis
1475 299 1736 353 undequaque
1750 300 1869 340 divini
1886 301 1997 340 verbi

108 393 266 427 ceteraque
278 391 422 419 omniain-
449 365 731 419 praeconibus,
765 363 984 413 evangelica
1019 363 1205 400 doctrina.
1242 362 1343 399 Hinc
1376 370 1481 413 patet
1515 375 1705 399 novarum
1739 362 1997 400 Ecclesiarum

106 432 356 492 ἓίξῑῡέᾟζξυῧέἒξ
370 428 421 491 ffess-
447 429 601 473 erectio,
611 426 671 463 vel
684 434 901 463 erectarum
917 432 1051 461 mutua
1066 423 1173 470 unio,
1189 432 1254 460 aut
1267 423 1381 460 etiam
1399 422 1553 460 divisio:
1570 422 1659 459 hinc
1675 425 1997 471 monasticorum,

106 472 243 529 nesicalnx
265 488 419 531 auctorita-
445 489 505 527 vel
536 487 760 526 militarium
788 485 973 524 ordinum
1008 485 1226 531 institutio,
1256 497 1452 522 sacrarum
1474 484 1702 521 societatum
1731 484 1996 534 confirmatio,

83 539 85 542 .
106 540 161 565 “³¹¹¹
183 540 345 568 ³d⁵¹s¹¹¹¹¹¹¹¹
447 549 739 602 privilegiorum
759 556 844 585 tum
863 546 1045 593 ecclesiis,
1072 554 1155 583 tum
1173 545 1419 588 monasteriis
1444 545 1654 585 concessio.
1678 546 1856 596 Denique
1881 547 1996 584 innu-

443 624 552 649 mera
566 610 628 647 hic
645 617 912 659 congeruntur
927 607 1173 654 documenta,
1193 620 1239 644 ex
1255 606 1398 658 quibus
1418 606 1607 643 evincitur
1622 607 1836 643 Romanam
1855 607 1995 645 Sedem

441 685 597 723 semper
628 679 666 708 et
685 670 831 721 ubique
851 670 1039 720 primatus
1060 668 1172 714 illius,
1192 682 1309 720 quem
1329 676 1462 705 sancto
1479 669 1604 714 Petro,
1620 668 1780 719 eiusque
1799 682 1997 706 successo-

445 734 554 771 ribus
578 732 757 771 Christus
787 732 978 769 Dominus
998 729 1185 782 singulari
1206 729 1406 781 privilegio
1426 730 1634 775 concessit,
1653 729 1734 766 iura
1758 730 1994 767 exercuisse:

441 794 548 833 unde
577 793 784 831 manifesto
813 793 985 829 inscitiae
1010 800 1076 829 aut
1104 791 1368 842 impudentiae
1395 791 1448 828 rei
1475 791 1762 828 convincuntur
1786 800 1996 829 novatores

441 856 571 908 aliqui,
589 855 655 908 qni
674 856 872 892 Romanos
889 853 1093 891 Pontifices
1111 852 1393 904 posterioribus
1409 860 1561 889 tantum
1580 852 1739 890 saeculis
1762 861 1996 904 potestatem

442 931 552 956 suam
568 926 646 955 tam
662 916 776 966 longe
794 914 1052 967 protendisse,
1068 928 1197 967 neque
1217 914 1317 951 illius
1338 914 1498 963 vestigia
1514 914 1714 951 remotiori
1732 927 1826 951 aevo
1842 915 1996 966 uspiam

446 978 593 1026 adesse,
608 977 704 1015 falso
724 986 762 1014 et
780 991 849 1029 per
871 976 1103 1014 calumniam
1124 975 1238 1013 nobis
1259 975 1487 1013 obtrudunt.

498 1039 559 1078 Ad
588 1038 793 1078 consilium
823 1037 931 1090 quod
956 1039 1108 1075 attinet:
1136 1037 1183 1074 ad
1216 1051 1353 1074 manus
1377 1037 1483 1088 operi
1504 1035 1768 1074 admovendas
1791 1036 1911 1074 fateor
1934 1050 1999 1074 me

106 1107 222 1147 miliarii
242 1107 423 1141 antiquarum
449 1100 661 1139 adductum
689 1100 807 1137 fuisse
836 1113 883 1136 ex
913 1108 1117 1150 perspecto
1137 1098 1388 1150 antiquorum
1416 1097 1677 1135 Bzcllctrzorzmz
1699 1097 1867 1145 defectu,
1893 1111 1999 1135 sum-

107 1144 263 1212 {ilniffiifliil
280 1144 423 1205 nffifiegta:
450 1176 592 1214 maque
628 1161 944 1199 constitutionum
980 1160 1269 1211 Pontz'stciatwn
1295 1159 1480 1211 parcitate
1507 1172 1550 1196 ac
1583 1159 1735 1210 inopia,
1760 1173 1836 1210 qua
1866 1160 1998 1196 omnia

106 1214 423 1284 gpiffiffiigrtu1silium
450 1225 652 1271 laborant,
683 1223 742 1260 cui
775 1236 854 1259 non
886 1221 995 1259 aliter
1029 1221 1177 1258 consuli
1210 1234 1349 1272 posse,
1375 1234 1493 1272 quam
1522 1220 1714 1267 uberiori,
1741 1220 1998 1273 ampliorique

443 1299 635 1324 novarum
662 1284 861 1322 Bullarum
891 1283 1138 1323 collectione..
1164 1282 1259 1319 mihi
1287 1282 1414 1319 visum
1448 1290 1516 1319 est.
1546 1282 1695 1320 Omnes
1726 1283 1792 1333 qui
1822 1282 1996 1333 praeiere

445 1347 711 1385 Bullariormn
731 1345 898 1382 editores
927 1345 1039 1381 novis
1065 1344 1181 1381 Bullis
1202 1344 1379 1395 proprias
1404 1342 1650 1380 collectiones
1677 1356 1830 1394 semper
1856 1357 1999 1394 augere

449 1408 706 1453 studuerunt,
736 1406 902 1457 aliquas,
932 1420 1030 1457 quae
1061 1405 1238 1444 nondum
1267 1405 1476 1456 impressae
1506 1405 1659 1442 fuerant
1688 1404 1908 1450 adiicendo,
1936 1405 1999 1443 vel
2036 1429 2040 1434 ·

448 1469 770 1521 compilationum
790 1481 948 1505 suarum
969 1468 1121 1504 initium
1142 1466 1254 1504 altius
1272 1466 1501 1518 repetendo,
1514 1474 1553 1503 et
1571 1480 1591 1502 a
1608 1466 1883 1503 remotioribus
1900 1468 2000 1504 Pon-

449 1530 619 1568 tificibus
640 1528 891 1567 exordiendo.

501 1593 558 1629 Ex
575 1589 796 1628 huiusmodi
811 1590 1060 1635 editionibus,
1076 1603 1175 1642 qnae
1190 1589 1352 1641 diversis
1366 1589 1608 1640 temporibus
1625 1587 1816 1640 prodiere,
1829 1597 2000 1639 quatuor

108 1658 204 1697 hiillis
215 1662 336 1693 quatuor
347 1666 424 1703 Prae-
447 1653 676 1706 praesertim
703 1652 764 1689 hic
786 1651 1042 1688 adnumerare
1063 1665 1203 1703 operae
1228 1652 1396 1702 pretium
1426 1651 1538 1696 duxi,
1567 1664 1613 1687 ex
1641 1649 1783 1701 quibus
1806 1650 1877 1687 etsi
1904 1649 1999 1688 aliae

107 1700 189 1755 iiii—im
235 1694 424 1721 adnumeran-
448 1715 530 1752 aliis
572 1714 683 1766 copia
723 1713 917 1755 Bullarum
951 1721 1172 1764 praestant,
1205 1712 1458 1751 nihilominus
1494 1711 1597 1749 nulla
1636 1720 1719 1759 est,
1753 1725 1851 1763 quae
1887 1711 2000 1749 valde

454 1775 700 1827 imperfecta,
727 1784 765 1812 et
794 1774 989 1812 Bullarum
1018 1774 1172 1811 raritate
1199 1788 1334 1811 manca
1365 1788 1446 1811 non
1474 1774 1533 1811 sit.

505 1838 634 1876 Prima
663 1836 838 1874 collectio
871 1837 1017 1873 Romae
1044 1836 1189 1886 prodiit
1216 1848 1320 1872 anno
1352 1835 1467 1882 1550Ἶ
1498 1835 1571 1872 sub
1596 1834 1723 1872 titulo:
1767 1834 1908 1872 thllcze
1939 1833 2000 1871 di-

108 1897 130 1959 ¹¹1³
128 1904 201 1961 1131213
232 1899 426 1969 Ῐθῑζέῧῑδῦῃῧῖἆ
450 1913 644 1937 versorum
683 1898 909 1943 Pomzficmn
945 1911 971 1935 α
1004 1898 1149 1935 Ioanne
1181 1897 1305 1934 XXII
1332 1897 1390 1934 ad
1424 1897 1567 1934 Iulium
1600 1897 1665 1933 lll
1691 1911 1741 1933 ecc
1773 1895 1999 1935 bibliotheca

109 1963 225 2008 Hiqrdn.
247 1970 280 1996 de
306 1957 425 1998 (jhm-tii-
451 1961 636 1999 Ludowz'ci
659 1960 819 2005 Gomes;
837 1960 985 1997 Romae
1007 1959 1120 2011 apud
1137 1960 1419 2010 Ilier‘oqwnam
1438 1958 1485 1995 de
1509 1958 1777 2003 clmrmlariis,
1797 1957 1910 2003 in-40,
1934 1957 1997 1995 cui

110 2003 203 2032 ¹³¹i¹¹s³
452 2023 638 2060 successit
669 2035 812 2073 paucos
843 2030 933 2072 post
963 2035 1087 2059 annos
1119 2021 1188 2058 alia
1219 2020 1353 2058 similis
1376 2021 1547 2058 romanis
1567 2020 1720 2070 vulgata
1748 2020 1868 2070 typis,
1892 2033 1998 2057 anno

146 2093 275 2133 Secunda
322 2094 427 2136 ibit—lgm
460 2083 569 2134 1559,
585 2083 696 2134 apud
710 2084 922 2120 Antonium.
941 2082 1148 2128 Blczslc'lmz,
1174 2095 1272 2134 quae
1287 2082 1422 2133 incipit
1436 2095 1455 2117 a
1476 2081 1669 2119 Bonifacio
1692 2080 1782 2118 VIII
1800 2089 1838 2118 et
1857 2080 2002 2118 desinit

112 2129 425 2164 apudssladiun1,¹009:
452 2145 493 2182 in
516 2144 677 2182 Paulum
704 2143 771 2191 IV,
796 2158 894 2196 quae
917 2158 1035 2195 quam
1057 2144 1174 2181 exiles
1201 2152 1238 2180 et
1267 2143 1416 2179 ieiunae
1442 2143 1532 2187 sint,
1559 2143 1686 2179 statim
1718 2142 1926 2182 innotescit
1952 2155 2001 2180 ex

453 2220 619 2244 numero
645 2205 840 2243 Bullarum
868 2219 965 2257 quas
992 2206 1203 2242 continent.
1233 2204 1361 2242 Prima
1395 2205 1495 2244 enim
1528 2205 1592 2240 vix
1626 2203 1750 2240 Rullus
1780 2204 2001 2253 sexaginta,

455 2268 573 2306 altera
598 2281 679 2305 non
702 2267 789 2318 plus
810 2281 926 2318 quain
956 2276 1034 2304 tres
1062 2280 1178 2317 supra
1207 2275 1365 2303 centum
1392 2274 1430 2303 et
1458 2266 1654 2315 sexaginta
1682 2273 1871 2310 numerat,
1900 2265 2003 2302 inter

455 2344 552 2382 quas
568 2329 684 2367 etiam
699 2328 899 2375 nonnulla,
913 2342 1012 2380 quae
1027 2328 1144 2378 vulgo
1160 2336 1448 2378 nuncupantur,
1465 2327 1718 2364 Baunimenta
1734 2325 2000 2364 includuntur.

456 2392 559 2430 Hinc
578 2391 662 2428 iure
685 2390 834 2441 optimo
857 2403 1015 2427 necesse
1034 2389 1106 2426 fuit
1131 2389 1284 2426 tertiam
1306 2388 1516 2426 editionem
1537 2389 1677 2425 iterum
1699 2389 1843 2425 Romae
1862 2387 2001 2425 excudi

457 2467 562 2491 anno
598 2451 718 2504 1579,
747 2451 852 2503 typis
878 2450 1052 2488 eiusdem
1087 2450 1228 2498 Bladii,
1260 2450 1334 2487 hoc
1370 2449 1509 2487 titulo:
1549 2450 1728 2489 collectio
1764 2449 1999 2487 diversarum

136 2523 251 2564 ‘Ti-ertia,
271 2525 375 2566 elapsis
395 2527 431 2554 vi·
463 2515 777 2553 constitutionum
798 2521 835 2550 et
862 2512 1081 2549 Literarwn
1102 2512 1366 2549 Romanorum
1386 2511 1612 2561 Ponlificum
1643 2525 1670 2548 cz
1701 2510 1886 2563 Gregorio
1920 2510 1961 2546 V
1959 2509 2005 2548 ll

116 2563 432 2627 ffiiifffflgfflgf'dem
459 2576 518 2614 ad
542 2576 772 2627 Gregorium
790 2571 904 2610 XIII.
924 2573 1049 2610 Huius
1067 2573 1351 2624 compilationis
1370 2581 1504 2610 auctor
1524 2581 1582 2610 est
1598 2572 1738 2610 Caesar
1756 2570 2002 2609 Mazzutellus

461 2636 762 2682 camerinensis,
775 2643 814 2673 et
829 2635 1085 2689 septingentis
1110 2647 1152 2671 ac
1170 2633 1306 2685 viginti
1324 2633 1448 2672 tribus
1471 2633 1825 2672 Constitutionihus
1840 2640 2006 2670 constat.
