2237 3127
97 265 147 291 An.
172 266 198 293 C.
227 268 279 293 (lli.)

74 1303 165 1326 Omnem
188 1308 258 1327 tamen

74 1339 132 1367 pium
162 1339 258 1362 laborem

72 1374 176 1397 frustrata
225 1385 247 1397 vs

74 1410 159 1432 illorum
182 1411 256 1433 olidu-

70 1450 116 1468 rata
133 1448 239 1476 pravitas.

62 2092 188 2114 constantis
206 2093 248 2115 im<

76 2136 124 2158 prr.
168 2134 231 2158 typus

62 2171 100 2192 por
129 2165 248 2186 Mon-dlic-

60 2199 148 2220 litui-um
177 2201 228 2221 insi

60 2235 170 2263 gatiani-m
209 2237 245 2258 [ε-

61 2274 118 2293 ctus.

941 294 988 317 MA
994 294 1107 317 rtTixns
1130 294 1141 317 l
1170 295 1219 317 PP.

309 347 427 383 turbati
456 347 629 383 catholicae
665 348 892 384 recordationis
917 356 1062 384 anteces-

307 409 396 432 sores
430 398 528 431 nostri
562 398 728 444 pontifices
765 410 828 433 non
871 398 1061 433 destiterunt

305 446 513 482 admonentes
531 459 598 491 eos,
625 456 655 482 et
673 455 887 482 contestantes
912 447 1059 482 recedere

304 508 320 530 a
344 508 401 530 sua
424 496 608 531 huiusmodi
637 497 769 537 haeresi,
799 504 829 531 et
859 508 968 531 sanam
1000 496 1059 531 (lo-

305 546 438 579 ctrinam
473 545 636 592 amplecti,
671 558 710 580 ne
744 545 872 592 quando
907 546 1059 580 irascatur

302 594 462 629 Dominus
483 601 513 629 et
536 602 665 641 pereant
697 595 842 629 funditus
863 594 902 629 de
937 595 983 628 via
1007 596 1056 629 iu-

302 650 441 683 storum,
464 643 525 678 hoc
552 651 611 683 est,
642 643 692 690 pia
718 652 898 678 sanctorum
926 643 1054 678 Patrum

300 692 501 727 confessione
522 694 573 736 (a).
601 692 670 726 Hoc
691 701 794 727 autem
823 692 1054 727 consultissime

300 753 363 776 non
387 741 488 776 solum
525 741 583 788 ipsi
611 741 754 776 effecisse
788 750 975 780 noscuntur,
998 742 1053 776 sed

297 798 328 824 et
355 790 407 825 alii
430 790 537 837 plures
572 789 712 825 diversas
740 791 920 837 provincias
955 790 1054 825 habi-

297 847 401 874 tantes
423 839 677 874 reverendissimi
702 840 857 887 episcopi,
894 848 924 875 et
950 840 1053 875 maius

294 895 342 922 est
371 887 479 923 dicere
508 888 729 934 generalitates
764 889 956 936 synodorum
996 901 1052 936 per

296 949 353 972 sua
381 937 496 984 scripta
519 950 582 972 non
620 937 724 972 solum
747 937 915 973 invitantes
940 950 1051 972 emen-

293 985 368 1021 dare
397 986 557 1033 propriam
575 987 812 1032 liaeresim,sed
835 995 866 1022 et
880 1000 937 1022 nos
952 988 1049 1034 ipsos,

292 1034 387 1077 idest,
411 1036 616 1083 apostolicam
639 1044 778 1071 nostram
802 1036 910 1072 sedem
937 1036 1049 1071 coniu-

291 1093 408 1129 rantes,
431 1092 462 1119 et
484 1092 692 1131 protestantes
713 1086 834 1131 erigere
862 1098 896 1120 se
932 1098 1048 1120 secun-

289 1132 367 1168 dum
390 1134 566 1179 regularem
590 1135 821 1177 auctoritatem,
848 1143 878 1170 et
900 1147 962 1169 non
988 1148 1048 1170 us-

288 1194 349 1229 que
368 1183 406 1217 ad
431 1183 527 1217 finem
551 1196 607 1231 per
630 1191 674 1218 tot
701 1192 843 1231 tempora
863 1185 1046 1232 permittere

288 1232 521 1266 contrariorum
551 1233 719 1268 novitatem
755 1240 880 1268 sanctas
905 1233 965 1268 Dei
988 1246 1047 1269 ca·-

288 1280 422 1316 tholicas
461 1281 588 1328 depasci
636 1282 805 1317 Ecclesias.
841 1282 980 1329 Ideoque
1006 1296 1044 1318 ex

287 1330 437 1365 omnibus
456 1342 537 1377 pene
559 1331 779 1367 sacerdotibus
799 1344 871 1366 cum
894 1332 1044 1368 charitate

287 1379 438 1414 admoniti
471 1392 532 1414 non
560 1380 793 1415 inclinaverunt
815 1393 923 1415 aurem
954 1394 1042 1416 suam

288 1428 328 1462 ad
355 1429 548 1464 audiendam
575 1441 685 1463 vocem
718 1430 948 1476 postulantium
975 1443 1041 1472 eos,

287 1489 391 1524 neque
417 1477 522 1513 cordis
540 1478 589 1512 sui
623 1478 776 1512 cervicem
800 1479 945 1524 mitigare
982 1491 1044 1513 vo-

282 1525 423 1567 luerunt,
448 1534 754 1561 utconverterentur
776 1527 814 1562 ad
842 1527 958 1562 Deum.
976 1527 1041 1562 Sed

281 1576 366 1621 quod
390 1576 432 1610 ait
452 1576 611 1616 Dominus
637 1576 677 1611 de
695 1576 964 1617 inobedientibus,
980 1576 1040 1611 hoc

280 1633 311 1658 et
351 1624 382 1658 in
416 1625 461 1659 eis
501 1625 668 1672 provenire
705 1634 826 1660 certum
861 1632 917 1660 est.
955 1625 1039 1661 Dicit

278 1674 364 1708 euim
389 1686 445 1721 per
467 1674 676 1720 prophetam:
700 1674 771 1709 Misi
788 1674 826 1709 ad
849 1687 905 1709 eos
926 1686 1039 1710 omnes

277 1734 387 1757 servos
416 1736 505 1758 meos
535 1724 724 1771 prophetas,
761 1736 816 1769 per
844 1723 929 1758 diem
956 1736 1037 1759 con-

276 1783 410 1817 surgens
432 1772 585 1813 diluculo,
607 1780 638 1807 et
666 1772 827 1818 mandavi,
846 1781 876 1807 et
901 1784 964 1807 non
984 1785 1037 1807 au-

275 1819 403 1855 dierunt
443 1833 514 1862 me,
561 1834 620 1856 nec
658 1821 891 1856 inclinaverunt
926 1834 1034 1856 aurem

275 1881 378 1913 suam,
405 1870 461 1905 sed
496 1870 725 1905 induraverunt
751 1871 904 1905 cervicem
939 1883 1036 1918 super

276 1926 396 1964 petram
421 1921 473 1963 (b).
506 1919 610 1961 Quam
647 1920 716 1954 vilis
742 1931 776 1954 es
810 1920 902 1961 facta,
939 1920 1035 1955 nimis

274 1967 391 2002 iterans
413 1968 478 2002 vias
500 1971 590 2003 tuas?
617 1968 743 2003 Addere
780 1976 908 2016 peccata
936 1982 1033 2016 super

274 2024 402 2061 peccata
433 2025 683 2064 properaverunt
717 2021 771 2062 (c):
804 2018 1031 2053 humanitatem

271 2065 457 2109 Salvatoris,
474 2075 568 2113 atque
598 2067 756 2102 Deitatem
787 2067 855 2102 eius
883 2067 1034 2114 blasphe-

271 2127 357 2149 mare
379 2127 416 2150 ac
451 2116 608 2162 denegare
636 2129 692 2163 per
728 2117 954 2164 impiissimum
983 2124 1030 2165 ty-

271 2177 344 2210 pum
362 2165 422 2212 ‘qui
449 2178 487 2200 ex
514 2165 650 2212 maligna
679 2165 881 2212 instigatione
904 2166 1029 2201 illorum

234 2214 246 2217 “
270 2213 369 2248 factus
390 2223 438 2249 est
473 2222 583 2249 contra
623 2215 856 2250 immaculatam
885 2224 1026 2251 nostram

268 2262 514 2297 christianorum
544 2263 638 2298 fidem
661 2276 677 2299 a
709 2265 916 2300 serenissimo
940 2267 1027 2311 prin-

267 2311 349 2358 cipe,
378 2312 567 2347 definientes
589 2313 618 2347 in
633 2314 745 2348 eodem
757 2322 843 2362 typo,
857 2327 916 2349 nec
932 2327 1027 2349 unam

267 2372 326 2395 nec
349 2361 428 2396 duas
453 2362 628 2397 voluntates
655 2364 944 2410 aut,operati0nes
968 2364 1027 2399 hoc

265 2417 323 2449 est,
364 2423 469 2458 neque
514 2411 671 2456 divinam,
706 2425 810 2460 neque
850 2414 1022 2448 humanam

265 2459 472 2501 voluntatem,
501 2468 533 2495 et
557 2462 773 2507 operationem
796 2462 828 2497 in
857 2462 925 2510 ipso
951 2462 1026 2497 Sal-

264 2515 371 2543 vatore
398 2517 508 2544 nostro
539 2511 723 2558 quempiam
759 2512 891 2547 omnino
923 2511 1026 2547 confi-

263 2558 330 2591 teri.
360 2558 447 2593 Haec
469 2566 575 2593 autem
603 2559 877 2606 praedicaverunt,
900 2569 933 2596 ut
961 2573 1023 2596 non

261 2607 366 2641 solum
391 2607 421 2641 in
452 2608 589 2643 humana
609 2609 679 2644 eius
701 2617 823 2651 natura,
851 2610 907 2645 sed
929 2610 1023 2646 etiam

294 2667 336 2706 (α)
353 2668 450 2696 Psalm.
471 2668 498 2697 2.
536 2669 576 2707 (b)
593 2669 666 2697 Hier.
684 2670 710 2698 7.
749 2669 785 2708 (c)
805 2671 878 2699 Hier.
895 2672 922 2699 2.

1886 293 1937 320 Au.
1963 295 1988 321 (Ι.
2016 296 2067 321 8312*

1741 288 1754 322 sl
1765 289 1810 323 89

1106 348 1137 383 in
1165 357 1297 397 utraque
1330 348 1460 385 omnino
1486 362 1559 385 eum
1595 350 1663 387 sine
1697 352 1858 390 voluntate

1102 406 1131 432 et
1153 398 1348 445 operatione,
1373 400 1431 434 lioc
1454 408 1511 441 cst,
1545 400 1666 448 absque
1688 410 1797 437 natura
1825 413 1856 439 ct

1101 447 1234 481 essentia
1263 460 1332 482 csse
1354 448 1559 494 denuncient,
1594 458 1751 497 quatenus
1782 464 1854 488 cum

1102 496 1230 542 perfidis
1252 496 1432 536 haereticis,
1469 506 1499 532 et
1518 499 1712 535 orthodoxos
1743 501 1854 538 Patres

1099 545 1258 585 abiiciunt,
1286 554 1316 580 et
1341 558 1413 581 cum
1449 547 1679 584 scelerosorum
1712 550 1853 586 virorum

1099 594 1229 629 vocibus
1252 595 1311 630 hoc
1338 604 1384 630 est
1413 608 1474 630 una
1496 597 1668 642 voluntate,
1686 606 1717 633 et
1738 611 1853 646 opera-

1098 644 1195 685 tione,
1223 645 1338 691 pariter
1361 644 1510 691 denegari
1545 645 1661 681 faciant
1699 649 1853 684 orthodo-

1096 704 1208 727 xorum
1243 693 1414 735 doctrinas,
1454 694 1551 736 idest,
1591 695 1670 731 duas
1709 697 1850 733 eiusdem

1096 740 1214 776 Christi
1241 743 1437 788 voluntates,
1460 751 1490 779 et
1516 746 1716 790 operationes
1744 747 1850 790 sicuti,

1094 798 1124 824 et
1151 799 1278 827 naturas
1306 793 1408 826 unitas
1443 793 1608 829 inconfuse
1643 803 1674 830 et
1701 795 1849 839 indivise,

1094 841 1333 886 promulgantes
1360 841 1481 883 illicite,
1509 843 1602 878 etiam
1638 844 1706 879 sine
1740 857 1848 892 repre-

1094 888 1259 931 hensione,
1288 890 1334 924 vel
1361 890 1638 933 condemnatione,
1673 894 1847 931 consistere

1092 937 1122 971 in
1137 938 1202 972 suis
1224 939 1477 974 confessionibus
1500 940 1686 983 haereticos,
1709 942 1769 978 hoc
1787 952 1846 989 est,

1092 985 1121 1020 in
1146 986 1212 1033 ipsa
1240 1000 1321 1035 quae
1343 988 1383 1022 ab
1410 989 1455 1023 eis
1477 989 1687 1036 praedicatur,
1711 1004 1773 1026 una
1793 1006 1847 1029 vo-

1090 1034 1223 1081 luntate,
1250 1045 1281 1072 et
1307 1037 1502 1084 operatione,
1529 1051 1611 1086 aque
1638 1039 1748 1075 eadem
1777 1042 1846 1077 sine

1090 1085 1230 1131 periculo
1255 1086 1399 1122 libertate
1422 1087 1540 1134 perfrui
1555 1100 1621 1130 eos,
1637 1089 1692 1136 qui
1709 1090 1740 1124 in
1763 1090 1846 1137 dog-

1089 1135 1226 1170 matibus
1247 1136 1536 1182 reprehenduntur,
1564 1138 1752 1180 haereticos,
1771 1152 1843 1175 cum

1088 1183 1133 1218 eis
1154 1185 1208 1230 qui
1231 1185 1260 1219 in
1283 1185 1426 1220 doctrina
1450 1198 1551 1233 usque
1579 1188 1610 1222 in
1638 1188 1732 1223 finem
1762 1188 1844 1224 irre-

1088 1233 1346 1279 prehensibiliter
1381 1235 1606 1281 delucescunt,
1633 1237 1752 1272 sanctis
1786 1238 1844 1273 Pa-

1088 1282 1200 1323 tribus,
1227 1284 1312 1330 quod
1333 1284 1440 1331 utique
1473 1285 1647 1320 catholicae
1678 1286 1841 1323 Ecclesiae
1870 1287 1902 1308 ¹³⁵

1086 1333 1313 1368 sacratissimas
1347 1334 1473 1380 regulas
1521 1334 1684 1370 destruere
1718 1344 1839 1372 certum

1085 1388 1142 1420 est,
1166 1382 1267 1427 magis
1293 1390 1398 1417 autem
1420 1383 1518 1417 totius
1539 1395 1555 1418 a
1577 1384 1646 1419 Deo
1665 1384 1841 1432 inspirante

1084 1429 1245 1465 doctrinae
1271 1439 1412 1465 sanctam
1448 1432 1726 1478 praedicationem,
1759 1447 1840 1481 quae

1085 1478 1265 1514 nullatenus
1293 1480 1403 1515 noxios
1423 1489 1565 1525 excusat,
1596 1494 1700 1529 neque
1726 1482 1840 1518 liberat

1082 1525 1122 1560 de
1156 1527 1276 1563 iudicio
1319 1529 1485 1576 culpantes
1522 1542 1596 1565 cum
1624 1531 1746 1566 noxiis:
1778 1532 1840 1568 hoc

1081 1576 1166 1610 enim
1199 1589 1332 1624 pravum
1366 1586 1397 1613 et
1430 1579 1556 1614 divinae
1591 1580 1758 1627 aequitatis
1791 1590 1838 1616 est

1080 1624 1231 1660 alienum.
1259 1627 1418 1667 Quoniam
1439 1636 1558 1672 autem,
1586 1638 1616 1664 et
1650 1629 1726 1664 illud
1762 1642 1835 1665 curn

1079 1675 1212 1709 caeteris
1232 1676 1383 1710 contrarii
1405 1685 1699 1724 praesumpserunt,
1728 1678 1759 1713 in
1782 1679 1836 1714 de-

1079 1723 1225 1769 ceptione
1252 1724 1445 1770 simplicium
1462 1752 1469 1765 ,
1504 1733 1534 1760 et
1561 1727 1833 1773 cooperimentum
1996 1771 1999 1773 ,

1078 1783 1207 1806 suarum
1235 1773 1434 1819 pravitatum,
1461 1774 1492 1808 in
1535 1775 1653 1822 scripto
1687 1776 1836 1812 audacter
1865 1769 2020 1796 p“'p”‘³²”‘³'⁵'

1078 1821 1217 1866 proferre
1240 1823 1446 1869 impiissimae
1476 1835 1551 1858 suae
1580 1825 1727 1860 novitatis
1749 1826 1836 1861 inva—

1078 1869 1139 1904 lida
1162 1870 1321 1917 dogmata,
1349 1872 1490 1907 dicentes
1516 1873 1595 1908 haec
1621 1885 1691 1908 esse
1706 1875 1833 1922 pietatis

1077 1918 1236 1965 dogmata,
1263 1932 1344 1967 quae
1382 1921 1580 1957 tradiderunt
1618 1922 1675 1964 hi,
1711 1924 1765 1970 qui
1793 1925 1832 1959 ab

1076 1968 1166 2004 initio
1187 1970 1413 2016 speculatores,
1435 1978 1466 2006 et
1485 1971 1620 2006 ministri
1641 1972 1729 2007 verbi
1757 1974 1827 2009 facti

1074 2026 1158 2057 sunt,
1181 2026 1211 2053 et
1236 2027 1408 2065 sequenter
1445 2032 1649 2056 successores
1675 2034 1784 2057 eorum
1814 2035 1829 2057 a

1073 2066 1141 2101 Deo
1162 2068 1304 2114 inspirati
1324 2068 1486 2104 Ecclesiae
1507 2070 1630 2114 Patres,
1652 2078 1780 2106 sanctae
1798 2081 1829 2107 et

1075 2116 1267 2152 universales
1292 2118 1434 2166 quinque
1456 2119 1587 2166 synodi:
1603 2119 1675 2154 ideo
1702 2122 1829 2156 consul-

1072 2165 1192 2200 tissime
1215 2174 1443 2213 pertractantes
1458 2168 1595 2203 terribile
1617 2181 1697 2210 esse,
1726 2177 1757 2204 et
1778 2171 1828 2205 (li-

1073 2214 1175 2250 vinam
1201 2228 1375 2262 provocans
1402 2217 1653 2264 indignationem
1671 2218 1747 2254 haec
1762 2232 1827 2254 om-

1071 2265 1122 2298 nia
1149 2265 1324 2311 despicere,
1351 2278 1432 2313 quae
1467 2274 1653 2314 oppugnant
1684 2268 1825 2303 catholi-

1070 2325 1139 2348 cam
1161 2314 1350 2357 Ecclesiam,
1372 2323 1407 2350 ut
1428 2327 1468 2350 ne
1494 2317 1758 2361 condemnemur,
1780 2327 1825 2353 ut-

1070 2370 1143 2409 pote
1157 2363 1370 2409 imperfectos,
1393 2372 1487 2413 atque
1508 2366 1686 2402 inefficaces
1701 2366 1825 2402 haben·
1860 2380 2021 2404 conat-muana.

1069 2419 1115 2446 tes
1137 2412 1317 2449 intellectus
1354 2414 1480 2450 animae
1506 2415 1544 2450 ad
1576 2415 1822 2451 discernendum

1068 2461 1198 2506 malum,
1225 2470 1256 2497 et
1289 2463 1433 2505 bonum,
1470 2464 1609 2511 prompti
1642 2465 1820 2500 secundum

1066 2511 1196 2556 gratiam
1223 2512 1283 2547 Dei
1317 2513 1503 2548 convenisse
1536 2513 1754 2559 dignoscimur
1788 2515 1820 2549 in

1068 2561 1125 2595 hac
1163 2573 1292 2597 romana
1330 2562 1591 2597 christianissima
1624 2562 1748 2598 civitate
1781 2564 1820 2598 ad

1066 2610 1338 2646 confirmationem
1366 2611 1493 2658 quidem
1523 2611 1735 2658 piissimarum
1751 2612 1820 2647 Ec-

1065 2659 1179 2697 clesiae
1199 2661 1485 2709 praedicationum,
1519 2661 1819 2698 condemnationem

1895 1219 2034 1238 conversatio

1869 1358 1929 1388 gulas
1948 1359 2050 1381 desumi.

1909 1659 2048 1683 Monoll'tt'litv

1866 1694 1975 1718 calliditas
2029 1699 2033 1702 '

1856 2237 1931 2258 nensis
1968 2246 2040 2267 syno-

1892 1180 2056 1204 Haervticnmm

1871 1260 1919 1273 cuni
1943 1253 2055 1274 orthodo-

1935 1288 2056 1310 ratholicae

1870 1324 1981 1345 Ecrtesim·
2016 1332 2054 1345 rc-

1864 1732 1909 1752 uuis
1937 1735 2048 1756 erroribus

1857 2202 1922 2222 Sat-ra
1946 2202 2041 2224 Latera-

1855 2271 1894 2292 dus
1913 2280 1923 2293 a
1945 2273 2040 2295 mantuo

1856 2312 1977 2330 rumor-atu
2010 2309 2037 2331 etl

1853 2343 1891 2365 lias
1939 2344 2040 2367 haereses
