2237 3127
70 261 120 290 An.
137 261 185 290 Ch.
201 261 253 288 auo

79 569 195 591 Exordium.

75 919 186 942 Potentius
212 920 247 942 le-

63 955 122 977 gatus
148 953 170 973 in
188 951 246 972 Atri-

61 990 106 1005 ‹am
116 991 128 1005 a
137 983 161 1005 S.
175 983 246 1005 Leone

62 1016 159 1038 mittitur.

74 1775 157 1801 Indigiii
173 1777 198 1797 ad
217 1781 242 1797 Θ-

60 1807 165 1834 piscopat.
202 1813 244 1829 non

63 1841 111 1858 ιιιιιι
159 1845 246 1866 promo—

60 1869 133 1897 vende

922 258 946 281 S.
976 258 1038 281 LEO
1064 258 1075 280 1
1103 258 1153 281 PP-

265 320 314 348 Leo
333 319 475 354 episcopus
495 319 632 347 univorsis
644 318 777 354 episcopis
790 324 839 353 per
857 317 1013 346 caesarien·

265 371 322 393 sem
345 363 541 392 Mauritaniam
559 364 587 392 in
605 362 696 392 Africa
718 363 895 398 constitutis,
916 363 943 391 in
961 362 1013 390 Do-

266 410 338 439 mino
358 409 481 438 satutem
501 404 560 448 (1).

310 517 340 547 1.
369 513 450 548 Cum
469 513 509 547 de
536 512 789 548 ordinationibus
815 511 1012 546 sacerdotum

263 564 419 610 quaedam
447 564 530 610 apud
561 574 614 597 vos
642 562 747 597 illicite
775 570 923 608 usurpata
950 574 1014 596 cre-

264 613 331 648 bior
353 613 390 648 ad
415 625 473 647 nos
495 612 743 647 commeantium
766 624 871 647 sermo
894 611 1013 658 perfer-

262 672 327 704 ret,
351 663 430 698 ratio
464 663 588 710 pietatis
613 663 720 708 exigit,
758 670 791 696 ut
825 673 880 708 pro
907 661 1013 695 solici-

263 714 385 758 tudine,
422 724 516 760 quam
560 712 723 747 universae
775 711 934 746 Ecclesiae
976 722 1012 744 ex

262 763 366 797 divina
402 763 600 797 institutione
638 762 866 808 dependimus,
905 773 1011 794 rerum

261 812 356 848 fidem
374 810 576 848 studeremus
598 823 781 858 agnoscere,
800 811 899 845 vicem
918 822 1012 844 curae

261 871 386 897 nostrae
405 862 617 909 proficiscenti
640 873 657 896 a
676 861 767 896 nobis
789 860 875 895 fratri
892 867 922 894 et
937 872 1012 894 cou-

260 912 417 948 sacerdoti
441 921 548 947 uostro
569 911 714 946 Potentio
730 911 944 957 iniungcntcS,
960 910 1011 957 qui

260 961 437 997 secundum
458 962 587 1009 scripta,
610 973 690 1009 quae
707 973 762 1008 per
776 962 881 1008 ipsum
896 961 934 995 ad
958 971 1013 995 vos

261 1013 446 1052 direximus,
474 1012 513 1047 de
540 1011 712 1059 episcopis,
738 1022 873 1058 quorum
902 1011 1013 1056 culpa-

261 1062 333 1097 bilis
361 1061 520 1097 serebatur
549 1062 673 1099 electio.
701 1061 777 1109 quid
811 1060 926 1096 veritas
954 1060 1013 1094 ha-

260 1112 359 1152 beret,
387 1113 572 1159 inquireret,
600 1111 755 1159 nobisque
777 1111 882 1146 onmia
909 1110 1013 1145 fideli-

260 1171 306 1197 ter
324 1160 485 1196 indicaret.
510 1161 601 1197 Unde
628 1162 700 1209 quia
723 1161 806 1196 idem
831 1160 1013 1208 plenissime

260 1212 390 1247 notitiae
417 1221 542 1247 nosti-ae
569 1220 680 1247 cuncta
709 1212 868 1255 reseravit,
896 1220 927 1246 et
953 1210 1013 1245 sub

259 1262 389 1308 quibus,
416 1261 627 1310 qualibusque
654 1261 831 1296 rectoribus
857 1260 1012 1308 quaedam

259 1311 378 1347 Christi
403 1312 512 1358 plebes
535 1313 564 1346 iu
589 1312 729 1359 partibus
753 1311 931 1358 provinciae
948 1310 1012 1345 Cae·

259 1362 408 1397 sariensis
443 1361 628 1402 habeantur,
655 1362 777 1396 sincera
809 1361 900 1395 nobis
933 1360 1013 1395 rela-

260 1413 344 1446 tione
371 1411 530 1458 patefecit,
558 1412 772 1447 necessarium
802 1411 870 1455 l'uit,
898 1419 931 1444 ut
962 1411 1013 1445 do-

259 1462 358 1496 lorem
375 1461 481 1496 cordis
499 1463 609 1507 nostri,
624 1474 686 1509 quo
707 1474 762 1508 pro
778 1460 1009 1496 dominicorum

258 1523 392 1558 gregum
421 1512 573 1558 periculis
599 1520 793 1556 aestuamus,
820 1512 900 1547 datis
928 1522 1013 1545 nunc

258 1572 386 1609 quoque
401 1560 439 1595 ad
455 1560 654 1597 dilectionem
676 1569 808 1596 vestram
826 1561 926 1596 literis
946 1572 1012 1608 pro·

258 1623 432 1651 meremus,
454 1612 606 1647 mirantes
629 1620 748 1647 tautum
772 1611 856 1658 apud
879 1623 932 1646 vos
959 1622 1014 1658 per

257 1661 457 1696 occasionem
493 1663 645 1709 temporis
675 1661 836 1709 impacati,
861 1669 914 1695 aut
945 1673 1013 1694 am-

259 1710 411 1746 bientium
437 1713 740 1759 praesumptionem,
761 1720 816 1746 aut
843 1711 1012 1746 tumultum

258 1761 395 1796 valuisse
413 1762 616 1808 popularem,
630 1770 664 1796 ut
680 1762 817 1808 indiguis
833 1762 1012 1808 quibusque

259 1818 290 1846 et
312 1811 404 1857 longe
435 1819 520 1846 extra
551 1812 743 1846 sacerdotale
766 1812 912 1845 meritum
936 1823 1013 1845 con-

259 1860 374 1895 stitutis
396 1861 552 1907 pastorale
581 1862 742 1908 fastigium
765 1868 795 1896 et
826 1860 1013 1908 gubernatio

259 1910 420 1945 Ecclesiae
438 1912 620 1947 crederetur
634 1915 691 1956 (2).
709 1910 778 1946 Non
795 1920 841 1946 est
857 1911 918 1945 hoc
936 1923 1013 1945 con-

259 1961 364 1995 sulere
386 1961 524 2008 populis,
547 1961 602 1997 sed
625 1973 761 2003 nocere3
778 1974 837 1996 nec
856 1969 1013 2008 praestare

259 2011 414 2057 regimen,
436 2011 492 2046 sed
515 2024 631 2058 augere
653 2011 833 2047 discrimen.
849 2011 1012 2057 liitegritas

259 2061 342 2095 enim
360 2061 606 2107 praesidentium
630 2062 716 2097 salus
736 2070 783 2097 est
798 2061 1011 2099 subditorum,

258 2118 289 2145 et
322 2110 374 2145 ubi
410 2119 458 2145 est
492 2112 691 2147 incolumitas
724 2112 937 2150 obedientiae
971 2110 1011 2145 ibi

257 2172 332 2195 sana
349 2168 398 2196 est
411 2160 511 2197 forma
534 2163 707 2198 doctrinae.
730 2163 931 2208 principatus
950 2173 1012 2194 au-

259 2217 333 2251 tem,
355 2223 451 2259 quem
474 2220 526 2247 aut
548 2213 662 2248 seditio
684 2213 825 2255 extoisit,
861 2220 915 2246 aut
937 2223 1012 2245 am—

258 2259 342 2295 bitus
375 2263 553 2309 occupatit,
590 2263 710 2298 etiamsi
744 2262 886 2298 moribus
919 2269 1012 2308 atque

293 2381 333 2416 (¹)
355 2382 467 2409 Primam
487 2383 554 2409 banc
573 2387 744 2419 caeterasque
760 2385 788 2411 Β
807 2386 901 2412 Leonis
916 2386 1011 2413 docre-

258 2417 322 2444 tates
341 2418 463 2453 epistolas
482 2426 515 2445 ex
532 2420 603 2446 card
632 2419 723 2447 Carata
748 2420 971 2456 deprompsimus,
985 2423 1012 2451 in

257 2456 328 2480 tomo
344 2459 352 2479 t
368 2454 451 2488 Epist,
468 2454 565 2483 decret
586 2456 720 2483 Summor.
739 2456 848 2490 Pontis„
865 2466 932 2492 quas
946 2467 1011 2485 eru-

255 2488 318 2515 ditis
306 2489 401 2516 simus
418 2498 438 2515 ι.
443 2494 467 2515 te
483 2490 510 2517 S.
530 2491 561 2517 R
577 2491 597 2518 E
625 2491 841 2519 bibliothecarius
857 2502 889 2519 tx
903 2498 978 2521 tetus
983 2496 1013 2522 ts

257 2529 391 2555 codicibus
411 2530 545 2557 Vaticanis
559 2531 651 2563 edidit
669 2540 719 2559 nou
737 2541 800 2567 pari
804 2542 817 2558 ι
833 2534 940 2568 quidem
957 2535 1012 2561 ‹tis-

256 2564 428 2591 similitudine
446 2565 500 2592 ab
495 2566 535 2593 tis.
553 2574 619 2601 quas
643 2570 804 2601 canonistae‚
821 2577 850 2596 ac
866 2570 893 2597 S.
919 2571 1012 2598 Lconis

256 2608 366 2634 operum
384 2601 538 2629 collectores
555 2603 705 2631 ediderunt

293 2671 336 2707 (2)
350 2672 417 2701 Dist.
435 2674 480 2706 62,
496 2682 519 2701 c.
538 2675 682 2702 Miramur.

1715 247 1759 279 ’59

1056 313 1179 348 actibus
1209 325 1270 347 non
1302 313 1443 358 offendit,
1473 314 1570 359 ipsius
1598 321 1699 347 tamen
1729 313 1807 346 initii

1055 364 1103 397 sui
1128 371 1173 397 est
1202 363 1399 410 perniciosus
1420 364 1576 411 exemplo.
1619 362 1655 397 Et
1681 362 1808 397 dillicilc

1055 422 1101 448 est
1126 421 1158 447 ut
1188 412 1270 448 bono
1294 422 1482 469 peragantur
1503 413 1600 457 exitu,
1623 425 1702 459 quac
1725 413 1807 447 malo

1056 471 1127 498 sunt
1150 463 1295 498 inchoata
1319 464 1474 518 principio
1497 466 1552 506 (l).

1178 512 1271 554 Quod
1300 526 1324 547 st
1359 527 1388 547 iu
1419 513 1613 568 quibuslibet
1649 512 1807 548 Ecclesiae

1054 537 1204 608 gradibus
1228 563 1439 608 proxitlcuter,
1465 564 1664 610 siieutcrquc
1691 576 1806 598 ruian-

1056 613 1132 646 dum
1155 622 1214 656 est,
1234 620 1267 646 ut
1289 613 1319 646 in
1337 612 1465 647 Domini
1483 614 1583 648 <domo
1604 613 1681 648 nihil
1704 613 1742 648 sit
1758 614 1807 648 iu-
1834 625 1837 637 ¹

1056 663 1402 709 ordinatum,nihilque
1422 672 1808 710 praeposterum,quanto

1057 712 1155 758 magis
1189 712 1415 747 elaborandum
1452 721 1508 751 cst,
1535 722 1566 747 ut
1596 714 1625 746 in
1656 713 1808 748 electione

1056 763 1134 805 eius,
1166 762 1219 808 qui
1242 774 1336 808 snpra
1360 775 1470 797 omnes
1492 763 1610 809 gradus
1642 764 1809 798 constitui-

1055 820 1119 850 tur,
1157 824 1216 846 uon
1249 813 1392 846 erretur?
1435 812 1512 847 Nam
1546 813 1644 847 totius
1674 812 1809 848 familiae

1055 861 1181 896 Domini
1212 869 1311 897 status
1346 871 1375 896 et
1410 862 1486 896 cido
1519 862 1653 907 nutabit,
1675 863 1700 896 si
1724 864 1807 918 quod

1056 912 1227 959 tequiiitur
1249 911 1278 944 in
1303 923 1447 958 corpor,e
1483 924 1545 946 uon
1578 913 1755 947 inieniatur
1779 914 1809 947 in

1055 962 1167 1008 capite.
1216 960 1278 995 [tbi
1310 970 1355 995 est
1383 962 1431 996 illa
1455 961 1535 996 beati
1558 962 1648 996 Pauli
1676 963 1808 1016 apostoli

1057 1024 1112 1057 pei
1136 1011 1282 1058 spiritum
1305 1011 1363 1045 Dei
1393 1012 1508 1049 emissa
1536 1012 1726 1059 praeceptio
1749 1025 1810 1060 qua

1057 1062 1087 1095 iu
1112 1073 1243 1108 peisona
1259 1061 1419 1096 Timothei
1445 1061 1586 1097 omnium
1609 1062 1809 1097 sacerdotum

1055 1111 1172 1146 Christi
1192 1123 1344 1146 numerus
1362 1112 1518 1152 eruditur
1541 1122 1571 1147 et
1587 1112 1720 1167 pioinde
1738 1113 1810 1147 uni-

1055 1161 1171 1217 cuiq-ue
1194 1170 1335 1196 nostrum
1372 1161 1500 1197 dicitur.
1523 1161 1635 1196 Manus
1668 1162 1729 1197 cito
1753 1175 1808 1197 ne-

1056 1212 1133 1246 mini
1156 1212 1356 1258 imposueris,
1389 1224 1491 1257 neque
1524 1213 1809 1248 communicateris

1057 1262 1194 1309 pcccatis
1220 1261 1332 1296 alienis
1358 1261 1516 1306 (assQuid
1539 1271 1584 1297 est
1612 1263 1674 1297 cito
1698 1275 1809 1298 manus

1056 1313 1228 1357 imponere,
1256 1311 1313 1345 nisi
1342 1320 1415 1345 aute
1449 1320 1580 1347 aetatem
1610 1313 1809 1358 maturitatis,

1055 1371 1126 1396 ante
1142 1370 1267 1409 tempus
1286 1362 1449 1402 examinis,
1466 1373 1537 1398 ante
1554 1363 1702 1398 meritum
1722 1362 1810 1398 labo—

1056 1412 1108 1452 ris,
1130 1420 1204 1446 aute
1226 1412 1450 1458 experientiam
1474 1412 1674 1459 disciplinae,
1701 1425 1810 1448 saeer-

1055 1462 1191 1497 dotalem
1200 1461 1352 1496 honorem
1363 1462 1498 1497 tribuere
1513 1475 1575 1497 non
1585 1463 1722 1509 probatis
1732 1465 1744 1496 Τ
1754 1464 1808 1508 (⁶2).

1055 1511 1095 1545 Et
1109 1511 1185 1559 quid
1208 1520 1255 1546 est
1274 1512 1508 1546 communicare
1528 1514 1666 1559 peccatis
1686 1513 1809 1559 alienis,

1057 1562 1115 1595 nisi
1149 1561 1244 1596 talem
1277 1562 1356 1596 effici
1390 1562 1602 1607 ordinantem,
1634 1563 1736 1610 qualis
1763 1573 1810 1599 est

1056 1611 1118 1653 ille,
1141 1612 1193 1659 qui
1218 1624 1280 1646 non
1300 1612 1415 1646 meruit
1437 1612 1595 1647 ordinari?
1616 1613 1705 1648 Sicut
1724 1613 1807 1648 enim

1056 1661 1129 1696 boni
1154 1662 1260 1709 operis
1286 1661 1346 1696 sibi
1383 1671 1543 1709 comparat
1576 1663 1723 1707 fructum,
1755 1665 1807 1712 qui

1056 1719 1176 1746 rectum
1200 1719 1338 1746 sectatur
1361 1713 1391 1746 iu
1415 1712 1561 1759 eligendo
1584 1714 1809 1748 sacerdoteiu-

1056 1761 1187 1804 dicium;
1208 1762 1248 1796 ita
1262 1763 1348 1808 gravi
1364 1764 1568 1809 semetipsum
1585 1763 1678 1798 aflicit
1693 1764 1809 1798 <lanino

1055 1811 1109 1858 qui
1133 1811 1171 1846 ad
1193 1823 1267 1846 suae
1290 1811 1450 1859 dignitatis
1472 1813 1639 1859 collegium
1658 1813 1809 1848 sublimat

1056 1861 1234 1908 indignum.
1262 1861 1332 1896 Non
1364 1863 1448 1897 euim
1473 1864 1503 1897 in
1531 1864 1717 1910 cuiusquam
1743 1877 1809 1910 per-

1055 1924 1131 1946 sona
1154 1913 1469 1958 praetermittendum
1493 1914 1639 1959 estquod
1657 1914 1809 1948 institutis

1055 1961 1257 2008 generalibus
1279 1963 1472 1997 continetur:
1502 1975 1560 1997 nec
1584 1963 1742 2009 putandus
1761 1973 1809 1999 est

1057 2012 1157 2046 honor
1184 2011 1236 2046 ille
1269 2011 1442 2058 legitimus,
1465 2013 1516 2060 qui
1540 2013 1634 2048 suerit
1656 2013 1695 2048 de
1719 2026 1808 2058 prae-

1057 2062 1244 2097 varicatione
1266 2062 1409 2097 collatus.

1106 2114 1138 2145 5.
1166 2110 1299 2146 Dicente
1334 2112 1418 2147 enim
1454 2111 1610 2168 Apostolo
1653 2122 1686 2148 ut
1728 2113 1809 2149 inter

1055 2161 1130 2196 :ilias
1160 2162 1324 2196 electionis
1347 2161 1484 2209 iegiilaS,
1506 2163 1530 2197 si
1559 2164 1730 2210 episcopus
1757 2177 1809 2198 or-

1055 2269 1107 2296 aut
1128 2274 1197 2297 esse
1220 2262 1407 2307 constiterit,
1431 2272 1490 2297 tam
1514 2276 1600 2298 sacia
1616 2276 1742 2310 semper
1757 2264 1810 2299 ba-

1056 2311 1117 2346 hita
1140 2321 1186 2346 est
1209 2313 1265 2347 ista
1290 2313 1480 2360 praeceptio,
1504 2322 1536 2347 ut
1560 2313 1653 2348 etiam
1677 2314 1716 2349 de
1737 2327 1808 2349 mu-

1056 2361 1130 2396 liere
1156 2362 1327 2397 sacerdotis
1356 2363 1492 2409 eligendi
1520 2364 1629 2398 eadem
1653 2365 1808 2412 intelliga—

1056 2419 1106 2446 tur
1127 2412 1279 2447 seitanda
1298 2413 1451 2452 conditio,
1474 2426 1513 2448 ue
1536 2414 1613 2448 lorte
1636 2414 1687 2450 illa
1710 2416 1807 2462 prius·

1055 2474 1148 2508 quam
1173 2463 1202 2496 in
1226 2463 1461 2498 matrimonium
1489 2464 1558 2498 cius
1595 2465 1726 2509 teniret,
1753 2465 1806 2521 qui

1055 2512 1145 2547 ¹iliam
1165 2525 1228 2547 nou
1253 2513 1413 2548 habuisset
1437 2526 1579 2558 uxorem,
1601 2514 1729 2550 alterius
1753 2516 1805 2549 viri

1089 2636 1128 2670 (l)
1152 2639 1176 2667 1,
1196 2645 1222 2671 q.
1244 2638 1269 2668 l,
1285 2645 1308 2664 c.
1337 2639 1518 2670 Pron-ipatus.
1548 2640 1588 2673 (Ξ)

1053 2684 1097 2707 est.
1119 2681 1189 2715 (a)t
1209 2681 1323 2708 Timoth.
1338 2683 1363 2709 5

1604 2639 1667 2666 Dist.
1687 2640 1720 2667 78
1737 2640 1806 2674 Quid

1825 259 1872 284 An.
1890 257 1935 286 Cb.
1953 257 2004 284 ΜΟ

1836 524 1952 551 Episcopus
1969 531 2006 543 55-

1822 562 1860 583 pcr
1878 561 1950 576 onmes
1963 562 2007 580 <gra-

1823 588 1860 607 tslu
1892 588 2007 607 coustitui-

1837 1264 1891 1291 Ouid
1917 1265 1944 1285 sit
1967 1265 2009 1284 ctio

1825 1302 1899 1317 manus
1942 1301 2009 1322 impo-

1826 1333 1887 1349 licre.

1835 2123 1950 2145 Ordlnaudi
1960 2127 2007 2145 sunt

1825 2157 1859 2176 uni
1863 2162 1886 2176 us
1935 2157 2008 2176 uxoris

1825 2188 1871 2213 tiri,
1887 2190 1909 2208 et
1925 2189 2008 2215 quidem

1055 2212 1192 2253 dinetus,
1215 2221 1309 2258 quem
1334 2214 1428 2247 tinius
1455 2214 1560 2247 ttxmis
1589 2226 1686 2248 Vtrum
1712 2214 1752 2249 lui
1758 2227 1809 2249 SSG
1825 2221 1870 2246 ''¹¹ss
1874 2221 1915 2241 ¹¹¹¹⁵
