2237 3127
206 328 255 354 An.
279 326 306 353 Cr
334 325 385 351 579

211 2138 240 2162 Qu
257 2145 267 2157 ᾳ
286 2141 336 2156 tura
352 2133 391 2153 fr-

224 2175 262 2191 l><r
280 2178 325 2192 rum
382 2174 393 2189 ⁸

235 2204 379 2227 l'wntiliriliu:

228 2242 259 2262 Ital
270 2241 322 2262 rnda
341 2239 376 2261 sit.

463 316 534 352 458

412 382 497 418 tibus
518 381 611 417 etiam
643 376 755 414 Istriae
776 374 973 423 metropolim
1000 382 1152 422 perpetuo

412 431 646 467 confirmamus.
667 427 849 462 Statuentes
874 431 1068 472 quapropter
1079 435 1154 470 apo-

412 479 520 515 stolica
554 476 737 513 auctbritate
777 486 873 522 super
898 472 1152 508 interminatione

411 528 507 563 futuri
533 525 653 567 iudicii,
674 524 753 560 nulli
773 524 868 559 licere
889 531 1066 558 nostrorum
1078 533 1153 557 suc-

411 588 586 620 cessorum,
612 574 659 610 vel
681 573 734 609 alii
756 572 885 608 cuilibet
905 572 1004 613 haec,
1034 583 1114 618 quae
1134 583 1152 606 a

411 625 503 661 nobis
525 625 648 660 decreta
669 630 742 658 sunt
763 622 826 670 pie,
847 622 880 656 in
910 632 1069 669 quoquam
1090 620 1152 655 de-

410 684 542 715 struere,
565 681 618 709 aut
634 671 826 713 convellere3
849 682 928 718 quae
945 670 1049 718 potius
1064 669 1152 704 firma

411 724 577 759 stabilitate
598 721 781 757 inconvulsa
807 732 934 755 manere
969 718 1151 760 diffinimus,

411 782 504 820 atquc
530 772 588 807 sub
610 769 816 806 anathematis
837 768 962 804 vinculo
993 767 1153 816 perpetuis

411 822 606 869 temporibus
621 819 826 855 observanda.
845 817 1058 861 Quamobrem
1083 817 1155 852 hor-

412 881 460 906 tor
474 881 504 906 te
526 882 651 917 semper
672 869 809 904 relevare
828 879 1009 915 oppreSSOS‚
1029 878 1153 914 semper

412 922 569 968 corripere
590 919 759 966 inquietos,
774 925 807 952 ut
823 917 943 952 zizania
963 916 1153 951 dominicam

412 982 474 1004 non
519 969 620 1017 possit
659 968 814 1002 suffocare
853 978 1001 1001 messem.
1047 965 1153 1000 Gratia

412 1019 541 1054 Domini
564 1017 660 1052 nostri
683 1017 754 1051 lesu
776 1016 892 1051 Christi
915 1023 945 1050 et
958 1014 1061 1050 omnis
1079 1014 1154 1050 cha-

398 1070 488 1106 ,ritas
513 1067 571 1103 Dei
594 1067 633 1102 sit
659 1077 784 1113 semper
805 1065 978 1100 vobiscum.
1009 1063 1087 1098 Data
1110 1065 1154 1097 12

414 1118 473 1151 hai.
503 1116 604 1151 martii
632 1116 805 1163 imperante
831 1113 959 1149 Tiberio
979 1112 1008 1148 II
1028 1112 1065 1147 C.
1087 1112 1156 1147 Au-

413 1175 506 1212 gule
535 1168 590 1210 (1).

780 1308 809 1343 ΙΙ

417 1377 775 1424 Confirmatioerectionis
789 1376 967 1410 monasterii
983 1375 1017 1410 S.
1036 1374 1160 1409 Mariae

460 1429 494 1461 in
523 1428 648 1471 Oryano
668 1428 701 1459 in
721 1426 850 1460 dioecesi
874 1425 1050 1467 Veronensi,
1078 1425 1160 1469 quod

463 1486 561 1510 tamen
574 1476 755 1520 apostolicae
770 1475 858 1514 sedis,
878 1481 904 1507 et
928 1475 1160 1518 patriarchatus

465 1526 665 1569 Aquileiensis
681 1525 743 1557 iuri
754 1524 940 1557 submittitur
965 1524 1020 1566 (2).

679 1587 892 1619 SL'MMARIUM

416 1647 495 1682 Quae
515 1655 584 1676 cura
610 1645 810 1675 Ecclesiarum
842 1654 857 1674 a
884 1644 1071 1684 pontificibus
1103 1644 1160 1675 ha-

455 1687 550 1716 benda
574 1686 622 1715 sit.
637 1702 676 1707 —
691 1684 749 1714 lloc
781 1684 993 1714 monasterium
1022 1689 1161 1714 constru-

455 1730 533 1755 ctum
552 1725 607 1754 suit
628 1734 643 1753 a
659 1724 767 1754 Feroce
789 1725 854 1753 eius
877 1724 971 1763 primo
999 1724 1164 1754 abbate.—

456 1764 644 1794 tlontirmatio
663 1764 832 1793 monasterii
851 1773 916 1793 cum
930 1764 1019 1793 rebus
1036 1764 1071 1793 ad
1089 1763 1163 1793 illud

457 1804 865 1844 spectantibus.—-Cuiquam
876 1803 1008 1833 abbatem
1020 1804 1084 1833 sine
1094 1812 1165 1833 con-

458 1854 549 1874 sensu
564 1843 593 1873 S.
607 1843 637 1873 S.
650 1852 824 1873 consecrare
837 1843 1030 1873 interdicitur.
1040 1860 1079 1865 —
1090 1844 1165 1873 Ana-

456 1886 553 1913 thema
573 1887 670 1913 contra
688 1883 833 1922 privilegii
849 1883 937 1912 huius
957 1883 1124 1913 violatores.

417 1945 540 1981 Pelagius
559 1940 772 1984 universalis(3)
784 1944 923 1981 episcopus
932 1945 1011 1973 Paulo
1023 1945 1121 1974 dilecto
1137 1945 1165 1973 in

462 1990 570 2018 Domino
599 1989 654 2018 filio
684 1991 794 2018 sauctae
827 1989 1005 2025 Aquileiensis
1034 1990 1165 2019 Ecclesiae

462 2034 636 2070 patriarchae
653 2036 811 2070 perpetuam
829 2034 858 2062 iu
875 2034 982 2063 Domino
995 2034 1120 2063 salutem.

469 2097 552 2131 Cum
578 2108 692 2142 magna
719 2095 810 2130 nobis
831 2096 1028 2132 solicitudine
1052 2096 1167 2132 insistit

423 2158 495 2181 cura
523 2157 579 2192 pro
601 2145 753 2180 universis
774 2145 926 2180 Ecclesiis
942 2145 1027 2188 Dei,
1048 2146 1168 2200 ac3piis

422 2195 500 2230 locis
529 2194 744 2241 vigilandum,
766 2206 805 2229 ne
826 2194 962 2241 aliquam
990 2196 1169 2231 necessita-

423 2244 462 2278 tis
480 2244 628 2278 iacturam
646 2244 823 2290 patiantur,
839 2244 896 2278 sed
908 2244 1009 2291 magis
1022 2246 1168 2292 propriae

407 2292 566 2334 {utilitatis
587 2292 742 2339 stipendia
764 2301 1006 2339 consequantur:
1022 2294 1169 2329 convenit

423 2355 481 2377 nos
513 2350 576 2377 tota
602 2342 718 2376 mentis
743 2342 917 2388 aperitione
945 2343 1168 2388 Ecclesiarum‚

458 2408 498 2442 (l)
517 2406 645 2440 Quamvis
664 2415 715 2433 non
736 2412 843 2433 notetur
858 2415 953 2439 annus,
974 2416 1027 2443 quo
1051 2409 1113 2436 haec
1136 2409 1169 2436 ad

424 2443 523 2469 Heliam
539 2446 600 2469 sunt
610 2442 718 2477 scripta;
730 2450 798 2469 anno
816 2447 902 2470 tamen
921 2444 972 2470 57¹.)
987 2444 1048 2470 data
1062 2452 1113 2471 non
1124 2453 1171 2471 ne-

423 2478 541 2512 gaverit,
568 2478 612 2512 qui
638 2478 767 2511 Pelagium
787 2481 846 2504 ante
876 2486 992 2505 mensem
1017 2480 1170 2506 novembris

423 2513 484 2539 anni
500 2513 550 2539 578
566 2513 684 2539 ordinari
700 2521 751 2539 non
762 2513 880 2547 potuisse
891 2514 1040 2548 pontificem
1057 2523 1171 2550 perpen-

423 2548 502 2579 derit,
518 2551 544 2574 et
560 2548 626 2574 hanc
644 2548 701 2575 eius
718 2548 854 2583 epistolam
876 2549 1016 2583 perlectam
1036 2549 1115 2578 fuisse
1144 2551 1170 2577 in

423 2583 537 2610 Concilio
556 2583 682 2610 Gradensi
704 2583 793 2610 habito
808 2583 841 2610 ab
854 2584 925 2610 Helia
936 2584 1081 2618 patriarcha
1099 2585 1140 2611 dic
1154 2587 1170 2612 5

424 2618 576 2645 novembris
604 2619 721 2645 eiusdem
749 2619 808 2645 anni
838 2620 898 2645 579.
938 2620 976 2654 (2)
1003 2620 1041 2646 Ex
1067 2621 1169 2648 archiv.

425 2659 536 2679 monast.
559 2653 636 2680 huius
651 2658 799 2680 extractum
812 2654 890 2681 edidit
905 2655 1058 2689 pirminius,
1079 2658 1168 2690 Antiq.

410 2692 412 2696 ’
431 2691 533 2720 Veron„
551 2688 594 2716 hl).
613 2697 640 2716 v.
679 2689 719 2724 (5)
737 2689 811 2717 Adde
830 2691 967 2717 Ecclesiae.

996 318 1184 345 natantum
1208 316 1373 342 Romnum
1425 299 1433 301 -

1193 370 1398 418 locorumque
1423 368 1594 405 earundem
1615 367 1815 405 stabilitatem
1837 377 1867 405 et
1890 369 1938 404 in-

1192 420 1368 467 tegritatem
1388 418 1524 454 maxime
1538 429 1718 465 procurare,
1733 426 1766 453 ut
1783 418 1851 454 Deo
1867 430 1937 454 oin-

1192 470 1344 517 nipotenti
1365 468 1405 504 sit
1425 466 1617 514 acceptabile
1639 466 1682 507 id,
1696 467 1782 515 quod
1796 480 1853 515 pro
1869 468 1937 503 eius

1192 519 1288 554 sancti
1304 517 1441 553 nominis
1462 516 1582 551 honore
1603 523 1634 551 et
1654 515 1753 562 gloria
1774 516 1938 552 studemus

1192 568 1388 603 confirmare.
1410 565 1502 601 Unde
1523 565 1595 612 quia
1622 565 1787 612 postulatis
1808 577 1825 600 a
1846 565 1938 601 nobis

1192 625 1348 664 quatenus
1376 614 1602 663 patriarchatus
1649 613 1684 649 S.
1726 614 1939 662 Aquileiensis

1193 665 1354 701 Ecclesiae
1374 664 1580 708 coenobium,
1610 663 1695 711 quod
1718 663 1821 698 Ferox
1842 664 1939 699 abbas

1193 723 1278 750 extra
1301 726 1408 749 muros
1429 712 1563 748 civitatis
1576 712 1718 748 Veronae
1733 712 1764 747 in
1786 712 1867 754 loco,
1885 713 1939 761 qui

1194 764 1307 799 dicitur
1327 763 1367 798 ad
1388 761 1563 808 organum,
1585 761 1769 804 construxit,
1787 762 1871 809 quod
1893 775 1940 798 ve-

1193 822 1275 848 strae
1307 811 1441 847 subiecit
1467 810 1576 846 ditioni
1598 823 1670 846 cum
1692 811 1777 846 omni
1800 823 1858 846 suo
1879 811 1941 846 ho—

1194 874 1271 897 nore
1289 889 1297 902 ,
1319 870 1351 896 et
1376 861 1441 895 suis
1467 860 1666 908 pertinentiis
1691 867 1790 895 totum
1818 861 1941 895 confir-

1196 923 1367 955 maremus,
1384 909 1522 945 inclinati
1537 909 1648 944 vestris
1670 909 1826 956 precibus,
1839 918 1869 944 et
1884 923 1941 957 per

1196 961 1431 998 interventum,
1463 966 1557 1006 atque
1590 959 1772 1006 petitionem
1799 960 1940 994 serenis-

1196 1009 1266 1044 simi
1288 1008 1405 1044 Tiberii
1427 1007 1625 1043 Constantini
1643 1008 1849 1055 imperatoris,
1863 1021 1940 1043 con-

1196 1058 1351 1094 sentiente
1373 1069 1499 1104 quoque
1520 1057 1646 1092 Solacio
1658 1057 1851 1092 Veronensis
1877 1057 1943 1092 Ec-

1197 1107 1311 1143 clesiae
1333 1107 1495 1155 episcopo,
1509 1106 1609 1148 vobis,
1629 1106 1801 1154 vestrisque
1821 1119 1945 1142 succes-

1197 1156 1321 1191 soribus
1342 1156 1512 1203 apostolica
1533 1156 1714 1190 auctoritate
1726 1155 1944 1197 concedimus,

1198 1214 1229 1240 et
1265 1217 1318 1252 per
1352 1205 1448 1240 huius
1481 1205 1580 1240 nostri
1610 1205 1761 1251 privilegii
1795 1205 1942 1252 paginam

1199 1253 1386 1289 coenobium
1407 1254 1441 1288 S.
1463 1253 1579 1288 Mariae
1590 1253 1629 1288 ad
1644 1253 1806 1300 Organum
1822 1254 1946 1289 confir-

1200 1315 1322 1338 mamus
1338 1331 1346 1344 ,
1367 1310 1539 1338 statuentes
1571 1314 1699 1350 quoque
1730 1302 1834 1349 ipsum
1854 1302 1945 1338 vobis

1200 1352 1424 1387 monasterium
1445 1364 1517 1387 cum
1539 1351 1689 1387 omnibus
1710 1351 1813 1397 terris,
1838 1352 1944 1394 cultis,

1200 1409 1230 1437 ct
1252 1401 1389 1443 incultis,
1412 1413 1466 1436 seu
1494 1400 1766 1446 decimationibus,
1787 1413 1859 1436 cum
1876 1413 1946 1437 om-

1201 1450 1294 1485 nibus
1314 1450 1540 1489 rimationibus,
1564 1450 1613 1485 vel
1634 1450 1822 1498 appenditiis
1842 1462 1947 1498 qnae-

1201 1500 1281 1541 sitis,
1303 1500 1351 1534 vel
1373 1498 1580 1546 inquirendis,
1602 1511 1662 1535 nec
1681 1512 1745 1534 non
1768 1499 1868 1547 ipsius
1886 1500 1946 1535 loci

1201 1548 1358 1584 Ecclesiae
1371 1548 1409 1583 ab
1423 1548 1557 1583 assuetis
1577 1548 1828 1584 ordinationibus
1841 1561 1949 1584 conse-

1203 1598 1374 1633 crationem
1388 1606 1418 1632 et
1435 1597 1577 1633 omnium
1599 1598 1658 1632 sub
1685 1598 1753 1633 iure
1774 1605 1880 1633 nostro
1902 1607 1949 1633 at-

1203 1659 1264 1694 que
1285 1647 1438 1692 dominio,
1465 1654 1701 1694 vestrorumque
1727 1659 1948 1683 successorum

1204 1696 1365 1731 subiacere
1385 1704 1479 1743 atque
1505 1696 1662 1743 pertinere
1687 1697 1949 1737 corroboramus,

1204 1746 1381 1790 statuimus,
1403 1753 1434 1781 et
1451 1745 1619 1792 apostolica
1638 1758 1769 1781 censura
1783 1746 1841 1781 sub
1855 1746 1950 1780 divini

1204 1794 1311 1829 iudicii
1333 1795 1552 1837 obtestatione,
1574 1803 1605 1830 et
1628 1794 1835 1830 anathematis
1859 1795 1952 1830 inter-

1205 1843 1301 1883 dicto,
1316 1851 1350 1878 ut
1365 1844 1470 1879 nullus
1487 1856 1626 1891 unquam
1642 1852 1820 1880 nostrorum
1829 1856 1953 1880 succes-

1206 1905 1313 1928 sorum
1342 1893 1537 1940 pontificum,
1566 1893 1735 1940 nullusque
1763 1893 1952 1941 episcopm,

1207 1942 1357 1989 nullaque
1377 1954 1489 1989 magna
1503 1941 1550 1977 vel
1565 1955 1658 1990 parva
1680 1955 1813 1991 persona
1834 1955 1954 1991 quam-

1206 1991 1284 2026 libet
1304 1991 1533 2027 ordinationem
1556 1992 1676 2027 abbatis
1697 1992 1799 2028 facere
1825 2005 1954 2040 praesu-

1210 2048 1282 2083 mat,
1304 2040 1365 2075 nisi
1387 2049 1495 2076 nostro
1516 2053 1686 2086 consensu,
1712 2049 1954 2088 nostrorumque

1208 2102 1438 2125 successorum.
1454 2089 1489 2124 Si
1501 2090 1572 2137 quis
1589 2102 1674 2132 vero,
1689 2090 1774 2138 quod
1788 2102 1851 2126 non
1867 2099 1954 2137 opta-

1209 2151 1290 2181 mus,
1319 2138 1484 2174 temerario
1518 2151 1598 2174 ausu
1632 2140 1729 2174 nostri
1750 2139 1844 2174 huius
1870 2152 1955 2187 apo-

1209 2188 1308 2223 stolici
1351 2188 1505 2235 privilegii
1548 2196 1760 2235 transgressor
1797 2189 1955 2230 extiterit,

1209 2238 1286 2273 sciat
1312 2249 1346 2273 se
1367 2238 1550 2273 auctoritate
1571 2237 1630 2272 Dei
1657 2238 1903 2286 omnipotentis,
1925 2245 1957 2273 et

1211 2286 1422 2335 apostolorum
1437 2287 1522 2322 Petri
1539 2294 1569 2322 et
1590 2287 1691 2332 Pauli,
1712 2295 1743 2322 et
1768 2296 1886 2331 nostra,
1902 2287 1957 2334 qui

1211 2348 1320 2371 eorum
1341 2335 1409 2370 vice
1431 2335 1602 2382 fungimur,
1624 2337 1826 2372 maledictum
1842 2346 1957 2372 ctana-

1211 2385 1455 2420 thematizatum.
1479 2385 1541 2427 Qui
1558 2397 1633 2420 vero
1645 2398 1700 2432 pro
1718 2389 1762 2429 (1)
1777 2386 1891 2421 intuitu
1905 2397 1958 2421 cu-

1208 2442 1276 2470 stos
1290 2442 1320 2469 et
1332 2434 1514 2470 observator
1527 2435 1622 2470 huius
1639 2435 1792 2482 privilegii
1809 2435 1958 2475 extiterit,

1212 2483 1441 2519 benedictionis
1455 2484 1586 2530 gratiam
1609 2497 1625 2519 a
1645 2493 1750 2520 nostra
1776 2484 1869 2528 sede,
1891 2493 1921 2519 et
1941 2496 1959 2519 a

1213 2532 1505 2568 misericordissimo
1517 2533 1586 2568 Deo
1603 2542 1710 2568 nostro
1725 2534 1875 2581 consequi
1891 2546 1959 2569 me-

1214 2590 1317 2617 reatur
1338 2594 1369 2616 in
1391 2582 1514 2618 saecula
1538 2582 1748 2617 saeculorum.

1261 2631 1417 2678 Scriptum
1441 2644 1497 2679 per
1518 2644 1632 2667 manus
1653 2631 1812 2668 Laurentii
1835 2631 1958 2680 pri-shy-

1249 2691 1288 2727 (l)
1305 2692 1371 2727 Lege
1389 2695 1440 2725 1¹³⁰-

1969 306 2022 334 An*
2050 304 2077 332 C.
2100 303 2150 330 585

1969 584 2015 606 Hoc
2043 584 2153 604 monaste-

1970 620 2025 641 rium
2044 620 2152 639 constru—

1971 658 2030 676 ctum
2059 652 2099 673 suit
2142 658 2154 672 a

1971 690 2062 718 For-oce,
2110 687 2156 708 riu·

1970 725 2041 756 primo
2068 723 2152 746 abbate.

1999 1183 2142 1207 Confirmatio

2005 1222 2131 1244 monasterii

1975 1265 2023 1279 turn
2041 1257 2104 1279 rebus
2131 1257 2159 1278 ed

1975 1292 2028 1315 illud
2056 1296 2157 1322 spectari*

1975 1328 2042 1351 tibus.

2004 1896 2106 1925 Cuiquam
2124 1895 2161 1916 ab-

1978 1930 2025 1953 butt
2033 1940 2052 1952 ιιι
2116 1938 2162 1951 sinc

1979 1973 2086 1989 consensu
2098 1966 2120 1987 S.
2139 1966 2160 1986 S.

1979 2009 2110 2025 conset-rere
2129 2001 2162 2022 in-

1978 2038 2103 2060 terdiciiur.

2010 2126 2133 2148 Anathan„

1979 2166 2059 2184 contra
2089 2162 2164 2190 privi-

1994 2197 2047 2225 legii
2090 2197 2152 2218 huius

1979 2233 2105 2256 violatores.
