2237 3127
1667 302 1738 336 627

244 355 417 403 quidquam
463 359 561 395 iustae
599 363 815 409 querimoniae
850 366 999 400 adversus
1040 375 1110 398 runt.
1137 365 1212 399 socii
1239 365 1420 412 passionum
1444 367 1619 402 secundum
1648 369 1788 415 Aposto-

33 305 83 333 Αη.
103 305 132 333 C.
150 302 217 331 1053
881 309 905 332 s.
929 310 991 332 [no
1012 309 1047 331 Π
1070 310 1120 332 ιη).
1812 307 1862 334 An.
1879 306 1908 334 C.
1928 306 1995 336 1053

48 383 214 406 Controversiae

33 419 89 441 inter
121 421 213 449 episco-

31 462 70 484 pos
87 459 106 476 et
120 456 216 484 patriar-

33 490 93 511 chum
114 491 146 512 ivl
159 493 215 514 onii-

34 526 134 548 i·abilit‹·r
159 528 215 550 inter

82 571 103 583 (²5
121 572 213 594 1¹0ss)po-

31 597 122 627 tii-ndat*7
142 599 175 620 iel
187 600 213 621 ad

27 631 103 653 Seduni

27 667 128 691 stul-cain
151 671 211 694 dese-

29 706 115 729 rendae.

147 635 213 664 Apo-

22 1666 90 1693 Qunm
130 1665 206 1694 perni-

22 1700 82 1723 ciosa
91 1701 205 1724 Ecclesiae

20 1736 99 1758 unitati
117 1737 146 1759 sit
157 1745 206 1759 mo-

22 1772 142 1794 nachornm
167 1780 205 1794 rn-

21 1807 114 1838 piditas,
132 1809 205 1830 omnin

21 1842 63 1864 sibi
87 1846 204 1865 testamen-

21 1881 43 1900 to
60 1877 127 1908 legari
153 1886 204 1908 pro-

21 1917 152 1937 curantium.

245 420 315 440 eum
339 409 461 444 videtur
483 411 609 455 habere,
631 422 800 448 autcoi·:1m
819 415 905 450 vobis
920 428 998 450 con-

245 455 393 491 fratribus
431 468 459 495 et
499 462 816 509 comprovincialibus
869 478 995 500 cansam

244 518 330 540 suam
362 509 506 552 proferat,
541 520 570 547 et
598 525 669 547 cum
705 526 753 553 cs),
789 514 813 548 si
843 516 994 559 potuerit,

245 556 373 601 pacifice
395 559 543 601 diffiniam
572 570 626 596 aut
649 563 678 596 in
704 565 909 607 praesentiam
939 578 996 598 no-

243 613 337 641 stram
365 617 494 655 utraque
531 623 601 656 pars
635 613 841 647 examinanda
875 615 994 655 veniat,

241 655 321 690 salva
350 658 407 692 sibi
433 660 556 694 interim
582 673 636 707 per
658 662 779 701 onmia,
810 671 837 696 ct
862 665 994 704 patriar-

241 704 321 741 cliali
347 709 527 750 reverentia,
546 718 575 743 et
599 712 785 756 '‘›roprietatc
808 725 872 745 sua.
897 713 990 754 Quod

240 753 264 787 Sl
289 766 372 791 extra
396 758 549 801 feceritis,
577 761 729 795 sententia
758 763 907 797 canonica
938 776 992 797 su-

241 816 296 849 per
320 818 373 840 vos
396 807 536 853 vigilabit
559 811 616 852 (l).

560 883 660 890 ——.

538 954 686 990 XXXIII.

238 1027 418 1069 Decretum,
434 1039 470 1059 rie
484 1028 680 1071 possessiones
702 1040 804 1061 omnes
818 1040 888 1061 suos
910 1029 989 1073 quis-

284 1088 381 1120 quam
428 1077 517 1110 donet
554 1079 766 1117 monasteriis,
800 1079 851 1111 scd
882 1091 989 1111 eurum

283 1127 389 1159 saliem
414 1127 603 1160 medietatem
639 1128 804 1167 Ecclesiae,
831 1129 873 1161 ad
895 1140 989 1172 quam

281 1176 412 1220 pertinet
440 1179 495 1219 (2).

504 1244 717 1276 SUMMARIUM

237 1305 328 1342 Quam
353 1307 518 1346 perniciosa
545 1307 696 1337 Ecclesiae
728 1308 832 1338 unitati
856 1309 893 1338 sit
924 1318 988 1338 mo-

277 1347 437 1376 nat-horum
454 1348 611 1385 cupiditas,
627 1349 723 1377 omnia
738 1348 794 1378 sibi
812 1353 987 1379 testamento

276 1386 367 1424 legari
381 1388 612 1425 procurantium.
624 1405 664 1410 —
676 1389 837 1418 Anatheina
852 1389 879 1418 in
893 1393 987 1419 trans-

276 1435 439 1464 gressores.

280 1494 328 1522 Leo
347 1494 485 1530 episcopus
503 1495 624 1523 omnibns
644 1495 777 1531 episcopis
790 1496 816 1523 in
834 1495 942 1525 Christo

460 1547 507 1575 per
531 1541 618 1568 totam
642 1540 760 1569 ltaliam,

281 1599 428 1635 Relatum
444 1610 490 1635 est
512 1602 639 1637 auribus
655 1605 782 1641 nostris,
805 1615 873 1637 esse
888 1616 985 1651 quos-

234 1649 305 1685 dam
331 1661 475 1695 perverse
496 1660 636 1697 agentes,
659 1653 711 1699 qui
740 1653 923 1688 subvertere
938 1661 985 1688 at-

233 1712 294 1747 que
316 1699 456 1735 dividere
471 1709 626 1736 conantur
643 1702 803 1737 Ecclesiae
819 1703 982 1737 unitatem:

233 1749 380 1784 videlicet
414 1750 543 1785 abbates
576 1759 606 1785 ct
639 1753 806 1795 monachi,
841 1753 892 1799 qui
921 1765 982 1786 non

233 1799 338 1834 studio
359 1799 507 1843 caritatis,
538 1800 592 1835 sed
621 1802 687 1835 zelo
725 1802 905 1848 rapacitatis
933 1802 984 1836 in-

234 1848 363 1895 vigilant
389 1856 419 1883 et
440 1848 578 1893 docent,
605 1858 698 1897 atque
730 1851 882 1885 seducere
918 1864 979 1885 non

233 1906 357 1932 cessant
390 1899 568 1933 saeculares
597 1899 764 1941 homines,
799 1913 880 1947 quos
916 1901 984 1934 illa-

232 1959 348 1994 queare
376 1957 518 1994 possunt,
549 1956 581 1982 ut
609 1961 657 1983 res
684 1961 756 1983 suas
782 1958 875 1996 atquo
908 1962 984 1996 pos—

233 1998 415 2041 sessiones,
447 1997 511 2032 sive
536 1998 566 2032 in
597 1998 654 2032 vita
674 1998 741 2033 sive
764 1999 792 2032 in
817 2006 928 2037 morte,
952 1999 981 2033 in

231 2046 432 2081 monasteriis
459 2046 583 2081 illorum
607 2048 744 2087 tradant;
769 2058 796 2082 et
820 2048 982 2088 Ecclesiis,

232 2096 349 2143 quibus
376 2096 508 2131 subiecti
532 2109 600 2131 esse
624 2097 779 2137 videntur,
808 2106 834 2131 et
864 2111 878 2130 a
910 2098 983 2144 qui-

230 2144 291 2179 bus
309 2145 519 2191 Baptismum,
546 2146 792 2185 Poeuitentiam,
826 2147 983 2181 Euchari-

231 2195 335 2239 stiam,
354 2207 411 2229 nec
435 2207 496 2229 non
527 2195 678 2242 pabulum
702 2196 781 2231 vitae
807 2209 878 2231 cum
904 2197 981 2230 lacte

231 2253 433 2291 acceperunt,
459 2245 507 2279 vel
535 2246 704 2292 accipiunt,
734 2245 810 2279 nihil
835 2245 872 2280 de
894 2245 983 2279 bonis

231 2294 298 2329 suis
330 2293 517 2341 relinquant.
553 2294 642 2329 Hanc
682 2295 818 2342 denique
851 2295 980 2329 formam

231 2343 407 2378 discordiae
430 2356 486 2378 nos
512 2344 806 2385 animadvertentes„
834 2344 982 2378 omnihus

231 2393 335 2427 modis
359 2393 501 2428 inhibere
528 2394 686 2433 volumus3
716 2403 757 2437 et,
781 2406 819 2428 ne
847 2394 982 2440 amplius

232 2442 294 2479 fiat,
317 2443 448 2478 omnino
486 2443 712 2490 prohibemus,
748 2443 982 2478 considerantes

231 2504 294 2527 non
322 2504 391 2527 esse
415 2492 556 2537 bonum,
584 2500 618 2527 ut
652 2492 694 2527 illi
728 2493 779 2539 qui
807 2493 881 2527 olim
916 2492 982 2526 sue-

267 2561 305 2596 (t)
322 2562 363 2588 Ab
392 2562 502 2589 exordio
529 2562 586 2597 ipso
611 2562 710 2589 decreti
735 2562 814 2588 huius
839 2561 981 2601 evincitur,

230 2597 359 2632 scriptum
379 2596 459 2624 fuisse
475 2606 544 2625 anno
563 2599 640 2629 1053,
657 2606 711 2631 quo
729 2598 752 2623 in
770 2605 849 2624 cursu
867 2601 922 2623 erat
943 2606 983 2623 in-

231 2632 311 2659 dictio
327 2640 356 2659 vr
369 2632 403 2659 ibi
425 2633 559 2660 adnotata.
600 2634 639 2667 (⁹2)
655 2634 694 2659 Ex
714 2641 763 2659 ms.
782 2633 914 2659 Sirmondi
928 2633 982 2658 edi-

231 2668 270 2694 dit
287 2668 411 2695 Nicolans
427 2668 544 2702 Coletus,
561 2668 661 2696 Concil.
679 2672 743 2696 tom.
762 2676 802 2701 xi,
820 2669 888 2695 inter
903 2669 980 2704 epist.

232 2704 327 2731 Leonis
345 2704 384 2731 tx
400 2704 451 2732 ΡΡ.

1037 415 1113 458 lum,
1142 416 1204 449 siut
1227 428 1385 450 immunes
1412 430 1426 450 a
1455 417 1602 451 societate
1636 418 1788 453 consola-

1037 467 1170 507 tionum,
1209 473 1238 499 et
1274 465 1346 511 quia
1388 466 1504 511 dignus
1536 474 1583 501 est
1623 468 1787 514 operarius

1037 514 1180 548 mercede
1208 527 1278 550 sua:
1310 514 1443 561 ideoque
1471 516 1696 562 praecipimuS,
1732 527 1787 552 at-

1035 576 1096 610 que
1125 564 1288 600 iubemus.
1322 573 1352 598 ut
1383 565 1572 612 quicumque
1604 567 1718 601 amodo
1754 567 1785 602 in

1036 614 1225 647 monasterio
1253 626 1284 647 se
1317 614 1455 648 converti
1492 615 1641 655 volucrit,
1663 617 1727 651 sive
1754 617 1785 651 in

1035 663 1093 696 vita
1118 663 1182 697 sive
1206 663 1235 697 in
1260 672 1359 697 morte
1382 663 1522 697 omnium
1547 677 1648 699 rernm
1672 674 1701 700 et
1718 679 1788 713 pos-

1034 713 1230 751 sessionum,
1253 725 1330 758 quas
1354 725 1408 759 pro
1437 713 1536 747 salute
1562 715 1684 749 animae
1710 728 1785 751 suae

1034 762 1157 808 disponi
1182 762 1365 801 decreverit,
1394 762 1590 797 medietatem
1613 764 1784 807 Ecclesiae,

1033 812 1081 845 cui
1111 811 1177 857 ipse
1205 812 1361 857 pertinere
1383 811 1591 857 dignoscitur,
1614 813 1783 861 relinquat:

1033 869 1060 893 et
1090 861 1135 894 sic,
1154 860 1280 894 demum
1310 861 1339 894 in
1372 862 1583 902 monasterio,
1622 872 1714 909 prout
1747 865 1784 899 li-

1032 909 1131 943 bitnm
1161 910 1218 944 sibi
1248 910 1351 948 fuerit,
1388 911 1482 944 eundi
1517 913 1785 960 convertendique

1032 959 1143 994 habeat
1162 960 1332 993 licentiam.
1353 960 1556 1007 Quicumque
1570 968 1674 996 autem
1691 963 1785 999 liuius

1031 1008 1147 1043 decreti
1183 1008 1395 1043 contradictor
1427 1010 1564 1044 extiterit
1586 1023 1622 1046 ac
1650 1021 1785 1048 temera-

1032 1066 1090 1102 tor,
1112 1058 1321 1093 anathematis
1348 1058 1453 1105 gladio
1475 1060 1638 1097 subiaceat
1658 1063 1715 1106 (l).

1323 1187 1473 1223 XXXIV.

1030 1259 1188 1292 Concessio
1212 1262 1390 1294 monosterii
1410 1262 1444 1294 S.
1474 1262 1579 1296 Crucis
1600 1263 1632 1296 in
1661 1263 1781 1298 Ierusa-

1077 1310 1132 1341 lem
1157 1310 1297 1343 Ri'cheri'o
1319 1312 1424 1344 abban·
1446 1312 1632 1351 cassinensi,
1658 1314 1782 1358 eiusque

1076 1360 1295 1392 successoribus
1326 1361 1385 1401 (2).

1293 1428 1507 1460 SUMMARIUM

1026 1490 1194 1520 Exordium.
1215 1508 1255 1514 --
1272 1490 1382 1521 Causae
1403 1493 1531 1523 unionis.
1550 1510 1590 1517 —
1608 1493 1782 1525 lmmunitn-

1066 1536 1125 1560 tum
1149 1533 1313 1562 concessio.
1339 1549 1378 1555 —
1409 1533 1507 1563 Abbas
1536 1534 1591 1564 sub
1612 1534 1676 1564 iure
1700 1535 1780 1565 sedis

1067 1572 1258 1610 apostolicae.
1327 1585 1338 1598 s

1025 1637 1073 1665 Leo
1092 1637 1232 1673 episcopus
1252 1645 1346 1666 servus
1368 1646 1508 1667 servornm
1527 1639 1581 1672 Dei,
1599 1639 1721 1668 Richerio
1731 1640 1778 1668 ab·

1069 1683 1126 1710 bati
1146 1683 1305 1711 monasterii
1325 1684 1350 1711 S.
1372 1684 1517 1717 Benedicti,
1538 1685 1606 1720 qnod
1625 1685 1735 1720 ponitur
1750 1685 1779 1713 in

1069 1727 1156 1755 Monte
1175 1727 1289 1760 Casino,
1320 1729 1428 1763 tuisque
1464 1729 1664 1758 successoribus
1683 1737 1777 1767 perpe·

1068 1773 1144 1800 tuam
1163 1772 1192 1800 in
1210 1772 1319 1801 Domino
1339 1773 1467 1802 salutem.

1073 1834 1222 1869 Creditae
1240 1836 1466 1883 speculationis
1484 1837 1677 1884 impellimur
1689 1849 1776 1879 cura,

1024 1884 1118 1918 etiam
1157 1884 1268 1919 ardore
1305 1885 1494 1920 christianae
1530 1887 1712 1933 religionis,
1745 1896 1777 1922 et

1024 1933 1129 1967 studio
1152 1933 1249 1967 divini
1273 1935 1377 1969 cultus
1401 1936 1624 1982 promovemur
1647 1949 1703 1984 pro
1722 1949 1776 1972 ve-

1026 1982 1213 2017 nerabilium
1243 1984 1381 2018 locorum
1407 1985 1601 2032 percogitare
1622 1986 1776 2021 stabilita—

1025 2041 1053 2066 te
1071 2060 1078 2071 ,
1101 2040 1194 2079 atque
1216 2032 1284 2067 Deo
1312 2034 1513 2068 servientium
1536 2035 1718 2076 securitate,
1742 2044 1776 2070 ut

1024 2081 1083 2115 hoc.
1107 2083 1310 2127 proveniente
1349 2096 1403 2128 pro
1436 2084 1561 2124 labore,
1588 2092 1619 2118 et
1651 2086 1774 2120 animae

1023 2129 1151 2165 Christo
1179 2131 1310 2176 dicatae,
1338 2145 1417 2178 quae
1441 2145 1473 2167 se
1496 2133 1538 2167 illi
1562 2134 1674 2168 diebus
1695 2135 1776 2169 vitae

1024 2192 1097 2214 suae
1124 2181 1293 2216 servituras
1314 2181 1538 2222 decreverunt,
1575 2191 1776 2229 perseverent

1025 2229 1281 2275 imperturbatae,
1314 2243 1372 2266 nec
1401 2243 1463 2266 non
1486 2240 1516 2266 et
1549 2232 1600 2267 illa
1627 2241 1775 2268 maneant

1025 2279 1084 2313 sine
1106 2286 1198 2313 tenus
1214 2280 1313 2324 firma,
1335 2292 1415 2326 quae
1437 2293 1453 2315 a
1473 2282 1655 2317 christianis
1670 2283 1699 2317 in
1715 2283 1774 2318 Dei

1023 2328 1113 2362 laude
1135 2337 1291 2364 contracta
1315 2338 1398 2364 sunt.
1416 2330 1498 2372 Quia
1524 2331 1619 2377 igitur
1640 2340 1774 2373 constat,

1024 2378 1247 2412 monasterium
1274 2378 1457 2419 Ierusalem,
1485 2380 1569 2428 quod
1598 2381 1691 2416 etiam
1718 2382 1776 2416 di-

1023 2427 1102 2461 citur
1123 2426 1256 2462 Sanctae
1278 2427 1400 2471 Crucis,
1421 2429 1480 2463 iam
1503 2430 1610 2477 elapso
1630 2438 1772 2477 tempore

1023 2489 1038 2510 a
1061 2477 1305 2522 congregatione
1321 2478 1548 2514 monachorum
1564 2479 1620 2514 Dei
1637 2480 1689 2514 tali
1704 2480 1774 2515 loco

1023 2533 1222 2576 conwetente
1260 2538 1405 2564 vacasse,
1445 2537 1475 2562 et
1515 2528 1652 2564 sollicito
1695 2529 1774 2564 nulli

1024 2575 1200 2622 praeposito
1223 2576 1254 2610 in
1282 2588 1330 2615 eo,
1353 2585 1406 2610 aut
1436 2578 1597 2613 monachis
1624 2578 1771 2613 habitan-

1059 2631 1098 2665 (ί)
1114 2632 1193 2659 Nullo
1210 2634 1338 2666 temporis
1353 2637 1488 2661 caractere
1509 2635 1651 2661 adnotatur
1669 2636 1777 2663 allatum

1023 2667 1170 2730 dDeigIrethgq:
1190 2668 1358 2731 εβὶέἓὶἳᾱὶᾱίι
1378 2670 1528 2698 Bernardus
1542 2670 1577 2698 de
1595 2671 1776 2706 Montt‘aucon,

1808 989 1928 1012 Anathemn
1971 990 1993 1011 in

1808 1028 1991 1055 transgressores.

1804 1854 1931 1877 Exordium.

1802 2353 1882 2376 Canue
1889 2353 1987 2375 unionis.
