2237 3127
69 338 121 366 An.
143 337 171 366 C.
200 337 251 366 649

68 696 146 725 Quales
158 696 250 726 presby-

68 738 164 755 ten-roni
175 741 179 761 3

69 795 148 824 Quales
174 795 249 817 ‹liaeo-

67 840 159 863 DOTUH];

64 1556 124 1583 Quae
141 1554 168 1575 sit
180 1553 246 1575 fucul-

63 1594 95 1614 tas
122 1591 200 1612 vicarii
222 1598 244 1612 a-

63 1625 176 1658 postuliei.

64 1983 152 2004 Summo
172 1982 248 2003 Ponti-

64 2018 99 2040 fici
118 2019 139 2039 in
167 2017 247 2039 aediti-

65 2054 173 2075 cntionem
201 2061 248 2074 ma-

65 2091 98 2119 gis
131 2097 192 2119 quain
226 2090 230 2109 i

64 2126 236 2148 destructionem

63 2166 161 2192 potestas
189 2162 246 2184 data.

895 351 1061 374 MARTtNUS
1087 352 1098 374 1
1125 351 1173 374 PP.

277 407 428 457 cupidum
455 408 513 453 (a):
539 406 595 442 sed
616 406 815 454 hospitalem,
840 406 1022 452 benignum,

278 458 489 505 prudentem,
518 456 651 500 iustum,
679 464 835 499 sanctum,
857 455 1024 490 continen-

278 517 361 548 tem,
387 507 626 553 amplectentem
650 518 734 544 eum,
761 505 814 552 qui
848 505 1021 539 secundum

279 557 452 591 doctrinam
475 563 531 596 est,
554 555 678 589 fidelem
704 566 894 594 sermonem,
917 561 950 587 ut
972 565 1024 600 po-

279 615 349 641 tens
364 607 404 640 sit
424 604 579 640 exhortari
602 604 632 638 in
648 604 788 638 doctrina
803 615 892 646 sana,
915 610 944 637 et
957 614 1021 645 eos,

279 656 331 702 qui
355 654 575 690 contradicunt
597 664 741 699 arguere:
765 652 964 699 presbyteros
978 663 1022 685 so-

281 704 377 745 brios,
401 704 583 751 prudentes,
608 714 701 736 sanos
723 701 753 736 in
778 701 853 744 fide,
877 701 908 734 in
940 700 1022 734 dile-

279 754 404 794 ctione,
440 753 470 787 in
509 751 668 798 patientia,
698 750 848 785 diaconos
881 749 1024 784 similiter

281 803 420 850 pudicos,
448 813 511 835 non
543 800 720 847 bilingues,
748 812 810 834 non
833 799 931 833 multo
952 799 1023 833 vino

281 852 414 890 deditos,
443 862 506 884 non
533 857 625 896 turpe
647 849 769 883 lucrum
791 855 946 883 sectantes
968 850 1019 891 (b).

280 901 367 936 Haec
392 899 475 934 enim
504 899 631 940 faciens,
653 906 683 932 et
706 898 842 944 teipsum
870 896 1021 937 salvabiS,

279 958 309 984 et
336 948 535 984 rationabiles
556 948 613 982 Dei
638 959 750 993 greges
781 946 942 981 incursum
975 946 1024 980 ef-

278 999 432 1045 fugientes
454 998 600 1044 luporum
622 996 802 1031 huiusmodi
825 996 1022 1030 sacerdotum

279 1048 453 1094 diligentia.
480 1046 580 1081 Dolor
599 1046 684 1080 enim
706 1045 782 1079 milii
805 1054 851 1079 est
872 1057 1022 1090 magnus,

279 1096 518 1132 etincessabilis
533 1095 675 1130 molestia
697 1094 784 1129 cordi
807 1106 888 1134 meo,
907 1094 1024 1141 quoad-

279 1158 379 1194 usque
405 1158 461 1193 per
486 1153 623 1180 vestrum
650 1145 680 1179 in
720 1143 846 1178 Cliristo
883 1143 1023 1178 studium

280 1196 341 1231 hoc
361 1208 442 1242 opus
462 1194 639 1230 absolutum
667 1193 802 1237 videam,
829 1192 1024 1240 quandoqui-

280 1245 353 1280 dem
379 1245 440 1279 hoc
466 1252 496 1279 et
516 1244 605 1291 prius
631 1243 800 1290 apostolica
828 1242 919 1276 sedes
948 1242 1024 1276 liaeo

280 1294 347 1330 fieri
380 1293 541 1341 praecepit
567 1305 622 1340 per
653 1299 862 1327 memoratum
887 1291 1025 1338 Stepha-

280 1357 355 1379 num
378 1343 528 1378 dilectum
545 1342 768 1389 coepiscopum
784 1348 937 1375 nostrum.
960 1340 1022 1375 Sed

280 1393 340 1428 hoc
361 1393 496 1427 salutare
518 1391 714 1439 propositum
737 1390 776 1424 ad
798 1390 945 1424 effectum
969 1402 1025 1424 ve-

279 1443 347 1477 nire
369 1442 607 1490 prohibuerunt,
634 1441 685 1487 qui
706 1439 775 1474 talia
792 1439 957 1486 prohibere
975 1439 1025 1473 di-

279 1504 360 1538 gnos
380 1491 502 1538 seipsos
526 1489 759 1538 praestiterunt,
786 1488 841 1534 qui
868 1500 924 1534 pro
941 1488 1026 1522 arbi-

279 1548 359 1575 tratu
393 1552 456 1579 suo
486 1552 522 1574 ea
556 1550 636 1586 quae
665 1537 894 1573 aedificationis
926 1545 1024 1582 sunt,

279 1597 353 1625 nota
378 1590 406 1625 ei
428 1589 557 1624 omnino
586 1600 648 1623 non
683 1587 836 1630 fecerunt,
860 1594 1024 1633 praecepta

278 1651 392 1685 nempe
407 1638 612 1673 demandatae
628 1636 704 1671 vicis
718 1636 908 1683 apostolicae
930 1635 1025 1670 huius

278 1688 457 1729 cathedrae,
480 1687 595 1735 quibus
617 1686 721 1721 iussus
735 1694 781 1720 est
795 1685 966 1720 electiones
982 1685 1024 1719 ibi

280 1738 381 1773 facere
403 1750 525 1778 eorum,
552 1737 605 1783 qui
626 1736 666 1771 ad
697 1747 804 1770 curam
826 1734 1026 1769 christianis-

279 1788 351 1822 simi
379 1786 487 1834 populi
512 1785 669 1832 deligendi
694 1793 767 1819 sunt
784 1811 793 1829 ,
826 1784 1025 1818 solummodo

279 1844 384 1871 autem
419 1836 446 1871 ei
483 1836 699 1881 significarunt
735 1833 774 1868 de
806 1832 1024 1879 depositione,

279 1886 423 1920 timorem
445 1885 586 1923 Domini,
609 1884 738 1918 minime
761 1883 946 1927 cogitantes,
969 1894 1025 1916 ne-

279 1947 341 1981 que
376 1935 407 1969 iu
441 1935 491 1968 his
517 1932 748 1968 formidabilem
777 1932 845 1966 eius
872 1932 1025 1977 indigna-

280 1985 409 2019 tionem.
432 1983 589 2025 Quoniam
612 1982 719 2028 igitur,
743 1989 775 2016 ut
797 1981 890 2024 nosti,
912 1981 1024 2015 dilecte

280 2034 391 2077 frater,
419 2033 450 2066 in
472 2031 719 2066 aedificationem
747 2030 846 2076 magis
868 2043 961 2077 quam
993 2031 1023 2064 in

280 2082 528 2117 destructionem
543 2094 557 2115 a
572 2081 709 2116 Domino
732 2087 917 2127 potestatem
940 2092 1024 2114 acce-

281 2133 397 2180 pimus,
418 2130 523 2166 studio
549 2130 604 2165 tibi
633 2131 674 2165 sit
695 2141 747 2171 ea,
774 2142 854 2176 quae
875 2129 1024 2164 aedifica-

281 2181 376 2216 tionis
398 2189 471 2216 sunt
492 2179 626 2227 operari,
648 2179 720 2214 dato
743 2178 795 2213 tibi
813 2191 867 2225 per
885 2191 943 2213 nos
956 2179 1024 2213 cius

280 2230 454 2277 discipulos
479 2229 651 2277 apostolico
683 2237 874 2276 praecepto,
908 2236 939 2263 et
966 2240 1024 2276 po-

280 2287 407 2315 testate:
443 2286 474 2314 et
499 2279 598 2325 gratia
620 2279 732 2324 dignos
754 2290 939 2324 promovere
966 2289 1024 2312 ne-

280 2341 470 2377 quamquam
492 2328 616 2362 dubites
636 2328 674 2362 ad
701 2327 961 2368 incolumitatem,
994 2335 1023 2362 et

281 2379 479 2414 securitatem
522 2377 681 2412 Ecclesiae
715 2377 885 2412 catholicae
900 2404 909 2422 ,
951 2389 1022 2411 cum

280 2440 395 2474 magna
416 2427 585 2462 dilectione
606 2427 773 2462 exhortans
795 2438 860 2468 eos,
885 2426 939 2473 qui
962 2426 1022 2460 iam

283 2477 417 2525 depositi
438 2485 525 2517 sunt,
544 2476 682 2511 converti
698 2476 735 2511 ad
750 2476 938 2517 Dominum;
966 2487 1024 2522 po-

281 2534 340 2561 test
360 2527 443 2561 enim
470 2538 524 2561 eos
551 2538 674 2561 rursum
693 2525 725 2560 iu
747 2525 1024 2560 admirabilemlu-

281 2588 349 2611 cem
372 2588 460 2611 suam
487 2575 653 2619 adducere,
687 2575 739 2622 qui
766 2575 843 2610 haec
870 2575 961 2618 facit,
993 2582 1024 2609 et

65 2624 193 2647 *¹¹'¹¹‘f¹⁸²²⁰
213 2624 238 2645 ³³
280 2625 434 2665 immutat,
454 2631 546 2672 prout
558 2625 667 2659 utilius
681 2631 737 2659 est.
752 2624 823 2666 Quo
835 2624 915 2659 cirea
930 2624 1022 2659 etiam

66 2662 167 2685 lonnucm
198 2664 219 2683 ut
237 2668 248 2682 a

279 2675 420 2710 hortatur
432 2674 601 2722 Propheta,
617 2674 726 2709 dicens
740 2674 799 2708 eis:
822 2673 970 2710 Accedite
984 2673 1023 2709 ad

313 2735 355 2774 (α)
371 2735 423 2763 Tit.
443 2736 468 2764 ί.
505 2734 543 2772 (ὁ)
562 2735 614 2763 Tit.
634 2736 668 2770 25
690 2736 714 2763 1.
735 2735 851 2764 Timoth.
868 2736 895 2764 3.

1693 339 1761 372 195

1063 418 1147 445 eum.
1182 412 1213 440 et
1234 403 1471 449 illuminamini,
1505 412 1535 439 et
1564 403 1658 439 facies
1686 413 1807 439 vestrae

1063 553 1238 594 coccinum,
1265 553 1353 599 quasi
1376 553 1429 586 nix
1454 552 1694 593 dealbabuntur,
1728 560 1759 587 et
1781 552 1806 587 si

1064 602 1178 636 fuerint
1209 601 1325 646 rubra,
1351 602 1438 648 quasi
1461 602 1674 646 vermiculus,
1712 601 1807 636 veluti

1063 651 1133 685 lana
1154 651 1223 686 alba
1245 659 1337 686 erunt
1358 654 1410 695 (a).
1437 650 1470 685 Si
1496 651 1666 691 volueritis,
1691 659 1722 685 et
1747 663 1807 685 au-

1063 699 1184 735 dieritis
1207 712 1271 739 me,
1293 700 1374 735 bona
1401 708 1501 734 terrae
1527 700 1709 735 comedetis.
1746 700 1806 734 La—

1062 750 1178 784 vamini
1194 776 1202 790 ,
1226 749 1336 784 mundi
1370 757 1484 793 estote,
1507 749 1625 783 auferte
1657 749 1810 783 novitates

1063 799 1287 844 cogitationum
1319 807 1491 833 vestrarum
1518 798 1556 832 ab
1583 798 1683 833 oculis
1713 799 1806 833 meis:

1063 848 1214 894 quiescite
1234 860 1250 882 a
1273 848 1494 882 commentitiis
1516 848 1624 882 vestris
1650 847 1807 893 dogmati-

1064 896 1138 938 bus3
1171 897 1282 931 discite
1303 896 1383 931 bene
1405 896 1568 936 confiteri,
1591 898 1730 943 quaerite
1752 909 1811 931 or-

1063 946 1233 980 thodoxam
1260 945 1371 980 fidem:
1405 954 1435 980 et
1467 946 1569 980 venite
1602 954 1633 980 et
1659 946 1807 992 recipiam

1065 1007 1130 1036 vos,
1157 995 1233 1029 dicit
1258 995 1425 1029 Dominus.
1448 994 1553 1036 Quare
1575 994 1707 1028 nimium
1734 1007 1809 1040 pro-

1064 1051 1133 1091 pter
1164 1045 1251 1091 ipsos
1285 1045 1428 1091 aporior,
1459 1044 1560 1078 donec
1586 1056 1710 1078 rursum
1744 1043 1808 1077 for-

1064 1101 1166 1128 metur
1192 1093 1283 1128 iniis
1310 1106 1365 1140 per
1399 1093 1492 1127 fidem
1526 1093 1681 1128 Christus.
1718 1092 1809 1127 Unde
1859 1098 1891 1109 '⁸¹
1913 1097 1965 1135 ΓΜ
2000 1098 2010 1109 “’

1065 1155 1121 1189 pro
1144 1143 1220 1190 ipsis
1242 1142 1456 1177 indesinenter
1473 1142 1527 1176 diu
1553 1151 1711 1189 noctuque
1738 1154 1810 1177 cum
1838 1135 1875 1181 (ἰ.
1904 1137 1920 1181 .’,’
1998 1134 2008 1181 „¹

1064 1192 1209 1240 lacrymis
1223 1191 1473 1227 obsecrationem
1496 1192 1584 1233 facio,
1608 1200 1641 1226 ut
1657 1193 1735 1239 ipse,
1757 1192 1809 1238 qui
1849 1206 1869 1218 σε
1891 1207 1966 1220 vuum
1998 1209 2008 1220 ιι

1065 1249 1194 1289 propter
1215 1254 1273 1276 nos
1305 1241 1336 1276 in
1369 1254 1461 1276 carne
1493 1241 1667 1276 voluntarie
1697 1253 1810 1288 passus
1852 1243 1876 1256 ‘²‘

1064 1299 1122 1335 est,
1145 1303 1270 1326 rursum
1296 1303 1351 1326 eos
1372 1291 1484 1326 virtute
1506 1291 1623 1338 proprii
1644 1298 1675 1325 et
1697 1290 1810 1325 vivifici

1065 1341 1228 1387 sanguinis
1246 1340 1284 1375 ad
1312 1341 1470 1387 seipsum,
1496 1347 1528 1374 et
1556 1352 1612 1374 nos
1637 1339 1810 1374 indissolu-

1065 1389 1169 1424 biliter
1202 1401 1258 1437 per
1287 1390 1441 1424 sinceram
1477 1389 1679 1424 concordiam
1715 1389 1810 1423 uniat.

1065 1438 1270 1485 Cognoscens
1286 1439 1390 1485 igitur,
1412 1439 1536 1479 dilecte,
1558 1438 1739 1473 huiusmodi
1754 1450 1808 1473 no-

1065 1495 1163 1522 strum
1190 1488 1230 1523 de
1255 1488 1333 1535 ipsis
1356 1500 1542 1532 moerorem,
1564 1500 1604 1522 ne
1626 1499 1730 1522 cesses
1752 1499 1808 1534 per

1066 1537 1313 1572 misericordiam
1344 1536 1402 1572 Dei
1436 1537 1633 1572 continenter
1658 1549 1712 1572 eos
1733 1537 1809 1571 hor-

1065 1587 1134 1628 tari,
1160 1594 1191 1622 et
1214 1587 1430 1634 propheticam
1457 1586 1493 1621 iis
1524 1585 1667 1633 quotidie
1692 1586 1812 1621 decau-

1066 1643 1130 1670 tare
1150 1648 1270 1680 vocem,
1292 1648 1371 1683 quae
1390 1635 1479 1670 dicit:
1502 1635 1664 1683 Nunquid‚
1687 1635 1741 1683 qui
1757 1647 1810 1670 ca-

1065 1685 1111 1719 dit
1127 1697 1189 1720 non
1212 1688 1371 1731 resurget?
1392 1694 1422 1720 et
1444 1685 1496 1732 qui
1520 1697 1647 1720 aversus
1668 1693 1726 1725 est,
1747 1697 1809 1719 non

1065 1736 1266 1769 revertetur?
1294 1737 1333 1778 (b)
1360 1734 1619 1781 Appropinquate
1646 1734 1745 1778 milii,
1780 1742 1810 1768 et

1065 1783 1326 1831 appropinquabo
1341 1784 1442 1828 vobis,
1458 1783 1534 1818 dicit
1551 1782 1723 1818 Dominus:
1738 1783 1811 1830 quia

1065 1833 1152 1867 Deus
1185 1833 1441 1880 appropinquans
1475 1845 1532 1878 ego
1566 1845 1654 1877 sum,
1688 1840 1718 1867 et
1745 1845 1808 1867 non

1065 1882 1151 1917 Deus
1172 1882 1210 1917 de
1232 1883 1324 1928 longe
1352 1886 1397 1926 (c).
1426 1882 1528 1928 Prope
1547 1883 1632 1916 enim
1654 1882 1809 1916 Dominus

1065 1931 1213 1966 omnibus
1240 1932 1458 1966 invocantibus
1484 1944 1556 1966 eum
1590 1931 1621 1965 iu
1658 1932 1806 1973 veritate,

1065 1993 1144 2027 quae
1165 1993 1182 2015 a
1204 1983 1321 2016 sanctis
1343 1981 1487 2015 Patribus
1509 1980 1742 2028 praedicabitur
1756 1983 1807 2025 (d).

1065 2030 1105 2064 Et
1127 2043 1199 2065 vero
1222 2042 1260 2065 ne
1281 2030 1460 2074 defatigeris
1482 2031 1541 2065 hoc
1570 2029 1696 2065 faciens.
1724 2029 1810 2064 Scri-

1066 2088 1154 2126 ptum
1176 2087 1223 2114 est
1248 2080 1344 2114 enirn:
1369 2080 1492 2114 Bonum
1525 2079 1675 2114 facientes
1697 2092 1735 2113 ne
1751 2079 1809 2114 de-

1065 2129 1176 2164 ficiatis
1197 2132 1240 2173 (e).
1268 2129 1396 2176 Optime
1421 2136 1524 2164 autem
1547 2129 1679 2163 audiens
1703 2128 1809 2163 dicen·

1064 2186 1138 2214 tem:
1166 2178 1291 2213 Fratres
1311 2178 1382 2219 mei,
1404 2178 1428 2213 si
1452 2178 1522 2226 quis
1544 2190 1582 2212 ex
1608 2178 1697 2213 vobis
1722 2190 1808 2212 erra·
1837 2187 2014 2235 ‘'tw’‘

1065 2228 1142 2263 verit
1163 2240 1178 2263 a
1200 2229 1340 2267 veritate,
1358 2236 1388 2263 et
1415 2227 1602 2262 converterit
1624 2227 1695 2274 quis
1716 2239 1805 2268 eum;

1064 2278 1143 2313 scire
1165 2277 1259 2312 debet
1279 2278 1441 2325 quoniam,
1464 2278 1518 2324 qui
1539 2277 1678 2312 converti
1703 2277 1809 2311 fecerit

1065 2334 1260 2374 peccatorem
1287 2327 1326 2361 ab
1344 2339 1449 2362 errore
1470 2327 1537 2362 viae
1559 2338 1650 2367 suae,
1678 2326 1809 2361 salvabit

1063 2377 1201 2411 animam
1232 2376 1299 2411 eius
1317 2389 1334 2411 a
1356 2384 1468 2421 morte,
1494 2384 1524 2411 et
1554 2376 1673 2422 operiet
1698 2376 1808 2409 multi-

1064 2426 1207 2461 tudinem
1229 2435 1438 2473 peccatorum.
1466 2425 1506 2460 Et
1534 2437 1674 2460 rursum:
1698 2424 1732 2459 Si
1758 2437 1809 2459 se-

1065 2476 1220 2523 paraveris
1244 2476 1415 2522 pretiosum
1429 2487 1446 2510 a
1467 2475 1533 2515 vili,
1552 2474 1639 2521 quasi
1654 2486 1689 2508 os
1703 2486 1808 2508 meum

1064 2526 1137 2567 eris,
1164 2533 1194 2560 et
1215 2533 1437 2560 convertentur
1455 2525 1511 2571 ipsi
1527 2524 1565 2558 ad
1583 2532 1623 2568 te,
1645 2531 1675 2557 et
1697 2531 1729 2557 tu
1746 2536 1808 2558 non

1065 2576 1256 2610 converteris
1283 2575 1322 2610 ad
1355 2587 1425 2610 eos:
1459 2582 1490 2608 et
1525 2573 1606 2608 dabo
1632 2580 1662 2607 te
1695 2573 1810 2619 populo

1099 2645 1139 2682 (a)
1155 2646 1214 2673 lsai.
1236 2647 1262 2673 1.
1300 2646 1338 2682 (b)
1358 2646 1452 2672 Ierem.
1474 2644 1500 2671 8.
1539 2643 1575 2679 (c)
1592 2643 1678 2670 Iacob.
1699 2644 1726 2671 It,
1752 2644 1809 2675 Ap-

1062 2694 1242 2724 propinquate
1254 2692 1315 2719 Deo,
1329 2695 1352 2716 cl
1367 2691 1589 2723 appropinquabit
1608 2691 1686 2716 vobis.
1711 2688 1751 2724 (d)
1771 2689 1811 2716 le-

1065 2742 1132 2764 rem.
1153 2736 1198 2770 55,
1213 2735 1290 2763 iuxta
1304 2742 1370 2762 Lxx.
1408 2733 1443 2771 (c)
1460 2732 1547 2762 lacob-
1569 2733 1596 2761 ὃ.

1837 331 1889 358 An.
1908 331 1935 358 C.
1968 331 2018 357 649

1836 397 1879 418 lid·
1895 397 1966 426 lapsus
1992 398 2017 418 ad

1836 433 1915 453 (Iliristi
1963 441 1973 451 n
1991 442 1994 452 t
2009 441 2018 451 e

1064 467 1125 489 non
1148 454 1401 498 confundentur,
1428 466 1508 501 quae
1537 465 1608 488 vero
1640 454 1806 499 signantur
1836 469 1939 490 ,mxumo
1980 447 2019 489 ’ωι-

1063 504 1196 545 lumine;
1232 512 1261 538 et
1282 505 1306 538 si
1333 503 1449 538 fuerint
1477 511 1601 550 peccata
1623 511 1746 544 vestra,
1775 511 1807 537 ut
1837 509 1867 525 Μ
