2237 3127
61 320 112 349 Au.
126 318 156 346 C.
175 314 244 345 1052

104 392 244 418 confirmatio

59 432 166 455 bonorum
190 437 243 452 om-

57 467 117 490 nium
134 465 161 488 ad
188 465 244 488 hanc

60 502 185 525 Ecclesiam
204 509 245 531 pei·

59 537 199 560 ntuentium.-

61 575 119 596 Bon·
145 573 172 595 ad
201 573 245 595 As-

58 609 161 632 culmum
187 610 244 640 epi-

57 648 174 674 scopatum
191 653 245 676 spo-

59 681 149 702 euntia.

911 315 937 340 S.
960 316 1023 340 LEO
1047 317 1084 341 lx
1113 316 1161 340 Pp,

274 369 502 406 confirmamus
514 377 544 405 et
552 369 791 406 corroboramus
807 370 872 410 tibi,
883 380 916 406 ut
930 385 1023 407 nemo

275 421 388 455 exinde
418 433 490 455 eum
518 421 631 456 audeat
659 421 820 456 disvestire
848 421 893 456 vel
924 422 1023 456 mole-

275 479 435 516 sta1·e‚seu
449 470 583 517 aliquam
601 471 849 516 inquietudinem
870 471 912 505 illi
926 471 1022 506 infer-

274 533 323 565 re,
342 521 422 555 idest
447 520 602 555 civitatem
625 521 816 555 Esculanam
839 533 875 555 ex
900 521 1021 567 integro

273 583 345 605 cum
374 571 439 617 ipsa
466 582 521 604 sua
545 571 687 616 portione
710 570 748 604 de
771 571 959 605 monasterio
985 570 1018 605 S.

272 620 398 666 Angeli,
423 619 506 666 quod
526 620 555 653 in
579 620 645 666 ipsa
667 620 790 653 civitate
806 628 852 654 est
870 629 1020 654 constru-

271 678 369 711 ctum,
384 677 414 704 et
430 670 655 703 monasterinm
672 668 841 708 S.Mariae,
857 671 887 703 in
903 670 1020 704 Sancto

274 720 381 755 Monte
406 718 559 766 positum,
586 731 656 753 cum
680 718 829 753 omnibus
852 719 931 753 inst«-
959 719 1018 754 sibi

271 768 516 816 pertinentibus,
538 768 583 801 vel
603 780 683 814 qnae
696 768 726 801 in
739 776 827 802 antea
842 769 1019 816 aliquorum

270 820 352 854 iusta
375 818 500 852 datione
524 817 662 863 legaliter
684 818 839 864 pertinere
862 827 1019 865 poterunt:

270 868 446 905 castellum,
473 867 554 913 quod
572 867 686 901 dicitur
707 866 835 907 Trione,
858 881 929 902 cum
951 881 1021 901 mo-

270 918 408 953 nasterio
441 916 550 951 Sancti
583 916 744 951 Laurentii
773 929 844 951 cnm
873 918 1021 952 omnibus

270 967 470 1016 pertinentiis
482 966 563 1001 suis:
581 976 700 1001 curtem
717 967 755 1001 de
770 966 852 1001 Masa
867 980 937 1001 enm
953 968 1021 1013 ipso

271 1018 345 1065 poio
367 1017 406 1051 de
428 1015 672 1051 Valle-Lucida:
695 1024 814 1052 curtem
839 1017 877 1051 de
897 1017 1019 1051 Monte:

270 1075 393 1102 curtem
415 1065 454 1100 de
475 1065 610 1105 pazano,
628 1067 719 1101 sicuti
740 1067 769 1100 in
793 1066 908 1100 cartula
932 1066 1020 1114 May-

271 1117 359 1152 nardi
375 1116 428 1150 lilii
442 1114 551 1161 Sigotfi
564 1115 698 1151 babetur
711 1124 741 1151 et
759 1116 888 1162 legitur:
909 1126 1021 1159 castra,

271 1179 351 1214 quae
376 1165 525 1200 dicuntur
552 1165 711 1207 sculcula,
737 1166 878 1203 Matrice.
906 1165 1021 1211 Spine-

270 1217 353 1252 tula:
369 1223 490 1251 curtem
511 1215 549 1250 de
572 1215 660 1250 llica:
684 1224 803 1250 curtem
821 1216 860 1250 de
874 1216 1020 1251 Cariano:

271 1275 393 1301 curtem
422 1265 460 1299 de
487 1264 586 1300 Core:
619 1274 739 1301 curtem
763 1266 801 1300 de
822 1266 1019 1301 Belenterio:

270 1324 391 1351 curtem
421 1315 460 1349 de
487 1314 701 1350 Flaminiano:
730 1323 849 1350 curtem
874 1316 911 1349 de
940 1317 1019 1363 Api:

275 1375 395 1400 curtem
412 1365 451 1399 de
472 1364 659 1399 Tarracina:
675 1374 795 1400 curtem
819 1366 859 1401 de
881 1365 1020 1411 Rapino:

273 1424 392 1450 curtem
422 1414 461 1449 de
487 1414 599 1448 Wasto
625 1415 810 1450 pomarese:
834 1426 952 1450 curtem
982 1416 1021 1451 de

274 1465 369 1499 Saxa:
386 1472 505 1499 curtem
521 1464 560 1498 de
575 1464 669 1499 Satli:
693 1473 813 1500 curtem
828 1465 866 1499 de
878 1465 1020 1501 Patarco:

271 1523 392 1549 curtem
416 1513 455 1548 de
481 1513 562 1548 Villa
589 1513 714 1559 Magna,
747 1523 778 1549 et
811 1517 914 1550 omnia
944 1528 1022 1562 quae

271 1564 435 1611 praedicto
462 1563 680 1609 episcopatui,
715 1572 777 1598 tam
811 1565 840 1599 in
874 1566 1022 1611 supradi-

270 1623 392 1649 ctorum
408 1621 598 1656 castrorum,
621 1626 714 1659 quam
739 1622 858 1649 curtem
875 1615 913 1649 dc
931 1616 1023 1649 Mon-

271 1664 381 1698 tariolo
407 1663 490 1697 intus
516 1663 670 1698 civitatem
698 1663 918 1708 Spoletanam:
944 1678 1022 1700 cur—

272 1722 333 1748 tem
349 1713 388 1748 de
400 1712 538 1747 Paterno
560 1713 590 1747 in
614 1713 694 1753 loeo,
712 1713 764 1760 qui
780 1713 881 1748 Ponte
895 1714 1021 1749 dieitur:

273 1772 394 1798 curtem
412 1762 452 1797 de
466 1762 667 1797 Primocasu:
691 1763 838 1808 gualdum
856 1764 894 1798 de
912 1764 1023 1809 Lagui-

272 1825 329 1854 ne,
354 1813 384 1846 in
409 1811 522 1846 Nursia
545 1824 648 1846 casam
673 1820 703 1847 et
727 1821 846 1847 curtem
873 1813 950 1848 infra
976 1814 1023 1847 lo-

273 1874 363 1903 cum,
382 1861 433 1896 ubi
456 1861 530 1895 olim
545 1861 601 1895 fuit
614 1862 736 1896 civitas:
753 1870 872 1897 curtem
891 1863 929 1897 de
951 1864 1022 1898 Sala

273 1912 304 1946 in
338 1911 448 1946 eadem
482 1910 616 1945 Nursia:
651 1911 799 1956 gualdum
835 1912 873 1945 de
905 1912 1022 1947 Fvsso:

272 1970 393 1996 curtem
416 1960 529 1995 Savelli
554 1961 584 1994 in
599 1961 749 1995 comitatu
772 1961 845 1995 item
862 1962 1023 1997 Escnlano

273 2011 305 2045 in
329 2011 419 2054 loco,
442 2010 493 2057 qui
519 2011 607 2056 Aqua
636 2010 767 2044 dicitnr:
794 2011 956 2045 castellum
986 2012 1024 2046 de

274 2060 375 2100 Luco,
397 2069 427 2094 et
450 2059 558 2093 turrim
582 2060 620 2093 de
643 2059 788 2101 Fortuna,
811 2068 839 2094 et
864 2061 970 2107 poium
987 2061 1025 2095 de

273 2109 535 2152 Quintodecimoz
560 2117 679 2143 curtem
697 2109 735 2142 de
757 2110 934 2145 nazzanum
952 2123 1023 2144 cnm

274 2160 382 2194 salinis
399 2159 480 2193 suis:
503 2159 665 2193 castellum
689 2159 727 2192 de
750 2158 872 2193 Murro:
887 2167 1023 2194 castrum

275 2209 538 2244 Fundanianum:
568 2216 705 2242 montem
735 2208 852 2243 Purum
882 2222 953 2243 cuni
979 2209 1026 2243 Γο-

274 2259 367 2294 restis
388 2267 418 2293 et
445 2258 550 2305 sylvis,
573 2270 643 2292 cum
665 2258 736 2303 poio
764 2258 848 2304 quod
872 2258 1029 2293 Clamato-

275 2309 357 2343 rium
380 2308 513 2343 dicitur:
540 2308 634 2354 Plage
659 2319 731 2342 cum
751 2316 852 2342 castro
875 2308 1025 2342 Lusiano:

273 2358 355 2393 Villa
379 2358 489 2403 Magna
513 2370 584 2391 cnm
608 2357 694 2402 poio,
709 2364 739 2391 et
755 2357 917 2391 castellum
938 2357 1028 2392 Cici-

273 2408 413 2443 lianum:
437 2414 575 2441 montem
594 2406 763 2442 Calumna:
788 2407 1028 2441 Baianumxca-

275 2466 375 2492 strum
391 2457 430 2492 de
445 2456 590 2491 Gualdo:
614 2465 733 2491 curtem
749 2456 872 2501 Agelli:
890 2464 1026 2491 castrum

277 2507 522 2549 Lugunianum:
538 2515 656 2541 curtem
679 2506 890 2552 Pupilianam:
907 2513 1026 2540 curtem

276 2556 308 2591 S.
325 2556 477 2603 Stephani
490 2569 496 2589 :
511 2565 632 2590 curtem
642 2556 680 2588 de
692 2555 840 2593 Paterno,
853 2564 879 2589 et
891 2564 1027 2589 castrum

277 2606 316 2640 de
338 2605 496 2653 Spelunca
513 2618 584 2639 cum
604 2606 669 2651 ipsa
693 2613 780 2639 curte
794 2605 832 2639 de
851 2605 1029 2639 Valeriano:

277 2664 398 2690 curtem
434 2655 473 2690 de
506 2655 662 2690 Bosiano:
699 2662 837 2689 montem
871 2654 1031 2689 Andreae:

277 2706 386 2754 poium
409 2704 588 2751 Silvistutn⁷
602 2704 686 2752 quod
710 2712 757 2739 est
774 2712 846 2739 ante
868 2703 1032 2739 castellum

1693 305 1764 338 819

1063 373 1257 408 Gusiannm:
1286 382 1342 405 nec
1372 382 1433 404 non
1457 377 1486 404 et
1513 377 1649 405 castrum
1673 370 1710 404 de
1740 371 1818 418 Spi-

1065 423 1171 457 netulo
1206 434 1275 456 cum
1304 432 1391 454 curte
1426 433 1497 459 sua,
1532 432 1612 467 quae
1644 419 1813 456 Francisca

1063 473 1197 508 dicitur:
1229 479 1349 505 curtem
1373 470 1571 504 Fassianam:
1596 478 1716 504 curtem
1735 470 1814 505 Pre-

1062 523 1217 558 stitulam:
1249 521 1353 567 poium
1390 519 1621 553 Valenterium:
1649 521 1812 555 castellum

1063 573 1101 607 de
1131 572 1259 606 Ottavo:
1285 569 1390 617 poium
1425 568 1665 603 Gauiinaldnm:
1691 578 1812 604 curtem

1062 622 1294 657 Cervinariam:
1318 627 1437 653 curtem
1461 618 1675 653 Chrisiauam:
1691 627 1811 653 curtem

1063 673 1101 706 de
1119 671 1262 706 Vivario:
1287 677 1406 704 curtem
1435 668 1468 701 S.
1494 667 1623 702 Felicis:
1648 668 1755 714 poium
1774 669 1813 704 de

1062 722 1208 767 pignole:
1235 728 1355 754 curtem
1379 718 1412 751 S.
1441 717 1584 752 Martini:
1610 726 1745 752 castrum
1775 719 1813 753 de

1062 773 1176 805 Coi-:ito
1186 783 1257 805 cum
1273 767 1533 816 poioHeliceti,et
1544 766 1813 807 Cisitnulaemur-

1063 816 1808 866 teniPopilianozcurtemLauretianam:curtem

1064 871 1287 905 Maltinianam:
1304 867 1463 902 castellum
1479 866 1623 907 Castelli;
1639 866 1668 899 in
1682 866 1812 901 Funda-

1063 922 1104 955 ria
1121 928 1240 953 curtem
1264 917 1416 952 porilem:
1432 924 1551 950 curtem
1570 915 1720 949 Dianam:
1739 928 1813 950 cur-

1063 979 1124 1005 tem
1149 970 1186 1003 de
1201 969 1337 1010 Quarto:
1354 965 1516 1001 castellum
1535 965 1574 1000 de
1592 964 1809 999 Posttnontes:

1063 1029 1182 1054 curtem
1214 1017 1440 1064 Capitinulam:
1464 1023 1585 1050 curtem
1612 1014 1810 1050 paternionis

1063 1082 1133 1104 cum
1153 1069 1223 1115 poio
1244 1066 1434 1108 Avignonis:
1456 1065 1619 1099 castellum
1645 1064 1684 1098 de
1712 1063 1812 1098 Callo-

1063 1127 1131 1153 nata
1156 1131 1227 1152 cuni
1255 1117 1320 1150 suis
1348 1115 1503 1150 curtibus:
1533 1122 1654 1149 curtem
1685 1113 1813 1148 Ciniani

1064 1181 1133 1202 cum
1148 1180 1204 1203 suo
1220 1167 1364 1202 castello:
1381 1172 1499 1199 curtem
1515 1164 1553 1198 dc
1567 1163 1696 1206 casule,
1712 1172 1741 1197 et
1761 1176 1814 1198 ca-

1063 1219 1187 1253 stellnm
1216 1216 1357 1251 devina.
1374 1214 1459 1249 Haec
1481 1214 1585 1248 onmia
1607 1214 1815 1259 supranomi-

1065 1277 1132 1303 nata
1161 1281 1232 1302 cum
1262 1265 1406 1312 plebibus
1434 1273 1463 1298 et
1497 1263 1640 1298 ecclesiis
1667 1262 1813 1306 singulis,

1063 1330 1234 1364 earumque
1261 1314 1418 1349 dotalibus
1433 1326 1504 1348 cum
1524 1313 1621 1347 servis
1636 1321 1665 1346 et
1679 1312 1813 1352 ancillis,

1063 1367 1204 1404 villulis,
1243 1364 1449 1407 massaritiis,
1480 1361 1741 1399 commendatiis,
1781 1370 1811 1396 et.

1063 1417 1184 1451 colonis
1209 1415 1344 1458 singulis
1363 1426 1433 1447 cum
1449 1412 1572 1460 alpibus
1591 1420 1622 1446 et
1642 1411 1813 1452 montibus,

1063 1467 1176 1506 svlvis,
1217 1465 1324 1510 pratis,
1362 1463 1497 1510 pascuis,
1532 1462 1642 1498 vineis.
1675 1461 1811 1501 olivetis,

1064 1509 1156 1551 cultis
1172 1524 1200 1549 et
1224 1513 1359 1551 incultis,
1383 1513 1482 1559 aquis,
1499 1510 1699 1548 molendinis,
1716 1510 1816 1556 pisca-

1066 1567 1130 1603 riis.
1144 1563 1382 1609 piscationibus,
1395 1562 1513 1599 salinis,
1529 1572 1745 1607 aquarumque
1760 1559 1812 1594 de-

1064 1616 1286 1654 cursibus,nec
1299 1626 1359 1647 non
1376 1620 1405 1646 et
1418 1612 1581 1649 armentis,
1594 1621 1814 1656 equorumque

1065 1665 1200 1705 forestis,
1223 1677 1277 1699 seu
1305 1662 1453 1697 omnibus
1475 1661 1555 1695 inste
1576 1659 1635 1694 sibi
1660 1659 1815 1705 pertinen-

1066 1716 1148 1750 tibus
1187 1715 1217 1749 in
1253 1715 1407 1759 integrum
1444 1710 1685 1747 confirmanius,
1721 1717 1816 1754 atque

1065 1765 1234 1810 apostolica
1251 1762 1438 1798 authoritate
1460 1758 1713 1795 corroboramus.
1727 1757 1820 1792 Deci-

1066 1827 1132 1849 mas
1146 1815 1251 1852 etiam,
1274 1825 1328 1847 seu
1352 1810 1516 1859 primitias,
1538 1816 1569 1843 et
1583 1815 1715 1842 cunctas
1728 1807 1818 1841 obla-

1064 1865 1166 1898 tiones
1199 1863 1337 1897 fidelium
1374 1862 1513 1895 vivorum
1543 1866 1573 1892 et
1608 1864 1818 1900 mortuorum⁷

1067 1913 1169 1948 eidem
1187 1910 1382 1957 episcopatui
1407 1910 1487 1944 iuste
1509 1916 1537 1943 et
1560 1907 1710 1942 canonice
1730 1906 1822 1952 perti-

1067 1971 1177 1996 nentes
1198 1962 1252 1996 tibi
1276 1962 1358 1995 iuxta
1379 1958 1560 1994 canonicam
1589 1956 1817 1991 institutionem

1065 2012 1115 2046 Ss.
1140 2012 1270 2046 Patrum
1294 2009 1509 2045 concedimus.
1526 2007 1592 2042 Nec
1608 2019 1670 2040 non
1694 2013 1725 2040 ct
1742 2005 1818 2039 illud

1044 2050 1047 2090 ἶ
1067 2061 1232 2095 statuendo
1244 2060 1454 2099 decernimus,
1465 2070 1502 2091 ne
1511 2055 1624 2104 aliquis
1638 2055 1818 2102 episcopus,

1045 2117 1047 2123 '
1067 2111 1201 2146 alicuius
1223 2109 1409 2144 authoritate
1432 2107 1478 2142 vel
1502 2113 1653 2153 potestate
1668 2104 1820 2139 suffultus

1067 2161 1179 2195 audeat
1194 2160 1312 2206 absque
1339 2158 1464 2193 licentia
1484 2156 1559 2190 inibi
1580 2156 1664 2189 iuxta
1688 2154 1818 2201 praefati

1068 2210 1208 2256 episcopi
1232 2209 1459 2251 ordinationes,
1486 2219 1541 2240 seu
1577 2204 1820 2239 constitutiones

1068 2260 1190 2306 aliquas
1212 2258 1330 2299 facere,
1353 2257 1399 2291 vel
1425 2256 1539 2290 iudicia
1559 2255 1740 2301 disponere,
1763 2266 1818 2288 seu

1069 2309 1216 2352 clericos,
1250 2316 1303 2343 aut
1330 2307 1530 2354 presbyteros
1558 2304 1680 2351 synodo
1712 2304 1822 2350 quali—-

1069 2371 1206 2405 cunique
1215 2358 1415 2403 distringere,
1431 2357 1475 2390 vel
1488 2355 1626 2400 fatigare.
1640 2353 1822 2388 Statuentes

1070 2408 1165 2451 igitur
1179 2407 1348 2453 apostolica
1365 2406 1559 2447 auctoritate,
1573 2416 1653 2450 quae
1669 2403 1822 2437 servanda

1070 2465 1117 2492 est
1130 2457 1168 2491 ab
1188 2457 1347 2496 omnibus,
1370 2464 1399 2490 et
1422 2456 1453 2489 in
1468 2454 1627 2495 omnibus,
1643 2452 1821 2493 statuimus,

1071 2515 1101 2541 et
1123 2506 1182 2541 suh
1209 2505 1406 2540 anathemate
1428 2503 1686 2548 constringimus,
1708 2510 1741 2536 ut
1756 2502 1824 2536 nul-

1072 2556 1122 2590 lus
1144 2556 1323 2602 imperator,
1350 2556 1414 2590 sive
1439 2566 1503 2593 rex,
1528 2553 1633 2587 nullus
1655 2553 1739 2596 dux,
1775 2552 1823 2586 vel

1074 2606 1226 2647 marchio,
1249 2617 1366 2644 comes,
1384 2605 1573 2647 vicecomes,
1592 2615 1615 2637 c.
1629 2602 1763 2642 staldns,
1776 2602 1823 2637 vel

1073 2655 1205 2700 quilibet
1223 2654 1349 2701 publice
1368 2654 1481 2700 pariter
1494 2660 1629 2693 exactor,
1648 2665 1702 2687 seu
1716 2653 1824 2687 cnius-

1074 2704 1149 2740 libet
1179 2703 1318 2740 hominis
1345 2715 1499 2740 persona.
1528 2703 1758 2736 euiusminmvo
1784 2703 1825 2738 sit

1842 305 2024 333 An.c0105⁶.>

1844 2026 1976 2049 omnimoda
2001 2036 2030 2048 e-

1845 2063 1932 2092 piscopi
1959 2064 2030 2085 iuris-

1845 2098 1915 2120 dictio
1936 2099 1956 2119 in
1986 2103 2030 2121 tota

1846 2142 1882 2155 sua
1901 2134 1998 2156 dioecesi
2009 2139 2030 2157 et

1846 2169 1904 2190 clero
1949 2170 2031 2200 absque

1847 2205 1938 2227 alterius
1978 2207 2031 2235 epi-

1846 2242 1909 2271 scopi
1958 2243 2032 2264 inter-

1847 2282 1920 2300 ventu.

1845 2368 1967 2389 Anathema
2009 2369 2030 2390 in

1846 2399 1992 2428 refragantes.

1877 2431 2001 2452 Ecclesium

1845 2462 1899 2483 hano
1927 2463 1971 2483 suis
2012 2463 2033 2484 iu

1845 2494 1917 2519 bonis,
1931 2494 2032 2519 nrt-imis,

1862 2524 2009 2547 oblationibus
2028 2520 2030 2524 V

1846 2560 1893 2577 etc.
1913 2558 2034 2579 molestare

1846 2589 1944 2615 omnino,
1995 2589 2033 2610 sub

1870 2621 2013 2642 anathematis

1852 2659 1921 2680 poena
1940 2652 2033 2674 interdi-

1852 2684 1919 2706 citur.
