2237 3127
85 331 136 357 An.
166 330 191 355 Γ..
216 329 266 355 t'zst'·

84 2177 125 2204 An
158 2176 185 2203 (ἶ.
213 2177 263 2203 cs?

957 327 1090 351 SERGH’S
1116 328 1126 349 1
1154 328 1202 350 ΓΡ.

300 395 383 418 mam
408 382 552 418 veniens.
580 389 608 417 ct
636 382 665 416 in
688 381 797 417 cadem
825 381 963 417 Ecclesia
988 382 1047 415 mi-
1090 380 1277 428 septembris
1299 393 1381 415 anno
1411 383 1490 417 Tol,
1509 389 1534 413 rt
1561 381 1701 427 soqiienti
1730 382 1780 414 «liv
1805 395 1835 415 iv

302 433 395 467 litans
417 433 454 467 ad
478 431 663 480 presbyterii
687 431 837 466 honorem
861 430 997 471 devenit⁷
1012 441 1048 464 ac

301 481 427 517 tandem
452 482 592 529 pontifex
615 481 777 516 ordinatus
802 488 850 515 est
876 480 927 514 die
949 479 1048 514 domi-

301 531 370 566 nica
398 534 437 565 21
466 531 616 576 octobris,
643 542 727 565 anno
754 531 836 564 686.
867 528 957 564 Sedit
985 529 1044 562 im-

301 588 429 628 perante
450 580 622 615 Iustiniano
646 579 712 614 iun.
739 590 865 613 menses
886 590 932 612 xi.
962 577 1047 612 Diu-

301 630 364 665 tina
392 629 573 664 infirmitate
598 629 743 664 detentus
758 654 767 672 ,
789 639 860 662 cum
889 627 938 661 vix
961 626 1047 662 ordi-

301 680 444 714 nationes
465 690 568 714 sacras
588 677 715 724 explere
741 676 907 723 potuisset,
934 675 1047 711 creatis

299 729 458 775 episcopis
481 739 535 775 per
555 727 676 762 diversa
693 726 760 760 loca
779 725 952 765 sexdecim,
967 725 1046 759 obiit

299 778 349 813 die
381 780 426 812 ⁶22
462 776 661 823 septembris,
695 787 778 809 anno
807 776 889 809 (387.
919 774 1045 809 Vacavit

298 827 391 862 sedes
413 837 539 862 menses
566 837 602 870 11,
624 825 691 860 dies
718 836 815 859 xxm.

346 875 491 911 Schisma
527 886 645 910 nonum
673 874 704 908 in
731 873 871 908 Ecclesia
906 885 1043 908 romana.

346 924 504 960 Defuncto
526 922 671 969 Conone,
694 922 991 970 romanuspopulus
1014 922 1045 956 in

298 974 376 1009 duas
404 981 509 1022 partes
535 973 654 1008 divisus
680 980 749 1017 est,
777 980 808 1007 et
833 984 895 1007 una
917 971 1044 1019 quidem

300 1036 370 1070 pars
392 1023 486 1070 elegit
501 1022 703 1058 Theodorum
725 1021 1044 1069 archipresbyterum,

297 1073 357 1108 alia
370 1085 443 1108 vero
465 1071 649 1107 Paschalem
662 1071 929 1106 archidiaconum.
943 1069 1045 1105 Cum—

297 1127 359 1170 que
396 1134 479 1157 unus
512 1121 572 1157 alio
606 1121 711 1157 locum
735 1133 797 1156 non
829 1120 966 1160 cederet,
988 1119 1044 1155 sed

298 1171 423 1219 utrique
445 1171 624 1206 immaniter
651 1170 877 1218 perdurarent,
906 1178 938 1204 ut
960 1182 1044 1204 unus

296 1221 394 1256 alium
421 1228 597 1269 superaret,
625 1220 702 1255 inito
727 1219 860 1255 consilio
895 1219 1044 1266 primates

298 1270 449 1312 iudicum,
477 1278 509 1305 et
535 1269 691 1305 exercitus
724 1281 871 1304 romanae
904 1268 1044 1313 militiae,

298 1319 345 1355 vel
366 1319 441 1354 cleri
463 1319 598 1367 plurima
620 1331 703 1366 pars,
729 1318 797 1353 Deo
819 1325 990 1359 annuente,
1012 1317 1042 1351 in

301 1381 466 1416 personam
499 1368 601 1415 Sergii
624 1367 853 1403 concordantes
874 1380 907 1402 se
929 1374 1045 1402 eontu-

298 1419 412 1453 lerunt.
440 1418 627 1453 Theodorus
655 1416 783 1464 quidem
816 1417 982 1463 acquievit,
1009 1428 1045 1451 ac

297 1480 331 1503 se
359 1467 549 1503 humiliavit:
579 1466 738 1502 Paschalis
766 1478 838 1500 vero
871 1464 1045 1513 permansit

299 1517 329 1552 in
352 1517 458 1552 cordis
480 1516 606 1560 duritia,
633 1515 736 1550 donec
764 1514 831 1562 ipso
849 1527 975 1561 quoque
992 1527 1045 1549 ar-

296 1566 535 1602 chidiaconatus
571 1565 674 1600 officio
710 1576 767 1612 pro
798 1563 959 1611 aliquibus
989 1563 1045 1598 in-

297 1614 527 1651 cantationibus
549 1615 688 1662 privatus
709 1621 768 1656 est⁷
790 1621 821 1648 et
839 1614 869 1648 in
893 1622 1044 1648 monaste-

297 1665 376 1700 rium
401 1673 553 1700 retrusus.
577 1664 651 1699 Post
673 1662 926 1711 quinquennium
940 1670 1044 1698 autem

297 1714 508 1762 impoenitens
529 1713 696 1750 defunctus
717 1721 773 1748 cst.

556 1889 730 1939 SERGlUS
765 1889 777 1937 l

507 1976 627 2006 PAPA
665 1975 831 2004 LXXXV!

296 2043 387 2075 Anno
404 2052 493 2074 acrae
518 2040 632 2073 Clu-isit·
651 2050 759 2072 comm.
784 2039 961 2072 DGLXXX
972 2038 1043 2071 Vll.

302 2120 466 2207 Sergius,
490 2159 616 2194 natione
637 2171 747 2207 syrus,
774 2157 963 2193 Antiochiae
995 2170 1046 2192 re—

295 2210 413 2256 gionis,
431 2218 520 2245 ortus
535 2221 573 2244 ex
591 2217 678 2255 patre
696 2207 825 2243 Tiberio
840 2207 870 2242 in
886 2207 1044 2242 Panormo

296 2259 436 2300 Siciliae,
453 2271 490 2294 ex
514 2258 696 2306 presbytero
719 2257 801 2292 tituli
824 2256 858 2292 S.
881 2256 1046 2292 Susannac

297 2308 437 2356 pontifex
459 2308 591 2347 electus,
620 2306 783 2342 ordinatur
809 2306 859 2341 dic
885 2306 1044 2341 dominica

299 2361 343 2393 15
368 2357 486 2393 mensis
524 2356 701 2392 decembris
734 2368 817 2391 anno
845 2357 927 2390 687.
957 2355 1046 2390 Sedit

297 2407 493 2454 temporibus
531 2406 695 2441 Iustiniani
735 2406 814 2451 iun.,
841 2405 988 2449 Leontii,
1016 2413 1044 2440 et

296 2456 413 2492 Tiberii
430 2455 586 2503 Apsimari
604 2456 714 2503 impp„
727 2467 827 2490 annos
841 2455 960 2490 scilicet
971 2467 1045 2499 xm,

296 2518 423 2541 menses
444 2518 518 2547 vin,
545 2505 612 2540 dies
636 2517 734 2540 xxm.
758 2504 846 2540 Fecit
868 2504 1043 2540 ordinatio-

296 2567 354 2591 nes
374 2555 452 2590 duas
474 2567 528 2602 per
550 2567 691 2590 mensem
718 2554 878 2600 martium,
906 2554 1043 2588 creavit—

296 2616 358 2654 que
379 2604 579 2653 presbyteros
600 2604 709 2640 decem
732 2611 761 2638 et
783 2613 866 2645 octo,
893 2603 1043 2638 diaconos

295 2661 441 2702 quatuor,
457 2654 622 2702 episcopos
637 2666 693 2703 per
706 2653 844 2689 diversas
867 2653 1042 2700 provincias

295 2704 466 2752 nonaginta
501 2711 631 2752 septem.
668 2702 756 2738 Obiit
790 2703 841 2739 die
871 2705 889 2737 7
923 2703 1042 2738 mensis

1090 430 1160 465 idus
1202 430 1320 464 mensis
1347 430 1486 463 eiusdem
1531 431 1673 477 sepultus
1715 439 1756 462 est
1799 433 1834 464 :vl

1090 480 1127 514 B.
1155 479 1296 513 Petrum.

1089 528 1158 563 dies
1183 540 1230 562 xx
1253 532 1308 573 (t).

1338 479 1465 514 Vacavit
1504 479 1595 514 sedes
1637 491 1777 514 mensem
1815 493 1836 520 i,

1387 601 1534 608 ———-

1451 664 1474 698 l.

1088 740 1290 784 Prlvileqium
1312 742 1494 774 monasterio
1524 744 1706 775 Sanctorum
1740 743 1834 784 lutri,

1135 797 1161 822 et
1184 790 1281 823 Pauli
1306 790 1458 830 Melduni,
1477 803 1527 823 seit
1542 792 1632 823 etiam
1661 792 1837 828 illulqltmcs*

1136 835 1286 883 burycnsc
1303 840 1384 873 dicto
1409 840 1469 881 (⁴2).

1358 912 1569 942 §Unimanum

1086 978 1182 1014 Quare
1211 978 1398 1008 monasteriis
1433 978 1611 1007 concedatur
1647 978 1817 1007 immunita<

1124 1035 1164 1041 —
1184 1018 1356 1048 Adhortatio
1375 1018 1409 1047 ad
1433 1017 1603 1047 monachos.
1623 1034 1662 1039 —
1678 1018 1833 1056 :ivosium-1

1125 1058 1271 1096 privilegii
1294 1058 1459 1088 concessio.
1487 1074 1526 1079 —
1553 1057 1759 1087 lllonasterium
1788 1058 1834 1086 ὃς.

1124 1098 1202 1128 Petri
1225 1102 1253 1128 et
1274 1097 1371 1134 Pauli,
1393 1102 1422 1127 et
1443 1098 1524 1127 aliud
1553 1107 1577 1126 S.
1611 1097 1726 1126 loannis
1754 1097 1833 1135 napi.

1125 1138 1180 1168 sub
1213 1139 1276 1168 iure
1303 1147 1441 1167 romanae
1463 1137 1613 1167 Ecclesiae
1637 1138 1835 1176 recipiuntur3

1123 1194 1163 1200 —
1179 1178 1213 1208 Et
1233 1178 1269 1208 ab
1288 1178 1346 1208 alia
1364 1186 1550 1217 quacumque
1570 1177 1775 1207 iurisdictione
1800 1177 1836 1206 li<

1124 1217 1192 1248 bera
1206 1218 1268 1248 fore
1280 1218 1474 1247 declarantur.
1489 1234 1527 1239 —
1539 1217 1677 1246 Viciniori
1697 1217 1834 1255 episcopo

1125 1266 1226 1287 sacros
1261 1258 1377 1287 ordines
1407 1257 1576 1286 conferendi
1608 1257 1745 1286 facultate
1767 1262 1833 1285 tan-

1124 1298 1274 1328 tummodo
1290 1298 1366 1327 data.
1383 1314 1422 1320 —
1439 1297 1537 1326 Abbas
1560 1308 1575 1326 :i
1594 1301 1650 1326 tota
1674 1305 1834 1334 congrega-

1125 1338 1203 1368 tione
1221 1338 1365 1377 exipsius
1385 1337 1496 1375 gremio
1520 1337 1683 1375 eligendus.
1703 1354 1742 1358 —
1761 1337 1833 1366 Soli-

1125 1382 1169 1407 tae
1194 1377 1346 1407 clausulae
1365 1381 1463 1407 contra
1484 1376 1714 1406 inobservantes.

1085 1449 1194 1484 sergius
1222 1455 1316 1477 servus
1350 1455 1489 1477 servorum
1519 1448 1563 1476 Dei
1594 1448 1711 1476 Aldelmo
1743 1448 1834 1476 abbati

1130 1494 1248 1522 eiusdem
1272 1493 1481 1525 successoribus,
1499 1494 1527 1521 et
1546 1499 1594 1528 per
1618 1500 1663 1522 vos
1686 1493 1835 1521 venerabili

1130 1540 1222 1568 vestro
1241 1539 1416 1567 monasterio.

1134 1605 1178 1640 Ea
1206 1618 1285 1653 quae
1320 1605 1482 1651 religiosae
1510 1605 1757 1640 conversationis
1779 1605 1834 1639 in-
1864 1616 1932 1640 amm
1967 1622 2046 1634 sim*

1087 1655 1166 1690 tuitu
1188 1654 1352 1690 monachis
1382 1655 1480 1689 servis
1502 1654 1557 1689 Dei
1583 1667 1638 1702 pro
1668 1654 1763 1689 libera
1788 1655 1834 1688 vi—
1862 1652 1922 1708 ἔξω
1964 1660 1966 1669 ¹

1088 1704 1179 1739 vendi
1206 1704 1350 1739 facultate
1378 1704 1605 1748 conferuntur,
1634 1716 1693 1738 non
1718 1716 1773 1751 pro
1798 1705 1831 1737 it·
1863 1695 1927 1745 nzmlss.
1964 1696 1983 1709 Μ’

1088 1754 1282 1789 lecebrarum
1305 1753 1443 1797 licentia,
1457 1754 1511 1787 sed
1534 1766 1588 1799 pro
1608 1754 1738 1787 utilitate
1754 1754 1833 1788 benc

1088 1803 1313 1843 conversandi,
1341 1811 1371 1837 et
1396 1802 1510 1837 divinis
1544 1803 1678 1837 servitiis
1713 1803 1834 1849 seipsos

1089 1853 1196 1900 procul
1223 1852 1320 1887 dubio
1353 1852 1562 1898 mancipandi,
1593 1865 1609 1886 a
1639 1852 1835 1898 praesulibus

1087 1911 1180 1949 atque
1201 1902 1374 1937 cultoribus
1397 1902 1464 1936 Deo
1480 1901 1623 1936 decretae
1646 1901 1833 1936 christianae

1089 1951 1248 1998 religionis
1265 1951 1480 1998 indulgentur,
1498 1958 1531 1985 ut
1545 1963 1659 1985 nexum
1680 1951 1834 1985 humanae

1088 2001 1280 2036 conditionis
1303 2001 1400 2045 exuti,
1427 2000 1503 2035 dnm
1526 2000 1565 2035 ab
1586 2001 1671 2035 omni
1703 2012 1833 2035 munere

1087 2050 1294 2086 saecularium
1334 2050 1531 2085 functionum
1563 2050 1740 2085 efficiuntur
1768 2050 1834 2083 ini——

1089 2112 1212 2144 munes,
1240 2101 1321 2135 sicut
1353 2099 1558 2147 professionis
1584 2111 1693 2134 eorum
1729 2099 1833 2145 regula

1088 2157 1288 2197 protestatur,
1312 2150 1378 2184 Deo
1401 2151 1526 2196 penitus
1550 2156 1672 2193 vacent,
1706 2156 1736 2183 et
1768 2149 1835 2183 eius

1086 2200 1184 2234 solius
1205 2200 1268 2234 sint
1290 2198 1452 2234 imbuendi
1474 2198 1622 2242 servitio,
1658 2210 1713 2245 pro
1745 2197 1835 2232 cuius

1088 2249 1258 2284 maiestatis
1281 2248 1452 2284 reverentia
1481 2260 1541 2282 non
1569 2247 1672 2282 solum
1695 2247 1733 2282 ab
1755 2259 1834 2281 one—

1088 2299 1173 2334 ribus
1195 2298 1414 2346 temporalium
1444 2297 1600 2332 ditionum
1636 2297 1699 2331 sint
1734 2296 1833 2340 liberi,

1087 2349 1140 2384 sed
1168 2348 1261 2384 etiam
1283 2360 1389 2383 amore
1412 2347 1585 2394 religionis,
1611 2346 1748 2381 maximo
1775 2346 1835 2380 lio—

1088 2410 1164 2433 nore
1186 2405 1259 2433 sunt
1281 2397 1380 2444 digni.
1408 2397 1501 2432 Unde
1533 2403 1682 2444 poscente
1704 2408 1720 2431 a
1742 2394 1835 2430 nobis

1087 2447 1239 2494 religione
1260 2454 1372 2487 vestra,
1407 2454 1439 2482 ut
1468 2446 1604 2481 auctoris
1628 2445 1724 2479 nostri
1754 2444 1832 2479 beati

1089 2497 1170 2532 Petri
1212 2497 1425 2544 apostolorum
1469 2495 1618 2542 principis
1660 2495 1748 2538 vice,
1785 2495 1833 2528 cui

1086 2546 1228 2588 Creator,
1250 2554 1281 2581 et
1301 2545 1495 2592 Redemptor
1537 2551 1642 2579 noster
1678 2543 1835 2579 Dominus

1123 2626 1162 2662 (1)
1178 2626 1200 2653 Α
1222 2626 1265 2653 die
1292 2626 1381 2653 obitus
1406 2623 1608 2659 computandos.
1648 2623 1686 2658 (εὶ)
1712 2623 1749 2649 Ex
1778 2623 1835 2648 wi·-

1088 2671 1175 2698 llielm.
1197 2669 1447 2701 Malmesburiensis,
1468 2668 1512 2695 lib.
1541 2676 1568 2699 ν,
1594 2668 1631 2694 De
1655 2667 1746 2702 pontis.
1770 2667 1835 2693 inter

1088 2715 1154 2742 llis-t.
1172 2714 1274 2748 Anglic.
1287 2714 1390 2750 script„
1403 2722 1440 2739 xx
1457 2712 1519 2739 edit.
1534 2712 1632 2740 'l'lioma
1644 2711 1711 2745 Sale,
1725 2715 1787 2738 totu.
1801 2718 1829 2737 n,

1717 317 1779 349 ί211
1868 323 1916 349 ‚ln
1942 324 1967 348 ἐξ,
1995 324 2008 344 «7
2032 324 2043 328 “
