2237 3127
68 334 118 360 An.
150 334 177 360 tl.
200 333 251 359 7tn

894 341 1081 365 GttsstttttttUs
1111 343 1130 363 ΙΙ
1161 342 1207 363 Pt’.

281 402 410 447 gratiam
434 400 624 447 cognitionis
637 398 781 435 coelestis
798 397 915 433 oraculi
939 397 967 430 in
989 396 1033 430 la-

282 458 390 492 borem
413 446 591 490 salutiferae
614 452 857 500 praedicationis
878 451 915 486 ad
940 451 1032 484 inno-

281 510 467 546 tescendum
511 508 660 555 gentibus
701 505 872 540 incredulis
890 532 898 548 ,
934 503 1030 537 mini-

279 565 410 599 sterium
440 563 511 597 lidei
536 561 663 596 instanti
687 567 799 594 conatu
829 557 1030 604 expendere,

280 618 495 653 conlaetamur
517 615 586 650 fidei
612 622 700 658 tuae,
722 621 752 647 et
773 612 933 647 adiutores
964 624 1032 646 esse

280 672 426 719 cupimus
447 670 563 716 gratiae
587 676 797 716 praerogatae.
822 666 958 706 Idcirco,
979 665 1031 711 qui

282 724 444 772 praemissi
479 731 609 758 conatus
645 721 732 768 pium
762 721 908 755 affectum
933 731 1031 766 usque

279 778 317 813 ad
348 777 539 825 apostolicae
562 775 647 810 sedis
671 775 811 809 modesta
837 774 1032 821 praevisione

280 831 454 879 perduxisti
490 830 692 873 consultum,
717 838 749 863 ut
784 828 961 863 membrum
995 839 1032 861 ex

280 885 422 920 membro
445 884 561 931 proprii
584 883 726 930 corporis
746 890 841 929 capnt
857 882 1030 929 requirens,

279 947 399 973 motum
425 937 539 972 mentis
563 937 724 984 probares,
753 936 927 983 capitisque
953 935 1033 970 arbi-

280 994 339 1028 trio
374 992 535 1027 humiliter
568 1004 601 1026 se
629 991 821 1026 submittens
848 991 917 1025 eius
943 990 1031 1024 dire-

277 1047 384 1088 ctioni,
417 1047 499 1081 iusto
522 1046 646 1080 tramite
684 1057 856 1091 properans
882 1043 1030 1079 soliditati

277 1100 477 1148 compaginis
499 1099 661 1147 plenitudo
684 1099 817 1140 existas,
835 1099 905 1134 ideo
928 1099 958 1132 in
980 1110 1031 1132 no-

279 1156 362 1189 mine
385 1154 770 1191 indivisibilisTrinitatis,
795 1166 849 1201 per
869 1153 1032 1188 inconcus-

277 1221 342 1243 sam
370 1209 585 1243 auctoritatem
608 1208 689 1242 beati
714 1208 797 1242 Petri
819 1207 1031 1255 apostolorum

281 1263 433 1310 principis
452 1291 462 1302 ,
504 1263 595 1296 cuius
641 1261 803 1296 doctrinae
843 1261 1032 1307 magisteriis

279 1317 514 1364 dispensatione
539 1316 719 1362 fungimur,
743 1324 772 1350 et
792 1316 897 1350 locum
925 1328 1032 1350 sacrae

278 1371 362 1405 sedis
384 1370 653 1413 administramus,
677 1369 863 1404 modestiam
894 1377 968 1404 tunc
988 1382 1033 1404 re-

280 1425 407 1469 ligionis
431 1424 623 1457 instituimus
645 1431 738 1470 atque
756 1424 979 1470 praecipimus,
1000 1431 1033 1457 ut

279 1479 309 1512 in
346 1477 440 1513 verbo
467 1477 585 1523 gratiae
607 1477 697 1517 Deo,
725 1490 788 1523 quo
816 1478 887 1524 igne
922 1478 1031 1512 saluti-

281 1532 368 1576 fero,
391 1544 484 1579 quent
526 1532 649 1566 mittere
682 1531 841 1566 Dominus
875 1533 961 1566 venit
1002 1533 1030 1566 in

279 1593 405 1624 terram,
421 1585 539 1619 enitere
557 1585 585 1619 in
603 1585 670 1619 dies
688 1585 726 1619 ad
743 1594 855 1631 gentes
869 1598 1033 1633 quascum-

279 1653 340 1688 que
375 1639 569 1674 infidelitatis
601 1652 706 1674 errore
736 1640 880 1675 detentas
915 1653 1033 1687 propc-

280 1705 347 1729 rare
368 1693 436 1728 Deo
464 1702 624 1729 annuente
656 1695 820 1741 potueris,
848 1695 1032 1742 mysterium

279 1748 366 1795 regni
403 1747 459 1782 Dei
501 1761 557 1795 per
603 1748 848 1783 insinuationem
895 1749 1034 1783 nominis

279 1802 395 1837 Christi
418 1802 546 1836 Domini
570 1803 693 1843 nostri,
724 1803 862 1837 veritatis
884 1803 1033 1838 suasione

279 1857 439 1903 designes,
478 1864 508 1890 et
551 1869 605 1904 per
632 1856 779 1904 spiritum
809 1857 971 1901 veritatis,
1005 1865 1035 1891 et

279 1909 479 1949 dilectionis,
502 1918 531 1944 et
555 1911 737 1945 sobrietatis
752 1939 759 1951 ,
784 1911 1032 1957 praedictionem

282 1964 445 2010 utriusque
472 1963 664 1998 Testamenti
698 1965 859 1999 mentibus
901 1965 1035 2000 indoctis

280 2029 419 2053 consona
446 2018 565 2052 ratione
590 2018 800 2053 transfundas.
828 2019 1034 2067 Disciplinam

280 2071 417 2118 denique
455 2072 665 2113 sacramenti,
698 2086 792 2119 quam
820 2074 1035 2108 admittendos

282 2125 370 2169 (Deo
394 2124 539 2172 praevio)
563 2126 740 2161 credituros
763 2135 869 2163 tenere
893 2129 1033 2169 studeas,

281 2192 319 2214 ex
352 2179 487 2215 formula
532 2180 706 2227 officiorum
749 2190 876 2218 sanctae
910 2191 1035 2218 nostrae

281 2233 472 2282 apostolieae
494 2234 589 2277 sedis,
607 2236 826 2272 instructionis
848 2245 921 2273 tuae
937 2238 1034 2284 gratia

283 2288 455 2336 praelibata
484 2289 654 2331 volumus,
687 2298 720 2324 ut
754 2290 910 2326 intendas.
939 2291 1033 2333 Quod

284 2354 354 2377 tero
379 2342 514 2377 aetionis
540 2351 706 2391 susceptae
735 2345 790 2380 tibi
824 2345 935 2381 deesse
964 2358 1036 2393 per-

281 2396 434 2443 spexeris,
457 2396 550 2431 nobis
571 2404 605 2431 ut
627 2398 780 2443 valueris,
808 2399 954 2435 intimare
980 2413 1038 2435 cu-

285 2449 378 2484 rabis.
402 2450 490 2485 Bene
511 2450 591 2485 vale.
618 2451 697 2486 Data
729 2452 833 2488 idibus
856 2454 954 2499 maii,
977 2454 1037 2488 im—

284 2512 410 2549 perante
432 2504 563 2539 domino
591 2505 730 2551 piissimo
757 2506 901 2553 Augusto
929 2507 1036 2543 Leone

283 2572 296 2591 a
322 2557 391 2593 Deo
416 2567 567 2593 coronato
594 2559 709 2605 Magno
732 2560 932 2607 imperatore,
953 2573 1036 2596 anno

286 2611 377 2647 tertio
404 2612 528 2660 imperii
561 2612 630 2647 eius
647 2639 654 2653 ,
682 2614 855 2651 indictione
883 2617 1034 2651 secunda.

398 2669 459 2699 Dat.
478 2669 515 2700 15
536 2669 608 2701 maii
628 2680 706 2702 anno
722 2671 839 2703 Domini
863 2674 930 2711 719,

477 2708 581 2749 pomis?
600 2709 687 2749 (ἶνις.
708 2722 785 2742 anno
807 2722 845 2744 tv.

364 2766 438 2796 Ball.
460 2766 538 2816 Rom.
563 2768 622 2811 Vol.
646 2769 683 2807 1„
790 2771 827 2801 ⁹23

1708 329 1777 362 217

1445 395 1484 430 ll.

1226 469 1262 501 In
1285 469 1363 502 illem
1387 469 1681 513 arqunzentwn(1l).

1348 547 1470 577 suum
1477 547 1563 578 ttttm

1074 616 1168 646 Causa
1187 617 1342 655 legationis
1366 618 1507 648 Bonisarii
1528 619 1556 648 in
1576 617 1775 650 Germaniam.
1792 637 1832 642 -

1114 657 1286 688 Reverentia
1303 659 1483 688 etauxilium
1496 658 1645 688 Bonisacio
1661 660 1829 698 prestanda.

1073 732 1216 767 Gregorius
1237 740 1331 761 servus
1352 740 1491 761 servorum
1509 733 1564 766 Dei,
1590 734 1726 762 universis
1752 742 1827 763 reve-

1118 778 1299 810 rendissimis,
1324 780 1351 806 et
1375 778 1558 806 sanctissimis
1577 778 1713 807 fratribus
1742 780 1829 814 coepi·

1119 823 1218 858 scopis,
1240 822 1377 858 religiosis
1408 823 1589 858 presbyteris,
1619 831 1667 851 seu
1698 824 1829 857 diaconis.

1118 867 1246 902 gloriosis
1266 868 1387 900 ducibus,
1406 867 1558 902 magnificis
1578 869 1720 901 castaldis
1748 870 1828 896 comi-

1118 912 1192 940 tibus
1212 913 1295 940 ettam
1315 912 1358 941 vel
1377 913 1482 941 cunctis
1502 912 1663 941 christianis
1688 913 1768 941 Deum
1793 914 1829 942 ti·

1118 958 1266 986 mantibus·

1123 1028 1365 1063 Solieitndinem

1074 1077 1290 1124 speculatione
1313 1078 1441 1119 credita,
1465 1078 1537 1125 quia
1561 1079 1591 1113 in
1615 1079 1725 1113 umbra
1749 1092 1830 1113 mor-

1075 1127 1112 1161 tis
1134 1127 1255 1174 aliquas
1281 1135 1390 1173 gentes
1413 1128 1443 1161 in
1461 1128 1652 1162 Germaniae
1673 1129 1827 1174 partibus,
1860 1129 1880 1141 '¹¹

1074 1176 1120 1211 vel
1145 1177 1232 1223 plaga
1266 1177 1408 1211 orientali
1431 1177 1535 1212 theni
1566 1178 1721 1221 lluminis,
1744 1179 1828 1212 anti-

1073 1239 1135 1273 quo
1158 1227 1247 1261 hoste
1274 1226 1438 1267 suadente,
1462 1239 1582 1270 errare,
1605 1234 1635 1261 et
1654 1227 1742 1274 quasi
1767 1228 1827 1262 sub

1076 1275 1225 1321 religione
1247 1276 1418 1311 christiana
1440 1276 1597 1311 idolorum
1617 1278 1759 1311 culturae
1774 1290 1829 1312 eos

1075 1325 1190 1359 servire
1204 1325 1431 1371 cognovimus:
1455 1326 1578 1373 aliquos
1594 1338 1679 1370 vero,
1701 1326 1754 1373 qui
1773 1339 1829 1361 nec

1075 1374 1149 1408 dum
1165 1376 1378 1420 cognitionem
1403 1375 1458 1409 Dei
1482 1375 1650 1417 habentes,
1674 1388 1732 1410 nec
1747 1376 1829 1423 bap-

1076 1424 1208 1458 tismatis
1241 1424 1320 1458 sacri
1348 1424 1430 1458 unda
1455 1434 1525 1459 suut
1554 1425 1628 1466 t‹›ti;
1656 1426 1711 1459 sed
1742 1438 1826 1460 com-

1077 1473 1238 1518 paratione
1280 1473 1445 1508 brutorum
1481 1474 1663 1508 animalium
1693 1476 1828 1521 pagani,

1077 1522 1238 1557 Faetorem
1268 1535 1329 1557 non
1362 1532 1617 1569 recognoseunt,
1650 1525 1829 1559 necessario

1077 1584 1130 1618 pro
1154 1580 1358 1619 utrorumque
1381 1573 1612 1608 illuminatione
1635 1573 1671 1607 ad
1704 1574 1829 1620 praedi-

1075 1623 1210 1656 candum
1236 1631 1336 1657 rectae
1359 1622 1430 1656 fidei
1454 1623 1599 1662 verbum,
1629 1624 1738 1657 barum
1758 1636 1828 1670 por-

1076 1671 1198 1706 titorem
1220 1671 1418 1706 Bonisacium
1447 1672 1737 1708 reverentissimum
1766 1673 1829 1707 l'ra-

1075 1728 1153 1755 trem
1190 1729 1333 1756 nostrum
1372 1721 1577 1768 episcopum,
1616 1722 1653 1757 ad
1699 1722 1821 1756 easdeir

1077 1778 1180 1816 partes
1220 1768 1355 1816 diriger‘e
1386 1771 1591 1816 studuimus,
1626 1780 1660 1806 ut
1699 1781 1730 1806 et
1767 1772 1829 1806 illis

1077 1819 1287 1865 praedicando
1304 1819 1432 1854 verbum
1457 1821 1578 1860 salutis,
1604 1821 1697 1855 vitam
1722 1821 1828 1868 prori-

1076 1868 1146 1903 deat
1178 1869 1421 1916 sempiternam:
1445 1878 1474 1904 et
1509 1870 1534 1903 si
1558 1882 1638 1916 «ptos
1661 1870 1751 1911 forte,
1779 1870 1827 1905 vel

1077 1918 1269 1965 ubicumque
1301 1931 1317 1953 a
1344 1926 1447 1954 rectae
1476 1919 1549 1954 [idei
1584 1919 1707 1954 tramite
1729 1919 1831 1954 ‹lesti-

1078 1968 1150 2002 tisse
1188 1968 1395 2014 cognoverit,
1430 1976 1484 2003 aut
1521 1969 1633 2003 astutia
1673 1969 1830 2004 diabolica

1078 2029 1246 2064 persuasos
1283 2029 1434 2053 erroneos
1468 2019 1641 2065 repererit,
1669 2020 1829 2064 corrigat,

1077 2075 1170 2114 atque
1196 2067 1244 2102 sui
1268 2067 1454 2102 educatione
1481 2067 1517 2102 ad
1543 2076 1667 2114 portum
1690 2076 1829 2115 reportet

1077 2117 1198 2157 saturis,
1221 2129 1339 2163 eosque
1355 2129 1393 2152 ex
1410 2117 1602 2164 apostolicae
1628 2117 1713 2152 sedis
1736 2118 1830 2153 buius

1078 2166 1219 2200 doctrina
1243 2166 1408 2208 informet,
1431 2175 1462 2201 et
1488 2167 1517 2201 in
1541 2167 1650 2201 eadem
1677 2167 1830 2202 catholica

1080 2216 1138 2249 fido,
1162 2228 1346 2262 permanere
1362 2216 1512 2251 instituat.
1527 2215 1588 2250 Cui
1611 2217 1774 2252 hortamur
1790 2217 1830 2252 ob

1079 2277 1217 2299 amorem
1246 2265 1374 2299 Domini
1411 2267 1507 2300 nostri
1543 2266 1613 2301 lesu
1647 2266 1777 2308 Christi,
1800 2275 1831 2302 et

1079 2314 1293 2361 apostolorum
1309 2315 1376 2349 eius
1390 2316 1608 2356 reverentiam,
1632 2323 1664 2350 ut
1679 2317 1710 2350 in
1725 2317 1832 2352 omni-

1079 2364 1137 2398 bus
1156 2364 1292 2399 solatiari
1317 2364 1440 2399 nisibus
1467 2366 1539 2399 totis
1566 2365 1717 2407 debeatis,
1740 2378 1832 2400 enm-

1079 2426 1139 2459 ‹pie
1162 2414 1192 2447 in
1214 2413 1342 2448 nomine
1365 2414 1435 2448 Iesu
1463 2415 1582 2448 Christi
1606 2415 1775 2462 recipiatis,
1798 2424 1831 2450 ut

1078 2463 1231 2510 seriptum
1259 2471 1308 2497 est
1333 2463 1371 2498 de
1394 2464 1460 2498 suis
1487 2463 1668 2510 discipulis:
1690 2465 1752 2506 Qui
1778 2479 1831 2500 vos

1081 2512 1213 2560 recipit,
1239 2524 1291 2547 me
1318 2513 1430 2560 'recipit
1463 2517 1515 2557 (a).
1543 2514 1754 2548 Providentes
1782 2515 1832 2549 in-

1079 2574 1175 2608 super
1214 2574 1390 2597 necessaria
1430 2570 1552 2597 itineris
1584 2575 1669 2602 etus,
1699 2573 1831 2599 comites

1081 2612 1267 2653 tribuentes,
1295 2612 1402 2646 cibum
1430 2612 1541 2653 etiam,
1569 2625 1604 2647 ac
1633 2621 1753 2659 potum,
1784 2615 1829 2649 vel

1080 2661 1104 2695 si
1128 2674 1191 2707 cpio
1214 2661 1358 2707 eguerit,
1385 2661 1563 2707 largientes,
1588 2671 1619 2696 nt
1641 2675 1702 2697 uno
1723 2662 1832 2699 labore

1114 2732 1153 2765 (l)
1175 2732 1210 2757 Ex
1230 2731 1294 2757 edit.
1313 2731 1384 2759 eard.
1407 2732 1524 2759 (lavatae.
1564 2732 1604 2768 (α)
1624 2733 1714 2760 Mattlt.
1734 2734 1774 2761 to.

1856 326 1909 352 An.
1944 323 1972 352 C.
1990 322 2043 352 71¹³

1416 1028 1542 1063 nimiam
1584 1038 1730 1075 gerentes
1773 1043 1828 1077 pro
1871 1051 1926 1070 3„„„.
1955 1051 2043 1077 *waiu—

1860 1093 1893 1106 nts
1938 1086 2044 1107 nuntiavit

1880 2215 2009 2239 Reverentia
2029 2219 2050 2238 vt

1863 2252 1965 2274 auxilinm
1985 2252 2050 2274 Boni<

1863 2287 1893 2308 fu(
1902 2288 1921 2308 io
1982 2295 2049 2317 prae-

1863 2323 1950 2345 standi.
