2237 3127
82 301 132 329 An.
153 300 184 334 C,
197 296 267 328 '4008

58 2240 184 2264 Exordium.

905 335 1046 359 roams

293 390 380 439 petui
403 389 611 426 anathematis
642 389 836 425 damnationi
875 391 1047 435 subiaceat,

291 441 354 476 nisi
383 441 575 488 resipiscens
601 440 638 475 ad
666 440 912 476 satisfactionem
937 453 1049 488 perve-
1090 441 1290 477 inhaerentes
1323 442 1463 477 instituta
1490 443 1634 478 subicere
1667 456 1729 478 non
1769 457 1845 479 ren-

291 491 367 526 niat.
390 490 555 537 Scriptum
578 503 634 537 per
657 503 770 525 manus
796 490 882 526 Petri
919 492 1046 536 notarii,

290 549 322 575 et
339 541 484 575 scrinarii
506 540 540 575 S.
563 539 602 574 R.
629 540 668 575 E.
696 541 727 574 in
756 552 864 575 mense
888 541 986 584 iunio,
1002 541 1045 575 in-

291 589 371 625 dict.
391 602 422 623 v.

326 647 431 688 Script.
449 657 551 677 mense
574 647 656 677 iunio
675 657 753 676 anno
778 646 894 677 Domini
916 648 1003 685 1007,

464 687 567 728 pontif.
589 687 708 716 Ioannis
727 696 803 716 anno
827 696 862 716 tv.

634 811 687 845 lV.

287 883 429 918 Guarino
452 884 615 917 Luzatensi
635 885 751 923 abbati,
773 885 895 929 eiusque
922 896 1040 918 succes-

333 934 452 966 soribus
473 934 506 966 in
538 935 723 967 monasterio
758 935 871 967 Lusato
898 935 1039 978 superio—

332 983 435 1016 ritalis
456 984 503 1016 ius
529 985 705 1017 conceditur
726 984 757 1016 in
779 990 914 1028 quatuor
935 996 1038 1017 mona-

329 1033 440 1072 steriis,
463 1034 609 1077 rebusque
630 1034 741 1067 eisdem
760 1035 981 1078 pertinentibus
1005 1035 1038 1066 in

324 1090 507 1127 perpetuum
533 1084 588 1127 (l).

552 1153 768 1184 stabilium

278 1213 448 1244 Exordium.
462 1232 503 1237 —
524 1215 695 1245 Monastcria
719 1216 748 1244 in
771 1214 881 1254 quibus
900 1215 1036 1245 concedi-

318 1260 367 1285 tur
388 1255 434 1284 ius
457 1255 674 1295 superiorititis
710 1255 846 1284 Lusaten.
867 1255 1033 1285 abbatibus.

315 1312 356 1317 —
371 1294 519 1325 Bonorum
544 1296 578 1325 ad
599 1306 630 1325 ea
651 1296 846 1334 spectantium
876 1296 1034 1325 confirma-

316 1335 366 1365 tio.
383 1352 423 1357 —
437 1335 565 1365 Abbatcs
582 1336 632 1374 qui
651 1341 718 1365 tunc
734 1336 873 1374 temporis
892 1336 1032 1374 snpradd.

315 1376 505 1405 monasteriis
533 1381 687 1415 przeerant.
717 1392 758 1398 —-
778 1375 949 1405 lurisdlctio
978 1376 1032 1405 ab-

313 1415 392 1445 batis
411 1415 584 1445 Lusatensis
601 1416 630 1445 in
650 1426 750 1445 eornm
764 1415 909 1445 bonis.—
923 1416 1029 1445 Eadem

313 1455 389 1485 bona
412 1456 620 1495 quoquomodo
645 1456 777 1491 auferre,
810 1456 953 1488 alienare,
976 1460 1030 1485 etr.

312 1496 508 1525 interdicitur.
530 1513 570 1517 —
591 1496 836 1525 Monasteriorum
860 1496 1030 1525 omnimoda

311 1536 456 1575 exemptio
489 1536 524 1565 ab
548 1537 751 1566 ecclesiastico
775 1536 848 1565 iure.
869 1553 910 1557 —
932 1536 1031 1565 Mona—

312 1577 436 1605 chorum
457 1576 529 1606 inihi
548 1577 716 1615 tl1g¹lllluffl
740 1576 883 1605 correctio
903 1576 938 1605 ad
973 1576 1028 1605 ab·

313 1615 409 1645 batem
429 1616 562 1646 Lusaten.
580 1621 713 1654 spectare
729 1616 1028 1645 decernitur.—.›ib—

312 1655 389 1685 batis
413 1666 479 1686 vero
511 1657 615 1686 electio
647 1657 682 1686 ad
706 1657 876 1685 monachos.
909 1673 948 1677 —
972 1656 1028 1685 Pro
1049 1673 1051 1685 t

311 1696 444 1726 eiusdem
458 1704 678 1727 οοηερεΐιαωὶὲ
697 1697 773 1725 nillil
793 1696 878 1735 pretii
898 1696 1027 1725 dandum

311 1736 354 1765 vel
374 1736 591 1773 accipiendum.
612 1754 652 1758 —
669 1736 698 1766 Si
721 1736 792 1775 quid
811 1737 935 1774 petitum
960 1737 1026 1765 fue-

309 1776 357 1813 rit,
375 1776 411 1806 ab
434 1777 596 1816 apostolica
619 1777 688 1806 sede
704 1777 958 1805 consecrationem
977 1786 1028 1805 ac-

310 1816 408 1855 cipiat.
424 1833 463 1838 —
479 1816 652 1846 §lonasteria
665 1816 837 1846 huiusmodi
853 1821 966 1854 praeter
978 1816 1028 1845 ab-

311 1855 407 1886 batem
431 1857 487 1886 soli
519 1857 697 1896 apostolicae
729 1857 791 1885 sedi
824 1856 966 1885 subiecta.
988 1873 1028 1878 ———

312 1896 475 1925 Anathema
497 1897 528 1926 in
551 1901 778 1935 contemptores.

271 1957 383 1986 loannes
407 1958 548 1994 episcopus
581 1965 676 1986 servus
704 1965 844 1986 servorum
870 1957 915 1986 Dei
941 1958 1025 1985 caris-

316 2003 383 2031 simo
417 2010 448 2031 ac
483 2004 623 2039 spirituali
652 2004 681 2031 in
707 2003 816 2031 Domino
840 2003 899 2031 lesu
919 2003 1026 2031 Christo

314 2047 372 2076 filio
391 2049 505 2077 Guarino
531 2049 705 2077 sanctissimo
725 2049 817 2076 abbati
836 2049 954 2084 tuisque,
967 2055 1024 2075 suc·

314 2094 466 2122 cessoribus
490 2094 518 2121 in
549 2094 714 2122 monasterio
745 2095 840 2122 nostro
859 2094 956 2122 Lusato
975 2093 1025 2121 Dea
1046 2100 1047 2131 ᾖ

313 2139 368 2167 rite
387 2139 568 2168 servientibus
587 2139 615 2167 in
631 2140 801 2175 perpetuum.

319 2201 484 2237 Summam
524 2211 669 2249 gerentes
708 2215 814 2237 curam
847 2215 882 2238 ac
917 2203 1025 2237 solici-

271 2251 414 2287 tudinem
435 2253 663 2288 'xenerabilium
691 2252 844 2290 locorum,
870 2261 1023 2299 quantum

271 2314 311 2337 ex
337 2301 445 2337 divino
467 2302 621 2337 adiutorio
644 2302 736 2337 nobis
758 2302 950 2349 possibilitas
968 2302 1026 2336 da-

271 2360 341 2396 tur,
362 2351 403 2387 de
423 2364 531 2386 eorum
557 2353 788 2399 perseverantia
813 2353 941 2386 studere
969 2352 1025 2385 ‹lc-

271 2401 394 2436 bemus.
421 2402 488 2436 Tali
511 2414 646 2449 namque
673 2401 779 2436 studio
801 2411 831 2436 et
858 2401 1023 2436 clementia

272 2450 379 2485 divina
411 2451 561 2498 placatur⁷
584 2460 614 2486 et
635 2452 788 2487 stabilitas
809 2451 1022 2486 Ecclesiarum

272 2499 332 2535 Dei
358 2501 558 2536 continuatur
593 2510 653 2535 tam
692 2514 748 2548 pro
781 2501 946 2536 animabus
974 2513 1024 2534 ro—

273 2562 385 2585 manae
406 2551 490 2585 sedis
512 2551 694 2598 pontificum
722 2551 787 2586 sive
813 2564 923 2596 regum
951 2563 1023 2585 cae-

273 2608 477 2648 terorumque
503 2601 682 2648 principum
699 2629 706 2641 ‚
729 2613 782 2635 seu
806 2601 928 2636 cunctis
952 2613 1024 2646 pro-

309 2670 348 2706 (l)
362 2672 403 2698 Ex
419 2672 537 2699 Archivo
557 2673 707 2699 monasterii
729 2672 806 2698 buius
825 2675 852 2699 et
876 2680 907 2698 ex
929 2671 1024 2698 Codice

273 2707 327 2738 957
343 2708 519 2735 Bibliothecae
530 2708 786 2735 Colt>ertinaetui=1n
801 2709 922 2734 Bahmius
938 2708 963 2734 in
976 2715 1024 2742 ap-

274 2744 386 2783 pendice
404 2745 506 2771 Mai-cae
522 2745 686 2779 Hispanicac.

352 2790 429 2822 Butt.
447 2789 524 2820 Rom.
546 2789 601 2819 Vol.
622 2789 646 2819 1.
807 2788 845 2818 0⁶.)

1725 329 1796 363 489

1091 391 1270 437 tegentibus
1283 419 1291 433 ,
1314 390 1441 427 Christo
1470 399 1661 441 sanctaeque
1681 393 1845 430 Ecclesiae

1067 336 1155 359 xvnl
1176 336 1227 360 PP.

1088 503 1269 532 nneremus,
1292 499 1328 526 ut
1350 492 1380 526 in
1396 492 1499 527 futuro
1522 502 1705 540 perpetuam
1730 494 1844 529 habea-

1088 553 1158 575 mus
1180 541 1312 576 salutem
1341 550 1370 576 et
1391 541 1623 578 indeficientem
1648 543 1842 586 mercedem;

1086 590 1240 625 tradimus
1255 599 1286 625 et
1297 591 1540 626 corroboramus
1554 593 1749 639 religiositati
1770 602 1841 628 tuae

1086 641 1229 685 regimen
1256 640 1451 675 abbatiarum
1479 651 1656 677 nostrarum
1689 644 1840 690 quinque,

1084 689 1233 724 videlicet
1259 691 1366 725 Sancti
1391 691 1475 725 Petri
1497 691 1679 727 Lesatensis
1702 695 1747 737 (⁴1)
1779 706 1841 728 co·—

1084 739 1194 773 mitatu
1217 739 1424 775 Tolosanensi
1440 768 1447 780 ,
1475 743 1700 777 monasterium
1729 742 1839 778 Sancti

1082 787 1193 823 Hilarii
1228 790 1258 823 in
1295 790 1444 825 comitatu
1481 790 1692 836 Carcasonse,
1729 805 1837 827 verum

1082 839 1175 872 etiam
1199 840 1424 874 monasterium
1453 839 1560 875 Sancti
1589 841 1753 877 Michaelis
1788 854 1839 877 ar-

1081 888 1226 934 changeli
1250 889 1300 923 siti
1316 889 1346 923 in
1370 889 1447 923 valle
1469 889 1662 932 Confluenti,
1686 892 1749 926 imo
1768 904 1838 926 mo-

1081 938 1252 972 nasterinm
1277 938 1383 973 Sancti
1412 938 1508 984 Petri,
1535 941 1589 987 qui
1613 941 1730 975 dicitur
1756 941 1838 976 Gar-

1080 987 1207 1027 nensis,
1242 988 1401 1034 simulque
1440 990 1664 1024 monasterium
1702 991 1837 1026 Sanctae

1079 1035 1196 1071 Mariae
1212 1039 1257 1080 (2)
1280 1037 1438 1072 Electensi
1462 1039 1492 1073 in
1510 1040 1660 1074 comitatu
1684 1040 1835 1082 Redeusi,

1079 1095 1256 1134 cunctaque
1285 1087 1443 1133 praedicta
1470 1090 1659 1124 monasteria
1694 1091 1723 1123 in
1754 1091 1835 1125 inte-

1077 1148 1168 1182 grum
1193 1137 1417 1171 confirmantes
1439 1139 1743 1187 corroborantesque
1766 1140 1835 1182 tibi,

1077 1193 1107 1220 et
1132 1198 1188 1233 per
1215 1195 1244 1221 te
1266 1186 1367 1221 eidem
1399 1199 1488 1222 sacro
1515 1190 1729 1233 monasterio,
1763 1202 1836 1224 om-

1078 1248 1134 1269 nes
1161 1249 1210 1270 res
1239 1249 1408 1284 omniaque
1432 1250 1516 1275 iura,
1550 1250 1629 1285 quae
1657 1240 1702 1274 eis
1724 1252 1740 1274 a
1769 1240 1835 1286 pri-

1054 1285 1200 1324 lmordio
1223 1286 1416 1320 fundationis
1438 1299 1548 1321 eorum
1567 1296 1595 1322 et
1624 1301 1724 1336 usque
1748 1302 1834 1324 nunc

1053 1326 1217 1381 {quolibet
1240 1336 1334 1370 modo
1356 1337 1513 1383 pertinere
1536 1338 1727 1384 probantur,
1750 1339 1834 1373 idest

1052 1383 1055 1420 l
1073 1385 1262 1430 generaliter
1281 1394 1393 1429 terras7
1416 1387 1533 1430 vineas7
1553 1388 1682 1432 casales7
1703 1388 1820 1423 fundos

1052 1435 1212 1480 {praedim
1237 1435 1315 1473 iura,
1339 1436 1476 1475 castella,
1501 1437 1704 1478 munitiones,
1729 1450 1831 1482 casas,

1050 1482 1211 1552 jmoe'nia,
1240 1485 1365 1525 hortm,
1402 1485 1621 1527 molendinos,
1658 1488 1832 1533 piscarias,

1051 1534 1224 1577 .c‹‚1011ias‚
1252 1547 1390 1574 mansos
1418 1548 1526 1570 servos
1548 1545 1577 1570 et
1600 1537 1741 1578 ancillas,
1771 1550 1832 1584 pe-

1049 1569 1151 1623 lculia
1178 1593 1208 1618 et
1234 1584 1440 1631 supellectilia
1464 1589 1508 1628 4355
1544 1586 1688 1621 iamdicta
1716 1599 1832 1621 mona-

1070 1634 1162 1667 steria
1196 1646 1269 1667 cum
1304 1635 1388 1668 omni
1419 1635 1600 1681 integritate
1623 1644 1653 1670 et
1687 1637 1830 1684 undique

1048 1682 1145 1717 {inibi
1182 1684 1389 1728 pertinentia,
1425 1685 1553 1731 tuisque
1588 1687 1829 1721 successoribus

1048 1733 1275 1770 iconcedimus
1309 1742 1403 1781 atque
1431 1736 1668 1775 confirmanius,
1691 1736 1829 1783 denique

1071 1791 1123 1815 tuo
1151 1795 1308 1817 consensu
1343 1792 1468 1818 nostrae
1495 1785 1688 1819 auctoritatis
1714 1786 1827 1820 borum

1069 1831 1230 1875 abbatum,
1252 1833 1304 1879 qni
1335 1833 1364 1866 in
1390 1833 1527 1880 praefato
1551 1835 1742 1869 monasterio
1773 1848 1828 1869 or-

1069 1881 1164 1915 dinati
1188 1891 1273 1920 sunt,
1301 1895 1374 1916 cum
1397 1896 1520 1918 summa
1556 1885 1724 1919 securitate
1752 1897 1825 1919 cum

1068 1930 1124 1964 Dei
1148 1931 1261 1965 timore
1276 1941 1480 1977 pcrtucantur
1496 1946 1531 1967 ac
1550 1933 1738 1973 defendant,
1755 1935 1826 1969 sci-

1069 1980 1139 2014 licet
1164 1980 1359 2016 Benedictus
1373 1982 1471 2017 abbas
1503 1985 1685 2018 monasterii
1713 1984 1821 2019 Sancti

1070 2029 1153 2063 Potui
1175 2030 1367 2075 Lesatcnsis,
1389 2032 1496 2066 Sancti
1518 2032 1627 2067 Hilarii
1645 2042 1674 2068 et
1688 2034 1824 2069 Sanctae

1066 2079 1181 2113 Mariae
1208 2080 1385 2115 Electensis
1411 2090 1439 2116 et
1468 2082 1565 2117 abbas
1587 2083 1680 2130 Hngo
1715 2083 1825 2118 Sancti

1066 2129 1150 2163 Petri
1175 2129 1350 2165 Gai-nensis
1372 2138 1403 2165 et
1436 2130 1545 2166 Sancti
1574 2133 1736 2168 Michaelis
1770 2146 1822 2168 ar-

1066 2179 1211 2224 changeli
1245 2180 1341 2214 abbas
1368 2179 1528 2216 Gill'redus
1563 2195 1746 2229 possessum
1783 2183 1823 2218 ita

1068 2236 1100 2262 ut
1122 2229 1181 2263 snb
1203 2237 1254 2263 tua
1282 2230 1402 2265 ditione
1424 2243 1460 2265 ac
1482 2231 1667 2267 defensione
1695 2245 1823 2280 semper

1068 2279 1236 2324 persistant
1271 2281 1479 2327 a‘praesenti
1521 2290 1608 2316 sexta
1648 2282 1822 2318 indictione

1066 2328 1178 2362 diebus
1207 2328 1285 2363 vitae
1308 2338 1428 2364 vestrae
1456 2332 1629 2378 vestrisque
1657 2344 1824 2367 successo-

1066 2379 1153 2411 ribus
1176 2390 1274 2424 usque
1298 2379 1328 2412 in
1353 2380 1446 2414 tinem
1466 2382 1579 2415 saeculi
1600 2381 1818 2417 detinendum.

1066 2427 1158 2462 Unde
1181 2440 1238 2462 nos
1264 2428 1350 2475 [prod
1373 2430 1489 2464 iustum
1521 2439 1567 2466 est
1590 2441 1819 2478 cognoscentes

1067 2485 1249 2524 vestraeque
1273 2478 1341 2524 piae
1374 2480 1516 2526 petitioni
1551 2480 1736 2516 liberalitate
1760 2494 1822 2528 pa-

1065 2535 1152 2561 terna
1177 2527 1332 2570 faventes,
1358 2537 1420 2562 tam
1446 2531 1637 2577 praescripta
1659 2539 1822 2566 monaste-

1065 2576 1121 2619 ria,
1157 2589 1251 2624 quain
1275 2589 1386 2613 omues
1422 2592 1471 2613 rcs
1498 2580 1535 2613 ad
1561 2580 1623 2626 ipsa
1652 2581 1819 2615 undecun-

1099 2701 1138 2735 (l)
1154 2701 1231 2729 Adde
1257 2704 1294 2729 in.

1039 2785 1045 2787 ⁷
1064 2749 1098 2772 ud

1037 2633 1125 2770 lque
1160 2627 1374 2673 pertinentes,
1411 2629 1476 2676 ipsa
1512 2642 1685 2677 eorumque
1713 2631 1819 2666 onmia

1334 2702 1373 2739 (2)
1397 2704 1465 2739 Lege
1493 2705 1641 2732 Eteclcnsis.
1679 2705 1718 2741 (5)
1743 2704 1819 2734 Adde

1787 2822 1808 2829 s

1873 302 1922 329 An.
1943 302 1972 330 C.
1991 302 2060 332 1008

1870 559 2004 583 ttionasteria
2038 561 2059 583 in

1869 595 1949 626 quibus
1971 604 2059 619 conce-

1868 632 1928 655 ditur
1945 633 1978 655 ius
1987 641 2059 663 supe-

1869 670 1982 691 rior-itatis
2011 670 2059 692 Lu-

1867 709 1938 728 neten.
1973 706 2060 729 abb-ii-

1867 742 1917 765 bus.

1866 1050 1975 1072 Bonorum
2028 1050 2055 1073 ad

1865 1093 1890 1108 en
1945 1090 2056 1116 spectan-

1865 1121 1919 1143 tium
1966 1121 2055 1144 confir-

1863 1158 1931 1180 mutio

1857 1913 1953 1936 Abbates
2010 1916 2046 1946 qni

1857 1954 1908 1972 tunc
1940 1953 2049 1981 temporis

1856 1986 1946 2015 suprad.
1965 1995 2047 2010 monn-

1855 2023 2051 2055 steriispraeerant.

1854 2143 1983 2166 Iurisdictio
2000 2145 2044 2167 ab-

1854 2178 1911 2201 batis
1930 2180 2044 2203 Lusaten-

1854 2215 1884 2236 sis
1918 2215 1939 2237 in
1967 2224 2042 2239 eorum

1853 2250 1926 2273 bonis.
