2237 3127
223 284 271 310 An.
293 285 320 311 C.
338 284 404 311 1052

223 360 328 387 Quicquid
383 359 403 379 in

222 399 353 415 fontianum
374 402 402 415 a-

221 435 278 452 ctum
327 432 399 455 suerit,

221 467 303 488 irritum
328 467 400 488 derla-

219 508 278 526 13101·
345 504 399 524 iuxta

230 539 389 561 derivationes

234 580 375 601 lietu-tentari.

217 614 293 635 (litt'Uil'.
312 616 330 635 in
344 622 398 636 conr

216 651 320 671 trotersia
346 650 396 671 alias

215 691 272 706 mota
289 686 314 707 ab
336 686 397 706 abha-

216 722 270 743 tibus
281 724 363 744 cassin.

230 784 271 803 (Ion
278 782 371 804 111-11111110

223 824 382 847 exemptionum

211 862 222 875 tl
241 855 392 884 l'onlilirtbnsy

211 891 244 912 wl
273 891 393 920 imperato-

209 926 270 947 rihns
322 926 390 947 eidem

211 970 373 985 concessarum.

204 1390 302 1413 Libet-nm
321 1390 387 1411 abba-

205 1430 220 1451 tt
241 1429 266 1450 sit
294 1428 386 1449 ordina-

205 1466 275 1486 tiones
300 1472 311 1486 a
343 1472 385 1494 (1110

204 1502 303 1523 maluerit
333 1503 384 1531 epi-

201 1546 269 1567 seopo
293 1540 385 1569 accipe—

202 1581 233 1596 rc.

202 1835 320 1857 Anathema
361 1837 380 1858 in

201 1871 308 1900 pritilegii
319 1873 380 1895 liuius

202 1907 325 1929 indatur-cs.

481 281 551 317 618

428 445 523 491 glosis
549 444 743 491 principibus
765 445 951 490 landolpho,
979 458 1014 479 ac
1036 446 1171 481 Pandol-

427 493 1170 542 pho,magnatibus‘,acdncibuseorutn,qnando

427 544 513 589 prius
547 543 735 589 Malepotus,
763 542 875 577 deinde
901 543 1042 585 loannes,
1061 546 1169 579 Cassi-

425 604 537 626 nenses
559 591 702 635 abbates,
724 591 874 626 adversus
902 592 1016 627 Ursum
1035 606 1070 628 ac
1087 595 1169 629 Gre—

422 642 542 686 gorium
561 640 701 674 abbatiae
719 640 851 675 Sanctae
873 642 1011 688 Sophiae
1034 653 1168 679 rectores

421 691 604 737 superhaec
623 691 706 724 litent
729 702 905 736 suscepere.
930 690 1078 726 Obtineat
1094 706 1167 739 ergo

420 748 449 773 et
477 740 632 785 possideat
660 751 784 785 semper
812 740 997 781 libertatem,
1025 751 1167 777 anteces-

419 801 522 822 sorum
548 797 721 822 nostrorum
752 788 945 835 privilegiis,
978 798 1008 824 et
1031 792 1166 837 impera-

420 846 520 872 torum
539 838 711 884 praeceptis
727 837 877 872 hactenns
899 839 957 872 sibi
983 852 1163 875 concessam

418 896 446 922 et
474 888 701 927 confirmatam,
726 888 799 921 itaut
815 890 920 921 nullus
942 889 1090 936 deinceps
1106 892 1164 925 im-

419 945 610 983 peratorum,
629 948 748 982 regum,
765 937 893 977 ducum,
912 938 956 972 vel
973 940 1163 986 principum,

415 994 467 1021 ant
503 987 734 1029 marchionum,
768 998 823 1020 nec
851 987 912 1021 ulla
936 989 1163 1037 cuiuscumque

415 1036 575 1081 dignitatis
611 1048 742 1083 persona
769 1044 876 1070 contra
915 1037 994 1072 hanc
1024 1048 1161 1074 nostram

414 1087 632 1120 auctoritatem
659 1093 711 1119 aut
738 1086 952 1120 conditionem
978 1089 1161 1135 privilegio-

414 1147 483 1169 rum
507 1135 611 1169 venire
632 1135 756 1176 audeat,
778 1145 831 1169 aut
849 1136 887 1170 de
910 1137 1000 1171 bonis
1021 1138 1159 1173 eiusdem

413 1184 556 1219 abbatiae
567 1190 1159 1232 pernosautquoscumqueconcessis,

414 1246 585 1281 usurpare,
603 1234 744 1268 minuere
763 1243 816 1268 aut
842 1235 976 1269 alienare
990 1237 1158 1283 quicquain

412 1296 612 1331 quocumque
636 1283 728 1317 modo
755 1293 806 1317 aut
827 1285 952 1330 ingenio
970 1296 1158 1332 praesumat,

413 1345 451 1366 ne
465 1333 523 1367 sub
537 1334 652 1367 iudicio
667 1333 1010 1369 districtianathematis
1024 1336 1157 1371 des-idat.

413 1381 510 1417 Porro
531 1382 604 1429 quia
626 1382 664 1416 ab
690 1382 847 1429 aliquibus
874 1385 1030 1431 episcopis
1057 1387 1158 1420 solent

411 1432 561 1466 coenobia
589 1432 764 1478 gravamina
792 1432 980 1473 substinere,
1006 1447 1063 1469 nos
1086 1449 1157 1470 vero

412 1480 503 1515 alicui
519 1481 742 1528 praeiudicium
757 1493 814 1516 nec
830 1482 972 1517 volumus
988 1497 1043 1518 nee
1058 1485 1157 1518 debe-

412 1542 481 1564 mus
508 1532 625 1571 lacere,
649 1531 706 1564 hoc
734 1539 850 1565 tantum
875 1533 1080 1568 concedimus
1102 1536 1154 1568 tihi

412 1579 468 1614 hac
491 1587 592 1614 nostra
622 1581 816 1623 auctoritate,
840 1589 872 1614 nt
896 1582 920 1615 si
944 1582 981 1615 ab
1007 1585 1155 1631 episcopo

411 1628 441 1662 in
468 1630 556 1664 cuius
572 1629 706 1664 dioecesi
730 1631 890 1669 consistis,
908 1633 1086 1678 nequiveris
1101 1648 1155 1667 ec-

409 1678 597 1713 clesiasticas
619 1679 829 1713 ordinationes
848 1682 943 1725 gratis
958 1690 988 1715 et
1003 1684 1154 1718 canonice

407 1728 580 1773 acquirere,
602 1728 759 1762 licentiam
788 1728 902 1763 habeas
921 1744 936 1763 a
952 1744 1153 1779 (111(101111111110

408 1776 463 1810 11111
489 1778 612 1824 tuisque
642 1778 823 1825 acquirendi
855 1792 907 1813 eas
938 1780 1027 1815 iuste.
1052 1782 1153 1816 llnius

408 1828 503 1860 nostri
528 1826 678 1873 privilegii
701 1835 814 1861 statuta
839 1828 1008 1875 intringere
1030 1839 1058 1865 et
1085 1844 1152 1866 cas-

406 1887 474 1910 sare
511 1877 616 1910 nullus
649 1877 818 1923 aliqnando
852 1890 1050 1926 quacumque
1087 1890 1152 1916 arte

406 1935 600 1970 praesumat,
628 1938 666 1960 ne
690 1928 922 1961 damnatiouffln
945 1929 983 1962 ab
1020 1931 1107 1963 initio
1135 1944 1150 1965 a

405 1976 521 2009 sanctis
536 1975 683 2009 Patribus
706 1977 933 2022 promulgatam
955 1991 1009 2024 pro
1024 1981 1152 2014 sacrile-

404 2023 463 2068 giis
483 2024 631 2059 incurrat.
654 2024 731 2059 Nam
748 2026 892 2072 quisquis
911 2028 985 2061 haec
1001 2029 1052 2074 pio
1069 2030 1151 2063 diri-

404 2072 508 2108 nitatis
534 2082 677 2120 respectu
713 2083 889 2109 reverenter
923 2077 1149 2123 observat-erit,

403 2122 602 2165 confidimus,
619 2123 690 2170 quia
711 2136 727 2157 a
746 2123 860 2158 Sancta
879 2125 1028 2160 Trinitate
1052 2127 1149 2162 bene-

403 2170 571 2206 dictionem
597 2173 732 2213 habebit,
755 2182 784 2207 et
813 2183 927 2208 sortem
951 2178 1150 2212 nanciscetur

403 2231 475 2254 cum
498 2221 553 2261 eis,
575 2222 627 2268 qui
651 2231 814 2269 praecepta
833 2223 988 2259 dominica
1012 2238 1148 2261 servare-

404 2278 489 2309 runt,
522 2279 552 2304 et
581 2270 619 2305 ad
647 2271 796 2306 caelestes
831 2272 994 2308 thesauros
1028 2283 1147 2311 terrena

403 2319 586 2363 patrimonia
609 2321 846 2355 transtulerunt.

449 2367 525 2402 Data
541 2381 588 2403 x11
612 2369 758 2404 kalendas
781 2371 856 2404 iunii
877 2385 930 2417 per
953 2385 1064 2408 manus
1079 2374 1146 2410 Fre-

401 2414 496 2450 derici
519 2418 642 2452 diaconi
666 2419 697 2453 S.
716 2419 751 2453 R.
768 2419 804 2453 E.
830 2420 1067 2464 bibliothecarii,
1092 2437 1147 2459 nec

401 2476 463 2498 non
490 2475 519 2500 et
541 2468 717 2502 cancellarii
745 2469 809 2503 vice
841 2470 947 2504 domni
974 2471 1145 2508 111-1111311111

401 2514 687 2557 archicancellarii,
710 2526 739 2552 et
771 2517 969 2554 Coloniensis
996 2523 1146 2570 archiep,

400 2573 483 2597 anno
497 2564 603 2599 donini
618 2566 731 2601 Leonis
746 2580 842 2614 papae
855 2578 977 2614 quarto,
994 2570 1100 2606 indict.
1115 2585 1144 2607 v.

478 2627 538 2658 Dat.
560 2630 605 2659 die
623 2631 657 2660 21
679 2633 746 2661 maii
765 2642 840 2662 anno
858 2633 971 2664 Domini
994 2636 1077 2674 1052,

579 2680 681 2718 pontis.
702 2680 807 2711 Leonis
827 2692 903 2712 anno
922 2692 959 2714 iv.

1017 293 1206 319 BULLARIUM
1230 297 1322 322 ROMA
1326 300 1395 323 NUM

430 346 525 386 irrita,
548 347 649 393 sitque
671 352 734 380 rata
762 346 992 381 controversiae
1013 347 1098 383 illius
1113 362 1173 383 ma-

431 397 555 439 nifeste,
583 407 618 429 ac
649 394 773 441 publice
797 396 872 429 l'acta
895 396 1035 430 delinitio
1056 410 1072 431 a
1100 398 1173 432 reli-

1523 355 1656 392 xxvii.

1216 425 1414 468 Confirmatio
1425 428 1447 459 A
1454 430 1596 461 scalonae
1607 430 1772 470 Ecclesiae,
1781 440 1806 465 e!
1815 434 1963 468 bonorum

1260 477 1396 508 oninium
1418 479 1460 510 ad
1485 479 1619 511 <cundem
1641 482 1859 523 pez-cimanum
1875 488 1937 527 (J).

1479 546 1692 578 SUititAtttUil

1210 605 1376 636 Exordium.
1401 624 1440 629 —
1461 607 1571 638 Causae
1594 612 1730 641 concessi
1750 613 1906 652 privilegii.
1923 632 1964 638 --

1249 645 1435 676 1101111111111110
1467 647 1610 678 bonorum
1647 652 1778 681 omniunt
1814 654 1849 683 ad
1887 657 1961 685 lianc

1248 684 1408 715 Ecclesiam
1430 688 1648 726 pertinentium.
1665 708 1705 713 —-
1724 690 1800 722 Bona
1818 694 1962 724 1111115011-

1248 726 1346 755 lanum
1375 728 1575 766 episcopatum
1596 733 1767 768 spectantia.
1799 750 1839 755 —
1860 732 1961 764 Omni-

1248 766 1331 795 moda
1355 768 1485 806 episcopi
1502 769 1667 799 iurisdictio
1685 771 1713 800 111
1733 776 1788 801 tota
1809 782 1860 803 sua
1879 774 1961 804 dioe-

1247 807 1306 834 cesi
1326 811 1353 835 et
1375 807 1453 836 clero
1476 808 1586 847 absque
1609 811 1731 840 alterins
1750 812 1881 852 episcopi
1909 814 1957 843 111-

1247 849 1386 875 terventu.
1409 863 1448 869 —
1467 848 1625 879 Anathema
1650 851 1678 879 in
1698 852 1888 890 refragantes.
1916 871 1957 877 -—

1245 884 1406 915 Ecclesiam
1436 888 1509 917 lianc
1541 890 1603 919 suis
1633 891 1661 919 iu
1687 890 1785 929 bonis,
1814 893 1957 930 decimis,

1245 925 1445 956 oblationibus
1479 932 1533 957 etc.
1564 931 1721 960 molestare
1752 933 1871 962 omnino
1901 934 1957 964 sub

1244 966 1438 996 anathematis
1462 978 1554 1007 poena
1575 970 1768 1001 interdicitur.

1204 1031 1251 1059 Leo
1270 1032 1410 1068 episcopus
1430 1041 1523 1063 servus
1543 1043 1682 1064 servorum
1698 1037 1753 1070 Dei,
1771 1038 1887 1068 Berardo
1911 1040 1955 1068 Se·

1247 1078 1329 1105 cundo
1361 1079 1485 1115 episcopo
1504 1081 1634 1110 Ecclesiae
1653 1083 1681 1110 et
1700 1083 1871 1120 episcopatus
1890 1085 1954 1113 San·

1248 1124 1307 1151 ctae
1319 1123 1363 1151 Dei
1380 1124 1522 1153 &enitricis
1536 1126 1635 1154 Mariae
1647 1129 1675 1155 et
1688 1128 1839 1157 beatissimi
1853 1130 1955 1159 Christi

1246 1169 1378 1203 martyris
1398 1169 1533 1205 Emigidii‚
1556 1172 1662 1206 positae
1680 1172 1707 1200 in
1727 1174 1857 1203 comitatu
1876 1175 1954 1203 Esou·

1245 1213 1306 1241 lano
1326 1214 1401 1242 intra
1417 1215 1566 1249 civitatem,
1593 1218 1751 1253 cunctisque
1771 1219 1828 1247 suis
1847 1226 1952 1248 succes-

1244 1259 1350 1286 soribus
1369 1260 1495 1288 canonice
1514 1261 1578 1289 illuc
1604 1262 1772 1291 intrantibus
1803 1264 1831 1293 in
1857 1272 1953 1301 perpe·

1244 1305 1329 1331 tuum.

1249 1361 1330 1403 Quia
1354 1359 1477 1397 divinae
1501 1364 1641 1410 largitate
1667 1366 1784 1411 g'ratiae
1805 1367 1842 1402 B.
1858 1367 1953 1404 Petro

1199 1413 1411 1457 apostolorum
1437 1415 1569 1460 principi
1600 1428 1725 1461 regere,
1748 1416 1947 1462 dispensare,

1198 1469 1227 1494 et
1254 1461 1293 1495 ab
1315 1463 1400 1495 omni
1426 1476 1590 1508 pravorum
1615 1465 1813 1500 infestatione
1834 1467 1949 1502 defen-

1197 1522 1276 1554 sare,
1290 1513 1394 1545 (11111115
1404 1514 1571 1547 commissa
1588 1523 1633 1547 est
1647 1514 1800 1557 Ecclesia,
1812 1525 1843 1551 ut
1858 1518 1950 1552 cuius

1198 1562 1335 1606 pascitur
1357 1560 1509 1604 doctrina,
1532 1564 1601 1597 eius
1621 1564 1780 1598 miniiatur
1796 1573 1826 1600 et
1841 1567 1948 1608 tutela;

1197 1611 1344 1643 convenit
1378 1623 1451 1651 nos,
1484 1613 1536 1658 qni
1568 1614 1636 1646 eius
1660 1614 1725 1648 vice
1751 1617 1948 1660 apostolatus

1196 1658 1356 1705 fungimur
1371 1660 1521 1704 culmine,
1538 1662 1670 1708 singulis
1683 1662 1835 1699 Ecclesiis
1850 1666 1948 1701 iustae

1196 1710 1401 1754 protectionis
1430 1722 1540 1745 manus
1568 1713 1744 1757 porrigere,
1779 1723 1947 1760 quatenus,

1195 1760 1278 1804 qnod
1303 1760 1363 1793 illis
1385 1760 1420 1793 ad
1447 1761 1608 1795 tutaminis
1635 1762 1756 1808 prolicit
1778 1763 1947 1799 fulcimen-

1194 1815 1273 1848 tuin,
1297 1822 1352 1843 nos
1367 1810 1511 1855 expediat
1525 1823 1540 1844 a
1555 1810 1673 1854 debito,
1690 1813 1774 1858 (1110(1
1790 1814 1945 1849 debemus

1194 1858 1351 1892 omnibns.
1369 1858 1504 1893 Proinde
1519 1869 1625 1906 rogatu
1638 1860 1675 1894 D.
1692 1863 1944 1908 supranominati

1194 1906 1320 1941 Bcrardi
1349 1909 1486 1954 episcopi
1516 1909 1549 1943 S.
1577 1909 1739 1945 Ecclesiae
1765 1911 1943 1948 Esculanae

1192 1959 1380 2003 apostolicae
1407 1959 1600 1994 auctoritatis
1631 1962 1793 1996 munimen
1825 1974 1944 1997 conce-

1192 2006 1322 2051 dentes,
1358 2016 1388 2041 et
1423 2020 1477 2054 per
1503 2021 1570 2043 cain
1607 2010 1745 2055 praefato
1772 2011 1943 2058 episcopo,

1192 2057 1377 2104 cunctisque
1415 2058 1482 2091 eius
1513 2060 1752 2094 successoribus
1787 2062 1942 2096 canonice

1191 2105 1266 2139 inibi
1295 2107 1522 2147 inthronizatis,
1544 2119 1623 2154 quae
1649 2108 1687 2143 ad
1712 2109 1864 2145 honorem
1878 2111 1938 2145 Dei

1190 2153 1358 2189 Genitricis
1379 2169 1567 2204 semperque
1592 2156 1732 2203 Virginis
1754 2159 1868 2194 Mariae
1892 2169 1939 2195 est

1190 2203 1344 2249 dedicata,
1360 2218 1416 2240 nec
1431 2207 1459 2239 in
1478 2207 1635 2242 inferioris
1647 2207 1839 2243 liberalitatis
1852 2221 1943 2256 prae-

1190 2254 1353 2300 scriptum,
1377 2255 1432 2289 sed
1455 2256 1665 2301 obstaculum,
1692 2266 1721 2292 et
1744 2258 1840 2293 totins
1867 2271 1942 2306 pro-

1191 2304 1334 2337 tectionis
1346 2305 1490 2351 clypeum
1509 2305 1658 2352 privilegii
1675 2308 1850 2349 munimen,
1863 2320 1941 2343 con-

1190 2351 1329 2393 serimus,
1351 2363 1382 2387 ut
1406 2355 1556 2399 Ecclesia,
1579 2368 1658 2401 quae
1681 2358 1800 2391 nomini
1822 2358 1939 2392 summi

1188 2402 1411 2449 omnipotentis
1429 2404 1528 2449 Regis
1542 2413 1712 2452 martyrum
1728 2406 1939 2448 estdedicata,

1188 2451 1225 2484 sit
1246 2453 1338 2486 etiam
1358 2455 1473 2487 summi
1505 2454 1611 2488 militis
1638 2456 1704 2489 eius
1737 2456 1790 2490 lilii
1819 2457 1940 2503 scripto

1189 2508 1337 2546 protecta,
1364 2502 1532 2550 gladioque
1554 2503 1697 2546 defensa;
1717 2505 1852 2552 ideoque
1867 2518 1941 2552 apo-

1187 2550 1292 2584 stolica
1307 2552 1488 2586 anctoritate
1500 2553 1700 2599 providentes
1711 2554 1941 2602 singula‚quio-

1186 2599 1262 2645 quid
1299 2600 1377 2634 inste
1416 2601 1519 2635 eidem
1558 2602 1716 2637 deferetur
1755 2604 1937 2650 Ecclesiae,

1221 2655 1261 2690 (l)
1272 2656 1312 2682 Ab
1323 2657 1440 2690 originali
1450 2658 1582 2693 desumpt.
1595 2659 1677 2685 edidit.
1686 2660 1788 2695 Ugttett.
1798 2661 1855 2688 ital.
1864 2661 1938 2689 sacr.

1187 2693 1250 2717 tom.
1269 2699 1287 2724 t,
1311 2692 1354 2719 11111
1371 2693 1402 2720 de
1418 2695 1549 2729 episcopis
1565 2695 1712 2723 Asculanis.

1992 290 2042 320 Ᾰη.
2059 291 2088 320 C.
2107 293 2176 323 1052

1979 1382 2106 1408 Exordium.

1976 1633 2056 1655 Causae
2067 1641 2160 1657 eoncu-

1976 1668 1994 1690 si
2011 1669 2132 1700 privilegii.
