2237 3127
205 311 257 341 An.
279 310 309 339 C.
337 312 388 339 482)

217 877 272 898 l'rtii
286 884 381 898 errores.

198 1204 256 1225 t‘etr'·
286 1203 369 1225 haeresi
353 1211 382 1224 §is

197 1240 283 1267 priores
302 1239 382 1260 haer·-

197 1282 232 1296 ηεξ
262 1279 382 1296 [iuriscon—

475 325 520 360 90

422 388 659 436 praeordinatos
693 393 819 421 sanctos
848 384 969 425 Patres
992 385 1044 431 qui
1067 385 1172 418 sedeur

420 439 528 473 biatae
550 437 720 471 mtmoriae
742 435 852 481 Ignatii
876 434 1004 480 gloriosi
1027 434 1172 480 martyris

421 488 653 529 ordinaverunt,
673 497 735 531 quo
750 484 841 518 etiam
857 495 927 518 cum
944 483 988 517 sis
1009 482 1171 528 indignus,

421 536 527 570 nescio
545 533 812 581 quemadmodum
827 532 960 578 adeptus
973 532 1049 565 fuei'
1045 544 1069 565 ι5
1084 533 1170 586 prin-

419 586 576 639 cipatnm
604 592 634 618 et
656 582 828 618 sceleribus
856 583 916 616 tuis
945 581 1094 628 profanis
1111 594 1170 615 im-

417 634 541 680 piisque
563 632 764 678 dogmatibus
786 630 899 665 infeire
924 630 1081 677 putaveris
1109 630 1169 665 Ec-

417 683 531 717 clesiae
574 682 745 716 catholicae
792 681 986 723 novitatem,
1029 688 1062 713 ut
1104 692 1167 714 non

415 740 543 778 propter
578 743 635 765 nos
667 730 830 765 Christum
861 729 1045 763 ermifixum
1069 728 1166 769 dicas,

413 780 468 814 sed
491 780 667 826 passionem
688 778 870 826 impassibili
888 778 974 812 Deo
969 777 1166 824 iniquissime

414 829 561 868 intulisti,
583 838 613 863 et
636 828 802 863 immortali
818 828 941 874 spiritui
959 835 1088 860 mortem
1108 839 1167 874 ap-

415 891 532 925 ponere
560 878 810 925 praesumpsisti.
839 877 904 911 Nec
926 876 1094 910 exterritus
1119 889 1164 917 es,

413 940 493 983 qnae
516 928 569 962 tibi
594 940 610 962 a
633 928 748 961 sanctis
770 926 951 972 exangdiis,
967 932 995 959 et
1014 926 1166 971 apostolis

411 985 440 1011 et
465 977 536 1012 titis
563 976 763 1017 beatissimis,
786 988 822 1010 ac
847 974 1075 1022 probatissimis
1103 988 1164 1021 pa·-

412 1026 511 1060 tribus
539 1026 649 1060 tradita
677 1038 738 1059 non
762 1033 847 1069 sunt,
869 1025 923 1059 sed
949 1023 1069 1058 callidis
1088 1024 1164 1058 haec

411 1076 600 1110 commentis
637 1084 776 1109 astruere
811 1052 847 1108 et7
878 1085 1005 1108 sensum
1043 1074 1162 1120 proprii

411 1124 583 1170 languoris,
605 1133 635 1159 et
662 1124 757 1158 huius
786 1124 952 1157 haereseos
979 1123 1161 1157 scandalum

409 1173 654 1220 simplicioribus
677 1173 847 1216 inculeare,
870 1172 909 1206 ita
928 1181 959 1206 ut
979 1183 1036 1205 nec
1050 1172 1163 1206 similis

410 1222 566 1269 prioribus
587 1222 731 1257 videatur
757 1221 953 1264 lunensibus,
972 1220 1025 1255 sed
1054 1221 1164 1254 multi-

411 1271 536 1318 pliciter
558 1273 664 1319 potius
686 1272 761 1306 haec
784 1270 1008 1305 transcendant
1031 1282 1164 1304 necam-

410 1321 518 1355 bulare
552 1322 581 1356 in
621 1320 766 1360 veritate
802 1332 859 1354 nec
894 1320 1008 1354 nostris
1036 1319 1163 1353 duobus

408 1370 551 1416 epistolis
572 1383 680 1405 aurem
701 1369 824 1404 voluisti
849 1368 1062 1403 commodare
1091 1368 1160 1402 Non

408 1420 504 1465 igitur
525 1432 593 1454 sum
622 1432 753 1454 exorsus
775 1418 942 1453 adversum
969 1426 999 1452 te
1024 1418 1162 1464 proferte

407 1469 594 1503 sententiam
613 1468 723 1515 (magis
739 1476 841 1502 autem
856 1479 1000 1501 summus
1015 1467 1162 1514 princeps

407 1518 621 1564 apostolorum
644 1518 769 1557 Petrus
796 1517 848 1563 qui
872 1517 954 1550 inter
980 1524 1161 1551 sanctorum

407 1567 622 1614 apostolorum
651 1566 815 1614 praeconia
839 1566 993 1600 veridicus
1031 1568 1105 1609 est),
1133 1574 1161 1599 et

408 1629 470 1651 non
498 1617 601 1651 solum
624 1617 789 1650 adversum
808 1623 836 1649 te
859 1616 923 1661 (qui
940 1615 1007 1650 eius
1023 1614 1162 1649 nominis

407 1678 470 1700 non
497 1666 682 1704 sententiae,
707 1677 810 1711 neque
837 1665 908 1699 fidei
925 1676 1029 1711 parem
1047 1671 1076 1697 te
1092 1675 1161 1698 esse

407 1727 615 1761 cognoscens,
637 1715 786 1761 quoniam
805 1713 883 1747 ultra
900 1714 1028 1748 modum
1041 1713 1080 1748 ab
1095 1713 1162 1747 eius

407 1764 582 1799 intentione
613 1773 694 1798 recta
719 1763 889 1797 inviolabili
918 1762 979 1796 fide
1007 1762 1161 1806 deviasti),

406 1814 460 1847 sed
487 1814 582 1848 etiam
604 1813 755 1848 adversus
777 1825 853 1856 eos,
876 1812 929 1859 qui
953 1824 1014 1846 non
1038 1811 1161 1846 erube-

406 1872 531 1897 scentes
540 1862 773 1909 evangeliorum
785 1861 977 1896 venerabiles
993 1861 1162 1895 characte-

407 1924 466 1953 res,
487 1924 590 1959 neque
603 1912 715 1946 horum
730 1911 911 1957 sequacium
932 1909 1160 1957 apostolorum,

407 1961 681 2007 perfectorumque
723 1961 862 1994 virorum
877 1987 885 2003 ,
929 1959 1160 2005 doctorumque

404 2023 588 2051 sermones,
626 2010 814 2044 inconstanti
851 2010 1007 2043 sententia
1044 2009 1161 2054 iniquis

406 2059 628 2095 traditionibus
644 2059 705 2094 tuis
721 2058 925 2098 incumbunt3
949 2058 988 2092 ita
1013 2067 1044 2092 ut
1061 2057 1160 2092 malae

405 2118 509 2144 sectae
531 2109 758 2143 delectabiliter
772 2120 874 2143 revera
887 2115 1060 2154 sequantur
1074 2119 1160 2141 ama-

406 2158 599 2199 ritudinem,
629 2170 686 2192 uec
725 2157 906 2192 huiusmodi
949 2156 1159 2191 execrabilem

404 2215 588 2242 aversantur
611 2208 814 2254 impietatem.
840 2206 984 2241 Dicimus
1006 2218 1080 2251 ergo
1104 2205 1158 2239 tibi

404 2258 485 2291 sicut
499 2257 592 2291 etiam
607 2256 678 2297 iltis,
693 2256 842 2303 quoniam
855 2255 991 2290 dilexisti
1008 2255 1156 2289 malitiam

405 2318 500 2353 super
527 2305 777 2352 benignitatem,
819 2305 1015 2351 iniquitatem
1059 2304 1158 2349 magis

404 2368 498 2401 qnam
528 2355 613 2402 loqui
643 2356 845 2401 aequitatem.
875 2353 1019 2387 Dilexisti
1053 2353 1158 2387 omnia

405 2404 496 2439 verba
523 2403 802 2451 praecipitationis,
826 2410 856 2437 et
883 2403 1020 2449 linguam
1060 2402 1159 2436 dolo-

404 2466 469 2487 sam
495 2457 560 2497 (a);
583 2462 746 2500 propterea
775 2452 916 2486 destruct
946 2460 974 2486 te
1010 2452 1094 2485 Deus
1128 2451 1156 2485 in

404 2505 510 2543 linem,
526 2515 589 2536 non
605 2503 705 2536 solum
717 2502 756 2536 al)
771 2501 987 2535 Antiochenae.
1000 2500 1158 2534 Ecclesiae

403 2552 488 2595 stile,
511 2552 566 2586 sed
589 2552 680 2585 etiam
704 2551 742 2585 ab
765 2550 849 2585 omni
872 2550 1007 2584 civitate.
1031 2549 1156 2583 Etenim

403 2601 441 2633 sit
470 2601 499 2634 iu
531 2608 560 2635 te
583 2600 659 2635 haec
684 2602 740 2634 lixa
764 2600 934 2639 damnatio,
962 2612 976 2632 a
1001 2611 1050 2632 me
1068 2606 1098 2632 et
1119 2598 1158 2632 ab

403 2649 463 2688 liis,
478 2650 530 2695 qui
544 2649 604 2684 sub
617 2662 665 2684 me
687 2649 847 2685 constituti
861 2648 1057 2697 episcopales
1066 2648 1157 2683 sedes

438 2711 477 2744 (u)
496 2710 589 2736 Psalm.
610 2711 637 2737 5.
657 2712 682 2737 ί.

1003 329 1194 354 ΝΠῘΑΜΠΜ

1220 329 1291 352 non
1295 329 1386 352 ANUM

1214 383 1390 430 ‘gubernare
1413 391 1598 428 noscuntur,
1615 391 1644 418 et
1661 382 1769 418 Acatio
1782 382 1964 419 Constanti-

1214 432 1414 479 nopolitanae
1436 432 1597 467 Ecclesiae
1621 443 1754 488 pastore,
1776 441 1807 468 et
1829 446 1965 469 veneta—

1212 481 1330 516 bilibus
1351 483 1510 536 episcopis
1531 483 1601 517 eius
1628 482 1686 517 iuri
1710 482 1861 517 subiectis
1884 491 1964 517 tam-

1211 543 1305 577 quain
1339 539 1369 565 et
1403 543 1480 578 ipsis
1521 532 1651 566 minime
1688 531 1960 566 consentientibus

1212 580 1273 614 tuis
1305 581 1508 615 commentis:
1540 581 1585 615 sic
1612 580 1782 627 aliquando
1803 580 1960 627 siquidem

1210 628 1326 668 dixisti
1350 629 1533 664 Trinitatem
1551 637 1678 676 propter
1696 642 1753 664 nos
1766 629 1959 673 crucifixam,

1209 687 1239 712 et
1262 691 1324 713 non
1343 679 1519 719 Cliristmn;
1534 679 1704 725 aliquando
1718 691 1791 713 vero
1805 677 1961 713 immorta-

1209 727 1268 762 lem
1278 728 1440 776 spiritum,
1460 707 1633 762 Maiiichaei
1645 736 1799 774 sequutus
1808 740 1959 769 errorem;

1207 776 1376 824 aliquando
1402 785 1507 811 autem
1527 777 1603 812 haec
1627 777 1758 824 fugiens.
1779 785 1958 812 nostrorum

1207 838 1388 860 sermonum
1413 826 1600 872 pignoribus
1627 827 1818 873 increpatus,
1856 826 1959 861 Chri-

1206 882 1289 909 stum
1305 884 1373 922 post
1389 875 1594 909 immortalem
1609 875 1762 922 Spiritum
1779 875 1958 923 passionem

1206 925 1395 958 sustinuisse
1417 924 1544 962 dixisti,
1567 925 1648 959 sicut
1671 925 1788 959 Paulus
1809 925 1959 959 Samosa-

1206 981 1297 1007 tenus
1316 982 1344 1008 et
1366 973 1529 1008 Nestorius
1546 987 1643 1008 unum
1661 974 1760 1008 titium
1782 974 1958 1008 dividentes

1207 1022 1237 1056 in
1257 1023 1406 1057 dualitate
1430 1023 1564 1057 liliorum
1581 1050 1589 1063 ,
1612 1030 1642 1057 et
1664 1036 1736 1057 cum
1760 1023 1811 1058 hic
1843 1024 1958 1070 putasti

1206 1084 1266 1105 non
1295 1072 1539 1113 immorandum,
1567 1072 1603 1106 ad
1634 1072 1738 1119 peiora
1761 1073 1885 1114 venisti,
1923 1080 1957 1107 ut

1206 1120 1310 1175 ¹¹3¹¹¹¹Jff
1333 1133 1412 1167 quos
1434 1120 1607 1156 Cherubim
1631 1134 1703 1156 cum
1728 1130 1863 1156 tremore
1885 1122 1959 1156 Tri-

1206 1170 1311 1204 nitatis
1330 1170 1524 1205 incessanter
1542 1171 1700 1215 emittunt,
1716 1171 1753 1205 ad
1772 1171 1961 1205 Trinitatem

1204 1219 1439 1263 g·luiilitandtm
1459 1232 1520 1253 non
1539 1198 1721 1254 ι’-Ὶοΐυιῑιιιῑιιι,
1745 1212 1808 1254 Sed
1829 1228 1860 1254 ut
1876 1228 1961 1254 totus

1204 1247 1341 1314 Ῑι)ιιι[ιιι5
1365 1268 1403 1303 ad
1427 1268 1541 1303 Filium
1569 1268 1743 1310 dedicatur,
1770 1269 1961 1303 contii-mare

1206 1317 1312 1352 volens
1334 1319 1521 1352 sententiam
1538 1317 1620 1352 velut
1633 1330 1745 1352 cancer
1762 1326 1958 1365 serpentem,

1204 1379 1297 1412 quam
1321 1366 1470 1401 adversus
1491 1366 1652 1414 simplices
1674 1367 1822 1411 extulisti,
1838 1375 1869 1402 et
1882 1367 1958 1402 hinc

1204 1416 1344 1450 omnium
1374 1416 1540 1450 haeresum
1578 1416 1699 1463 laqueis
1733 1416 1958 1464 praecipitatus

1204 1477 1247 1505 es,
1270 1477 1286 1499 a
1310 1465 1437 1499 veritate
1456 1465 1655 1506 declinando,
1670 1478 1728 1500 nec
1744 1466 1956 1512 praedicando

1205 1523 1333 1561 propter
1358 1527 1415 1548 nos
1436 1514 1599 1549 Christum
1622 1515 1808 1549 crucifixum
1837 1515 1958 1562 Unige-

1204 1563 1303 1597 nitunt
1317 1563 1375 1597 Dei
1391 1563 1519 1607 Filium,
1542 1564 1593 1611 qui
1608 1572 1655 1598 est
1678 1564 1708 1598 in
1730 1565 1835 1599 medio
1853 1564 1956 1599 Patris

1203 1620 1231 1646 ct
1254 1612 1360 1646 Sancti
1391 1613 1543 1660 Spiritus,
1565 1613 1618 1660 qui
1646 1613 1848 1659 glorificatur.
1876 1613 1959 1656 Quid

1203 1661 1286 1695 enim
1310 1662 1370 1697 hoc
1392 1663 1451 1697 erit
1472 1662 1695 1704 damnabilius,
1723 1676 1817 1710 quam
1846 1676 1918 1698 cum
1942 1675 1959 1698 a

1204 1710 1291 1745 vobis
1327 1711 1419 1746 Pater
1440 1720 1470 1746 et
1493 1712 1632 1759 Spiritus
1665 1711 1801 1747 Sanctus
1824 1713 1875 1747 fiat
1902 1713 1960 1747 in-

1203 1759 1334 1806 glorius,
1363 1769 1392 1795 et
1414 1760 1569 1795 calumnia
1603 1760 1771 1808 Seraphim
1795 1761 1960 1806 inseratur,

1202 1822 1297 1856 quam
1320 1821 1392 1844 cum
1416 1823 1477 1844 non
1499 1810 1688 1845 Trinitatem
1703 1810 1877 1856 glorificare
1889 1823 1955 1845 cre-

1202 1860 1306 1899 datur,
1329 1871 1401 1893 cum
1417 1859 1541 1894 dicunt:
1564 1859 1712 1903 Sanctus,
1734 1868 1873 1901 sanctus,
1888 1872 1959 1895 san-

1203 1916 1284 1952 ctus,
1307 1908 1362 1942 sed
1390 1909 1488 1943 solani
1519 1908 1707 1956 personam?
1740 1908 1829 1951 Quae
1852 1909 1956 1944 iufer—

1202 1958 1282 1992 nalis
1316 1957 1454 1992 haeresis
1482 1959 1522 1992 ita
1551 1958 1717 1993 crudeliter
1740 1967 1772 1992 ut
1796 1971 1849 1993 vos
1871 1959 1959 1993 inve—

1202 2006 1340 2041 recunda
1363 2007 1439 2041 fuit?
1461 2007 1686 2042 Verumtamen
1709 2007 1812 2043 adhuc
1837 2009 1866 2042 in
1899 2008 1957 2043 ista

1201 2056 1415 2091 discurrentes
1438 2057 1573 2091 novitate
1586 2069 1685 2103 usque
1697 2057 1736 2091 ad
1752 2057 1956 2092 fundamenta

1201 2104 1468 2152 blasphemiarum
1485 2106 1542 2140 Dei
1557 2106 1735 2153 pertingitis
1748 2105 1881 2147 Filium,
1894 2106 1958 2141 Pa-

1200 2162 1279 2188 trem
1296 2182 1304 2195 ,
1342 2162 1373 2189 et
1409 2154 1565 2202 Spiritum
1605 2155 1755 2190 Sanctum
1795 2155 1955 2190 dicentes:

1200 2204 1374 2238 Sabellium
1403 2204 1578 2244 sectamini,
1602 2213 1632 2239 et
1659 2204 1879 2240 confusionem
1904 2204 1956 2239 in-

1200 2253 1326 2294 ducitis,
1350 2261 1380 2287 et
1403 2253 1567 2288 Trinitatis
1583 2253 1814 2288 confessionem
1838 2254 1956 2301 pariter

1199 2302 1363 2349 abnegatis
1386 2303 1416 2336 iu
1440 2315 1501 2349 qua
1525 2303 1670 2349 baptizati
1692 2315 1815 2347 sumus,
1837 2311 1868 2337 et
1886 2315 1957 2338 cre-

1200 2351 1305 2386 dimus
1327 2361 1357 2387 et
1379 2351 1524 2386 fatemur.
1547 2352 1629 2394 Quis
1655 2365 1730 2398 ergo
1754 2364 1815 2386 non
1847 2352 1954 2397 lugeat

1199 2401 1269 2435 talia
1286 2401 1429 2435 diceutes
1451 2400 1490 2435 de
1513 2409 1619 2436 sancta
1642 2410 1671 2436 et
1695 2401 1866 2442 inviolabili
1879 2401 1954 2436 Tri-

1201 2451 1318 2484 nitate?
1341 2450 1407 2484 Hoc
1429 2450 1505 2484 milii
1530 2451 1618 2485 valde
1640 2451 1787 2485 convenit
1807 2450 1955 2496 allegare,

1199 2507 1229 2533 et
1251 2500 1390 2546 plantum
1419 2499 1610 2534 sufficienter
1631 2500 1810 2544 ell'undere,
1832 2511 1905 2534 cum
1923 2500 1953 2534 in

1200 2548 1258 2583 hoe
1281 2548 1473 2595 simplicium
1496 2549 1619 2583 animae
1635 2548 1750 2583 suerint
1769 2548 1956 2595 captivatae,

1199 2609 1278 2644 quae
1306 2605 1382 2632 tunc
1404 2610 1469 2632 reni
1493 2598 1646 2645 impiam,
1678 2598 1763 2633 velut
1792 2598 1873 2644 piam
1901 2597 1951 2632 di-

1199 2647 1417 2692 vulgaverunt,
1439 2659 1519 2694 quos
1541 2648 1633 2682 etiam
1659 2647 1834 2681 iudicamus
1850 2654 1955 2681 extra-

1201 2709 1276 2732 neos
1297 2696 1337 2732 ab
1364 2696 1537 2733 orthodoxa
1570 2697 1643 2744 tide,
1669 2696 1873 2746 Ecclesiaque
1899 2708 1956 2732 ca·

1990 311 2042 342 An
2064 312 2094 342 C
2120 309 2173 342 &852

1988 389 2103 412 Dama-tio
2126 390 2171 412 re-

2063 427 2100 447 tii.

1988 630 2016 651 I‘
2021 633 2066 651 trus
2097 631 2172 652 Mani-

1988 665 2048 686 rim-i
2060 683 2065 693 ,
2112 666 2171 688 Pauli

2013 701 2148 722 stimant-rui

2012 743 2032 760 et
2052 739 2147 760 Nestoi-'ii

2019 777 2115 795 set-tator
2125 782 2129 794 :

1982 2209 2036 2232 Item
2055 2216 2075 2234 et
2093 2215 2167 2239 SMLJ.

2054 2250 2087 2272 tii:
