2237 3127
86 289 138 318 An.
153 289 183 317 G.
201 283 269 317 totr'tt

107 410 240 434 (tr-artensem

115 446 236 469 Ecclesiam

84 487 189 514 perpetuo
223 490 266 512 pa

106 517 245 541 trist-etratem

82 553 175 577 futur-am
189 554 268 576 decer--

82 591 150 614 nitur.

113 811 244 834 Omnimudn

83 846 193 869 Ecclesiae
210 848 268 870 eiun-

83 881 132 904 dem
150 890 174 904 nr:
197 882 268 905 borro—

82 924 128 939 rum
177 917 267 940 liber-tu

81 952 107 974 ab
124 954 183 976 omui
195 953 266 976 alieno

81 988 136 1011 iure.

119 1671 261 1701 privilegium

39 1704 44 1708 ⁴
77 1707 180 1738 Popponi
223 1716 265 1739 ptr-

76 1743 188 1766 triurchae
202 1752 263 1766 con-

77 1787 164 1803 cessum
185 1783 262 1804 omui—

76 1822 105 1837 no
124 1816 232 1839 irritatur.

108 1989 232 2013 Anuthemt

78 2029 157 2048 eontra
189 2027 263 2050 viola-

77 2063 139 2084 tor-e!
149 2062 262 2094 privilegii

77 2097 150 2123 butun.

912 307 1108 333 RENEDlCTUS
1134 309 1170 332 lx
1192 309 1243 332 ΡΙ)

299 365 406 411 Petri,
433 372 462 401 et
497 372 622 407 nostra,
645 364 734 400 cuius
762 364 862 399 vicem
895 365 1051 411 gerimus,

300 416 502 459 auctoritate,
531 423 764 450 antecessorum
795 423 973 449 nostrorum
991 415 1053 461 pri-

300 466 414 513 vilegia
450 465 603 500 imitando
634 465 825 512 praedictam
855 464 1051 499 Gradcnsem

300 516 474 551 Ecclesiam
500 522 649 562 perpetua
672 514 838 549 stabilitate
862 514 1053 569 patri¹arrha-

302 574 368 601 tum
396 577 466 600 esse
492 576 671 605 sancimus3
698 563 818 611 tibique
847 564 910 599 illic
932 576 1053 611 praesr-

300 615 398 657 denti,
421 615 547 661 tuisque
568 613 807 648 successoribus
824 622 918 648 totam
935 627 984 647 nrt
989 622 1053 648 tro-

303 665 432 713 politae,
453 672 546 711 atque
570 663 763 710 patriarchae
791 663 928 697 offitium
956 663 1052 698 libere

301 714 515 762 peragendum
538 712 757 753 concedimus
783 720 814 747 et
841 713 880 747 «le
903 726 965 746 om
959 713 1051 747 nibus

300 765 412 800 vestris
433 762 688 811 possessionibus
708 762 933 809 praecipiendo
949 763 1051 796 iuter-

299 814 450 854 dicimus;
478 820 510 846 ut
539 812 647 846 nullus
676 813 869 859 patriarcba.
893 812 1052 859 archiepi-

300 875 428 910 scopus,
458 862 674 909 praepositus,
702 861 854 901 decanus,
877 861 1052 896 vicedomi-

298 925 370 956 nus,
393 912 468 953 dux,
482 911 635 956 marchio,
658 924 776 949 comes,
796 912 984 951 vicecomes,
999 920 1052 945 aut

290 970 424 997 exactor
445 962 576 996 alicuius
599 962 655 1003 rei,
680 974 737 996 nec
760 961 844 995 ullus
871 961 965 995 iudex
990 974 1049 1007 pu-

296 1010 411 1056 blicus,
438 1011 484 1046 vel
508 1011 641 1058 quilibet
668 1024 706 1047 ex
729 1011 865 1046 iudiciali
897 1018 1050 1058 potestate

295 1061 359 1095 vim
383 1061 532 1108 aliquam,
546 1061 594 1096 vel
617 1061 811 1097 invasionem
836 1061 949 1095 inter-re
967 1073 1051 1107 prar-

296 1119 412 1156 sumat,
434 1119 487 1146 aut
513 1111 616 1158 aliquo
639 1112 732 1146 modo
761 1110 937 1146 molestiam
968 1111 1051 1156 iuge-

297 1173 365 1196 rere
385 1161 441 1196 tibi
464 1160 577 1196 Ursoni
603 1162 809 1208 patriarchae,
832 1161 957 1207 tuisque
974 1173 1049 1195 suc-

296 1211 488 1256 cessoribus,
510 1212 576 1246 sive
600 1212 631 1246 in
655 1212 807 1251 ecclesiis,
836 1220 866 1245 et
890 1210 1048 1258 plebibus,

295 1272 351 1295 seu
378 1260 408 1295 in
444 1261 591 1307 familiis,
619 1262 650 1296 in
684 1262 822 1302 colonis,
857 1261 972 1305 servis,
1001 1261 1047 1294 vel

295 1311 478 1357 mancipiis,
507 1324 542 1346 ac
573 1311 719 1358 reliquis,
742 1323 823 1359 quae
850 1323 946 1357 super
964 1310 1049 1345 eius-

295 1359 366 1395 dem
395 1360 556 1396 Ecclesiae
578 1363 671 1396 terris
698 1369 837 1396 manent.
868 1360 932 1395 Sed
960 1361 1045 1394 omui

294 1408 374 1455 iure,
396 1418 427 1445 et
448 1418 557 1446 tenore
576 1414 620 1456 (l)
641 1410 816 1446 Gradensis
844 1410 1004 1444 Ecclesiae
1031 1423 1045 1444 a

294 1459 484 1506 patriarchis
507 1473 592 1496 nunc
614 1470 645 1496 et
667 1473 793 1508 semper
820 1460 938 1494 ibidem
964 1472 1049 1506 prae-

293 1508 473 1545 sidentibus
508 1510 627 1551 libere,
666 1524 746 1558 quae
781 1510 1046 1557 praelibavimus,

293 1558 414 1606 absque
436 1559 531 1594 ullius
553 1560 753 1595 infestatione
780 1560 984 1602 retineantur,
1012 1572 1048 1594 ac

292 1616 449 1656 perpetuo
475 1610 543 1644 iure
579 1610 812 1658 possideantur.
843 1609 1046 1655 privilegium

291 1669 378 1699 vero,
407 1659 493 1706 quod
519 1659 578 1707 Po
571 1673 633 1708 ipo
665 1659 894 1694 Foroiulitusis
923 1672 993 1705 prrei
988 1659 1045 1692 sul

292 1707 332 1743 de
369 1708 568 1744 subiectione
607 1709 781 1744 Gradeusis
817 1709 1046 1755 patriarcwlrrtus

291 1756 512 1794 fraudulenter
537 1759 576 1794 ab
592 1759 651 1794 bac
672 1759 746 1794 sede
772 1766 963 1793 consecutus
988 1767 1045 1802 est,

294 1807 367 1854 quia
386 1808 472 1843 nulla
500 1809 530 1843 id
552 1809 704 1844 canonica
727 1809 883 1843 munitum
907 1809 1047 1842 auctori-

291 1864 355 1892 tate
392 1857 614 1900 decernimus,
648 1858 854 1893 residentium
879 1857 1044 1892 nobiscum

291 1907 519 1942 venerabilium
557 1908 689 1943 fratrum
725 1908 874 1943 auctorali
913 1919 1046 1941 censura

291 1958 527 2004 corrumpendo
555 1958 681 2005 penitus
708 1958 838 1992 omuino
868 1957 1046 2003 corrumpi-

292 2017 376 2051 mus,
397 2015 428 2041 et
447 2019 647 2043 evacuamus.
671 2007 704 2042 Si
730 2008 802 2054 quis
824 2019 898 2053 ergo
921 2014 1045 2041 nostro-

291 2067 361 2090 rum
391 2069 611 2092 successorum
642 2057 689 2091 vel
712 2058 843 2092 aliorum
866 2056 1042 2103 aliquorum

291 2104 458 2141 hominum
488 2115 594 2142 contra
629 2107 724 2141 buius
753 2115 877 2141 nostrae
907 2118 1046 2140 conces—

292 2155 393 2191 sionis
413 2168 450 2191 ac
464 2157 714 2192 confirmationis
738 2157 934 2203 privilegium
953 2168 1045 2201 agere

292 2207 559 2253 praesumpserit
585 2214 639 2241 aut
666 2205 944 2261 praesumentibus
966 2218 1044 2240 (on-

292 2256 439 2300 senserit,
468 2259 515 2291 vel
541 2257 646 2291 fautor
673 2256 824 2299 extiterit,
843 2264 873 2290 et
899 2268 960 2289 non
987 2268 1046 2302 po-

291 2305 356 2339 tius
374 2305 569 2341 observare
563 2320 593 2340 iu
618 2307 773 2351 integrum
788 2305 954 2344 studuerit
969 2305 1046 2339 sciat

292 2366 326 2389 se
358 2356 542 2391 auctoritate
581 2355 662 2390 beati
704 2355 788 2389 Petri
829 2354 1045 2402 apostolorum

293 2405 469 2453 principis,
503 2414 534 2441 et
566 2406 725 2440 caelorum
754 2405 840 2451 regui
876 2404 1045 2450 clavigeri,

292 2463 463 2502 nostraque
484 2455 692 2490 anathematis
722 2455 845 2489 vinculo
869 2466 938 2489 esse
958 2455 1047 2488 inuo-

291 2503 413 2546 datum,
440 2513 470 2540 et
491 2518 506 2540 a
530 2518 626 2552 reguo
648 2504 707 2539 Dei
734 2505 924 2545 alienatum,
951 2513 1045 2550 atque

292 2565 364 2589 cum
398 2554 523 2590 diabolo
557 2555 652 2590 veluti
680 2562 892 2600 transgressor
918 2562 1047 2588 saucto—

292 2616 362 2639 rum
378 2603 508 2639 Patrum
523 2605 592 2640 sine
607 2606 666 2639 linc
681 2603 875 2638 damnatum.
891 2603 954 2645 Qui
972 2616 1045 2638 vero

292 2662 400 2690 custos
433 2663 463 2689 et
488 2655 670 2690 observator
697 2654 792 2690 liuius
825 2654 925 2689 nostri
947 2653 1047 2702 privi-

326 2712 368 2750 (1)
382 2713 452 2749 Lege
468 2716 595 2746 tempore.

1733 293 1804 328 567
1878 284 1929 312 An.
1949 284 1978 312 c.
1996 281 2065 313 roms

1094 365 1164 412 legii
1188 362 1346 401 extiterit
1375 360 1631 397 benedictionem
1659 367 1689 395 et
1716 359 1849 406 gratiam

1093 428 1109 449 a
1133 415 1214 450 iusto
1230 413 1332 448 tudier
1347 413 1486 447 Domino
1511 420 1616 446 nostro
1633 410 1702 445 Iesu
1723 409 1852 445 Christo

1094 465 1156 503 hic
1180 472 1210 499 et
1238 465 1267 498 in
1297 471 1459 498 aeteruum
1482 461 1635 508 constqui
1659 467 1829 495 mereatur.

1143 515 1304 569 Scriptum
1334 525 1388 559 per
1408 524 1520 546 manus
1546 511 1625 555 Ser
1617 510 1649 543 ri
1683 509 1850 551 scriniarii,

1094 573 1125 600 et
1147 564 1257 599 notarii
1281 563 1359 597 sacri
1383 562 1479 596 nostri
1497 538 1717 595 Lateraitensis
1732 559 1850 606 palatii,

1095 627 1203 649 mense
1225 613 1328 661 aprili
1352 612 1460 646 indict
1480 624 1540 645 xri
1564 611 1650 645 Bene
1670 609 1779 644 valete.

1095 665 1161 711 Ego
1183 664 1316 698 Ioannes
1337 662 1372 696 5.
1398 660 1622 696 lavicanensis
1644 659 1729 694 Eccl.
1747 659 1849 706 episc.
1878 677 1985 708 ερςεορῑ
2024 679 2062 709 qur

1144 714 1282 755 lllOEl'fUl,
1304 720 1334 746 Gi.
1356 712 1463 746 SlleC.
1878 713 1929 736 hnic
1948 722 1981 744 prr
1977 713 2065 745 vrlegio

1094 764 1160 811 Ego
1192 762 1353 798 Tedaldus
1381 759 1570 795 Albaneusis
1602 759 1725 794 Eccles.
1749 758 1849 806 episc.
1903 749 2044 810 ⁵”b‡‡2⁵‘¹{⁸⁰‘

1143 813 1280 853 interfui
1309 819 1339 846 et
1360 810 1545 856 subscripsi.

1092 863 1159 909 Ego
1180 863 1313 897 Ioannes
1335 861 1368 896 S
1394 859 1577 894 Portuensis
1599 859 1723 894 Eccles.
1746 858 1846 905 episc.

1144 912 1283 955 interfui,
1307 920 1334 945 et
1357 924 1398 945 ss.

1093 962 1159 1009 Ego
1187 962 1320 997 loannes
1341 959 1615 995 praenestinensis
1636 958 1723 993 Eccl.
1746 958 1844 1005 episc.

1144 1011 1282 1050 interfui„
1306 1019 1335 1045 et
1357 1023 1398 1045 ss.

1091 1062 1161 1108 Ego
1194 1061 1386 1096 Benedictus
1412 1059 1570 1094 Ostiensis
1598 1059 1768 1106 episcopus
1799 1057 1850 1092 iu-

1142 1112 1247 1156 tersui,
1270 1120 1300 1146 et
1326 1124 1368 1145 ss.

1091 1162 1159 1209 Ego
1182 1162 1317 1196 Amatus
1338 1159 1536 1195 Vellitrensis
1563 1158 1735 1206 episcopus
1755 1157 1849 1192 iuter-

1142 1212 1198 1248 sui.
1222 1219 1252 1245 et
1274 1224 1315 1246 ss.

1091 1261 1161 1308 Ego
1187 1261 1303 1296 Rouizo
1327 1259 1540 1295 Tuscaneusis
1567 1259 1739 1306 episcopus
1756 1257 1850 1292 inter-

1142 1312 1199 1349 fui,
1227 1319 1257 1345 ct
1285 1324 1326 1345 ss.

1089 1361 1158 1408 Ego
1189 1361 1351 1395 Honestus
1377 1358 1652 1406 Foropopiliensis
1675 1357 1847 1405 episcopus

1141 1411 1281 1449 interfui,
1306 1418 1333 1444 et
1362 1422 1404 1443 55.

1089 1460 1157 1507 Ego
1183 1461 1283 1495 Adam
1311 1458 1648 1505 Forosemproniensis
1680 1457 1850 1505 episcopus

1142 1514 1281 1558 interfui,
1309 1522 1340 1549 et
1361 1526 1403 1548 ss.

1092 1569 1159 1616 Ego
1199 1569 1403 1605 Crescentins
1437 1566 1470 1602 S.
1508 1566 1653 1601 Ruffinae
1686 1565 1850 1601 Ecclesiae

1140 1624 1279 1664 interfui,
1308 1632 1336 1657 et
1360 1636 1402 1657 ss.

1090 1678 1159 1725 Ego
1191 1678 1273 1713 Vitlo
1307 1677 1524 1712 Humanensis
1546 1676 1716 1724 episcopus
1749 1675 1849 1711 inter-

1141 1733 1199 1776 fui,
1217 1741 1247 1767 ct
1268 1745 1311 1767 ss.

1090 1787 1159 1833 Ego
1181 1787 1326 1821 Andreas
1346 1785 1522 1821 Perusinus
1543 1784 1715 1832 episcopus
1746 1784 1849 1819 inter-

1142 1841 1199 1879 sui,
1224 1849 1253 1876 et
1275 1854 1318 1875 ss.

1089 1895 1160 1942 Ego
1187 1895 1327 1931 Ubertus
1360 1894 1528 1930 Sasenates
1559 1892 1724 1928 Ecclesiae
1745 1893 1844 1941 episc.

1142 1950 1281 1989 interfui,
1304 1958 1334 1984 et
1356 1962 1397 1984 ss.

1090 2004 1158 2051 Ego
1180 2005 1344 2039 Arduiuus
1372 2003 1562 2038 Feretranus
1583 2002 1727 2050 episcop.
1752 2002 1847 2038 inter-

1141 2058 1196 2102 fui,
1218 2067 1249 2093 et
1271 2071 1314 2093 ss.

1091 2113 1156 2159 Ego
1186 2110 1369 2148 Teudaldus
1405 2112 1438 2147 S.
1471 2111 1643 2146 Marianen.
1673 2111 1843 2160 episcopus

1140 2167 1278 2208 interfui,
1306 2175 1336 2201 et
1363 2179 1405 2201 ss.

1088 2220 1158 2268 Ego
1185 2221 1319 2256 Ioannes
1334 2221 1368 2256 5.
1392 2220 1578 2256 Sabiuensis
1599 2220 1762 2256 Ecclesiae
1784 2221 1849 2269 epi-

1138 2288 1254 2322 scopus
1276 2275 1416 2320 iuter-sui,
1444 2283 1475 2310 et
1496 2288 1538 2309 ss.

1090 2329 1157 2375 Ego
1189 2330 1408 2365 Tlreudericus
1447 2329 1640 2365 Urbinensis
1674 2329 1844 2377 episcopus

1111 2403 1115 2407 -
1139 2384 1278 2426 interfui,
1301 2393 1332 2419 et
1345 2397 1388 2419 ss.

1089 2439 1157 2485 Ego
1184 2439 1377 2474 Benedictus
1404 2439 1647 2474 archidiaconus
1673 2438 1707 2473 S.
1736 2438 1776 2472 R.
1805 2438 1844 2473 E.

1138 2503 1167 2528 et
1190 2493 1408 2528 vicedominus
1431 2493 1570 2534 interfui,
1593 2500 1623 2528 et
1646 2505 1687 2527 ss.

1089 2547 1158 2594 Ego
1185 2547 1318 2582 Ioannes
1339 2547 1600 2582 archicanonicus
1621 2554 1652 2581 et
1672 2546 1847 2594 archipres-

1138 2602 1227 2650 byter
1252 2601 1392 2642 interfui7
1411 2609 1442 2636 et
1463 2614 1505 2636 ss.

1110 2658 1216 2700 Script.
1241 2669 1342 2690 meuse
1365 2659 1483 2699 aprilis,
1505 2668 1581 2688 auno
1603 2658 1719 2689 Domini
1739 2659 1827 2697 1044,

1276 2705 1378 2746 pontis.
1396 2704 1505 2735 Bened.
1523 2713 1600 2735 anno
1617 2712 1657 2734 xr-
