2237 3127
169 324 219 349 ΛΗ.
242 323 269 350 C.
298 324 349 350 (249

168 658 241 680 loanni
252 658 349 679 remmit-

167 698 227 722 rtur,
253 698 275 715 ut
302 702 347 723 ctu,

167 731 202 759 «pii
230 729 255 750 nd
284 729 347 751 fidem

167 765 258 787 rcdvunt
275 767 294 787 in
309 773 347 786 sun

167 800 242 821 ordina
267 800 348 822 (unfit-

167 842 221 862 ιιιείς

167 1243 209 1263 Nini
239 1243 347 1264 contraria

181 1314 219 1335 ltus
247 1314 332 1336 obstent

189 1353 287 1379 peccata.

165 1706 262 1724 <iniimus
290 1703 347 1723 Pin<

165 1741 215 1761 ttsrx
247 1738 348 1759 defensor

165 1781 185 1796 et
209 1778 281 1795 custos
306 1781 347 1794 ro-

167 1818 179 1832 n
183 1819 232 1831 [[[[[
234 1818 258 1832 Π.

165 1872 253 1900 Quando
266 1876 287 1893 et
299 1880 347 1893 cuni

164 1909 241 1938 quibus
259 1908 348 1937 ‹li-pen>

167 2096 243 2117 [adem
281 2103 346 2116 curn-

166 2136 233 2153 ntxttit

166 2167 235 2189 vend·

276 2131 349 2152 atser-

263 2167 284 2188 in
313 2174 349 2188 eos

167 2203 202 2231 qui
230 2206 280 2231 post
308 2203 350 2222 50-

167 2238 252 2267 phrouii
266 2237 350 2258 obitum

167 2273 259 2295 ordinati
289 2277 348 2295 sunt.

172 2510 261 2538 Quando
280 2518 291 2532 a
316 2518 351 2532 aa·

170 2547 212 2568 sris
230 2546 350 2568 canonibus

170 2582 350 2611 dispensandum.

437 317 506 352 19ss

379 382 454 417 huie
476 381 507 415 in
530 390 653 413 murum
675 387 807 412 aeneum
834 376 944 411 fortem
966 377 1016 420 (α).
1038 375 1120 417 Qua-

381 438 509 478 propter
529 428 555 462 si
590 427 693 461 virtuti
716 426 833 473 gratiae
863 433 999 460 mentem
1027 425 1121 460 obse-

379 486 525 526 quentem
548 476 719 520 habebunt,
742 483 772 510 et
787 474 984 510 obedientem
1001 474 1120 518 aurem,

379 536 411 562 ut
434 526 690 574 persuadeantur,
720 533 750 559 et
771 524 898 559 audiant
919 536 1027 558 vocem
1054 523 1121 558 Do-

378 577 467 617 mini,
500 583 533 610 ut
568 587 640 610 eum
672 587 728 620 per
755 585 858 608 veram
891 572 1118 607 confessionem

377 632 584 671 cognoscant;
606 624 756 659 confirma
778 634 1035 669 unumquemque
1059 634 1120 656 eo-

378 687 446 709 rum
463 675 493 709 in
509 674 634 721 proprio
645 673 754 707 ordine
765 672 897 718 scriptos
908 671 1030 706 libellos
1044 672 1120 718 ipsis

378 723 574 759 ‹lantibusde
586 722 755 757 orthodoxa
772 721 841 756 fide:
859 728 892 755 ut
904 720 1039 755 fructum
1052 721 1119 755 Deo

378 774 476 808 serant
497 773 628 808 aliorum
657 771 918 809 conversionem,
952 778 982 804 et
1009 770 1119 805 melio-

377 823 548 866 rationem,
575 830 667 868 atque
698 828 729 855 ut
753 819 885 855 multum
913 819 1046 854 fructum
1071 819 1120 854 af-

377 872 528 917 ferentes,
550 871 666 906 maiore
687 883 703 905 a
726 870 793 905 Deo
816 869 934 904 honore
955 868 1041 915 digni
1063 868 1119 903 ha-

377 921 521 957 beantur.
548 921 617 955 Hoe
631 920 723 954 etiam
746 919 874 954 omnino
896 918 1034 953 advertet
1051 918 1119 953 cha-

377 971 451 1006 ritas
473 978 523 1005 tua
543 971 572 1005 in
595 970 642 1010 iis,
664 969 717 1016 qui
739 968 779 1004 ab
800 968 866 1015 ipsa
882 968 1117 1009 confirmantur,

375 1028 428 1054 aut
448 1020 617 1066 eliguntur,
639 1030 678 1052 ne
705 1017 875 1065 quomodo,
904 1025 1026 1064 praeter
1052 1017 1118 1052 lize-

376 1070 482 1111 resim,
510 1081 590 1116 quae
611 1067 650 1102 ab
672 1067 749 1114 ipsis
775 1067 846 1101 dato
869 1066 973 1101 libello
994 1078 1119 1101 evacua-

375 1126 441 1158 tur,
476 1118 532 1152 alia
562 1117 713 1164 quaedam
742 1123 866 1162 peccata
893 1124 966 1150 nota
998 1128 1118 1151 canone

375 1180 484 1202 eorum
506 1166 689 1214 impediant,
712 1165 759 1199 vel
775 1164 1043 1199 confirmationem
1071 1165 1116 1199 vel

375 1217 570 1251 electionem.
593 1213 790 1262 Impossibile
812 1214 895 1248 enim
917 1222 964 1248 est
985 1226 1020 1248 ea
1041 1225 1120 1248 con-

376 1274 481 1313 tegere
503 1265 550 1300 vel
569 1264 805 1313 pretermittere,
827 1275 906 1309 quae
925 1263 1117 1297 convenien-

376 1323 437 1350 tem
461 1315 562 1350 locum
590 1313 780 1348 defensionis
807 1324 867 1346 non
896 1312 1026 1346 hahent:
1062 1312 1115 1346 sed

377 1365 506 1399 omnino
533 1364 565 1398 in
596 1364 649 1407 iis,
676 1363 728 1410 qui
755 1361 889 1396 libenter
916 1369 1060 1408 peccant,
1087 1369 1117 1396 et

375 1421 480 1449 amant
501 1425 642 1461 peccare,
663 1412 820 1457 denegare
846 1418 969 1458 oportet
989 1423 1057 1445 eam
1071 1423 1117 1445 ve-

376 1463 471 1508 niam,
497 1475 576 1510 quae
597 1462 629 1496 in
650 1460 830 1496 huiusmodi
853 1460 992 1506 lapsibus
1013 1472 1050 1494 ex
1065 1459 1117 1494 di-

377 1512 577 1559 spensatione
603 1511 707 1545 datur:
736 1521 773 1544 ne
800 1517 830 1543 et
845 1509 902 1556 ipsi
926 1516 1051 1556 propter
1065 1521 1117 1544 ca-

377 1561 470 1596 nonis
495 1568 687 1596 contemtum
717 1559 851 1606 amplius
877 1565 1061 1605 graventur,
1088 1568 1117 1593 et

379 1623 436 1645 nos
468 1610 500 1644 in
537 1610 628 1657 culpa
660 1609 759 1643 simus
796 1608 908 1642 iniuste
934 1607 1044 1653 agendi
1078 1607 1117 1642 iis

375 1659 533 1694 licentiam
556 1658 781 1706 permittentes.
816 1656 1005 1691 Defensores
1032 1656 1116 1691 enim

376 1708 552 1743 divinorum
582 1719 736 1742 canonum
755 1713 785 1740 et
814 1706 961 1741 custodes
993 1718 1114 1744 sumus,

376 1770 439 1793 non
462 1756 737 1804 praevaricatores:
761 1754 1015 1802 quandoquidem
1032 1767 1119 1802 prae-

375 1806 616 1842 varicationibus
649 1805 835 1840 coniunctae
870 1804 1035 1839 manifesto
1066 1817 1118 1839 re-

377 1856 563 1892 tributiones
584 1862 667 1890 sunt.
695 1854 796 1889 Cuius
817 1854 860 1888 rei
887 1853 983 1900 gratia
1005 1853 1117 1888 horta-

376 1918 447 1940 mur
460 1917 611 1940 canonem
627 1903 783 1939 observari
803 1903 833 1937 in
853 1903 902 1944 iis,
925 1903 976 1949 qui
996 1912 1117 1950 praeter

377 1962 513 1990 mentem
536 1962 567 1989 et
592 1954 755 1988 scientiam
783 1953 904 1999 seipsos
936 1952 1116 1998 elegerunt,

376 2004 423 2039 vel
445 2004 556 2039 delecti
571 2011 644 2038 sunt
662 2003 692 2037 in
716 2002 899 2049 patriarchia
923 2001 1031 2036 beatae
1049 2015 1117 2036 me-

377 2053 494 2088 moriae
518 2052 699 2099 Sophronii.
735 2051 797 2093 Qui
819 2063 894 2086 sane
917 2059 987 2086 ante
1018 2051 1117 2098 ipsius

377 2102 612 2150 patriarchiam,
638 2101 683 2136 vel
706 2109 777 2148 post
797 2100 960 2135 decessum
988 2100 1018 2135 in
1050 2101 1118 2136 Do—

376 2152 474 2192 mino,
490 2164 505 2186 a
516 2150 703 2198 quibusdam
717 2162 778 2185 non
793 2150 1013 2185 convenienter
1027 2150 1115 2185 electi

375 2209 449 2236 sunt
470 2208 598 2248 propter
630 2200 805 2246 angustiam
838 2203 888 2244 (ut
909 2199 1027 2234 dictum
1054 2203 1115 2241 est)

375 2250 538 2297 temporis,
564 2249 612 2284 vel
636 2249 719 2295 quod
738 2250 806 2283 eius
826 2248 915 2296 eopia
938 2256 1000 2284 non
1023 2258 1116 2294 esset,

375 2300 429 2347 qui
454 2298 570 2334 iudicio
609 2298 750 2333 adhibito
779 2298 844 2333 sive
870 2299 953 2333 iuxta
979 2310 1117 2334 canones

375 2348 490 2395 eligere
502 2347 642 2392 deberet,
663 2347 710 2382 vel
726 2347 919 2393 permittere,
946 2348 1023 2382 tales
1037 2347 1117 2383 datis

376 2397 500 2445 scriptis
521 2396 636 2432 libellis
653 2396 828 2433 confirmari
847 2396 1032 2431 mandamus
1050 2398 1118 2432 nul-

375 2447 496 2482 latenus
531 2445 603 2481 inde
640 2445 752 2481 canoni
790 2446 984 2492 praeiudicio
1023 2447 1114 2482 sacto.

378 2496 472 2531 Novit
492 2495 575 2531 enim
602 2507 703 2530 canon
729 2494 913 2529 afflictorum
939 2502 1116 2542 temporum

376 2544 650 2592 persecutionibus
675 2544 795 2579 veniam
818 2544 969 2587 tribuere,
996 2546 1026 2580 in
1045 2546 1117 2592 qui-

375 2594 435 2630 bus
461 2601 661 2641 contemptus
682 2606 744 2629 non
768 2594 937 2641 praecessit
958 2595 1117 2641 praevari—

374 2644 530 2680 cationem
548 2643 756 2690 redarguens:
773 2643 827 2679 sed
849 2644 991 2691 angustia
1005 2644 1116 2693 magis,

407 2702 449 2741 (α)
462 2703 576 2733 fflerem.
595 2704 640 2732 ¹5.

1000 321 1190 345 normanum
1215 320 1380 345 Romamn!

1164 383 1194 409 et
1216 374 1358 422 penuria,
1380 385 1460 422 qnae
1475 381 1603 421 propter
1627 373 1856 417 necessitatem,
1878 383 1910 412 et

1163 437 1201 459 ex
1225 424 1439 459 misericordia
1460 424 1544 469 cogit
1566 424 1697 459 multam
1712 424 1906 471 diligentiam

1165 474 1420 520 praetermittere.
1455 473 1518 507 Sed
1547 473 1625 507 haec
1650 473 1690 507 de
1722 473 1801 509 istis.
1830 474 1908 509 Eius

1164 535 1249 564 vero,
1270 523 1321 570 qui
1345 522 1421 557 falso
1437 522 1638 569 episcopatus
1655 522 1714 557 sibi
1734 535 1847 557 nomen
1869 524 1910 558 af-

1164 572 1264 613 finxit,
1287 572 1468 607 Macedonis
1494 571 1584 616 dieo,
1612 572 1807 618 importunas
1833 572 1908 607 lite-

1165 633 1267 656 rarum
1290 622 1391 656 minas
1416 621 1481 655 sive
1504 621 1759 666 protestationem
1788 621 1908 657 sortiter

1163 670 1328 717 despuito,
1356 678 1389 704 ut
1423 669 1522 704 rabidi
1555 670 1663 713 canis,
1690 678 1721 705 et
1752 672 1908 706 temerarii

1163 720 1325 760 latratum,
1351 719 1531 754 auscultans
1556 719 1584 753 ei
1612 720 1663 766 qui
1686 719 1778 754 dicit:
1806 719 1909 756 Nolite

1162 769 1271 804 timere
1287 769 1490 816 opprobrium
1518 768 1693 813 hominum,
1715 776 1744 803 et
1762 778 1909 804 contem-

1163 826 1215 864 ptu
1237 830 1344 853 eorum
1369 830 1407 852 ne
1429 817 1598 852 vincamini
1622 820 1672 862 (a).
1708 818 1801 854 Hunc
1822 819 1906 854 enim

1162 868 1345 915 episcopum
1368 867 1519 901 catholica
1542 867 1682 902 Ecclesia
1706 867 1791 902 nullo
1813 868 1908 903 modo

1163 918 1257 958 novit,
1285 929 1347 951 non
1374 916 1475 951 solum
1499 916 1585 963 quod
1612 916 1638 951 is
1661 923 1783 963 praeter
1810 929 1907 952 cano-

1163 979 1217 1001 nes
1238 967 1268 1001 in
1292 974 1418 1000 externa
1441 965 1567 1012 regione
1589 965 1656 1001 sine
1679 978 1850 1005 consensu,
1876 975 1907 1002 et

1161 1015 1279 1062 absque
1304 1015 1368 1050 ullo
1391 1023 1476 1050 certo
1498 1015 1636 1059 decreto,
1663 1015 1745 1050 hanc
1772 1015 1832 1050 sibi
1848 1017 1921 1063 ap-'

1163 1065 1363 1112 pellationem
1385 1062 1561 1112 usurpavit,
1585 1064 1641 1099 sed
1668 1072 1698 1100 et
1719 1065 1802 1112 quod
1825 1077 1906 1100 con-

1161 1114 1274 1148 sentiat
1301 1114 1475 1153 haereticis,
1502 1114 1555 1161 qui
1577 1114 1743 1149 haereseos
1764 1126 1841 1149 suae
1856 1126 1909 1162 ap-

1162 1164 1337 1209 pendicem,
1359 1164 1427 1197 eius
1441 1163 1626 1198 electionem
1645 1176 1699 1211 per
1711 1171 1904 1198 contemtum

1162 1212 1382 1247 tumultuariae
1404 1212 1561 1247 fecerunt:
1584 1213 1852 1259 quemadmodum
1875 1221 1906 1247 et

1161 1261 1262 1305 Petri,
1284 1262 1336 1308 qui
1363 1261 1402 1295 ab
1424 1261 1462 1295 iis
1489 1262 1669 1296 nominatus
1695 1269 1742 1296 est
1763 1269 1792 1296 et
1819 1262 1906 1296 assi-

1160 1310 1285 1345 milatus
1313 1310 1482 1357 episcopus
1514 1310 1746 1355 Alexandriae,
1780 1318 1815 1345 ut
1850 1323 1906 1358 per

1161 1359 1276 1406 plures,
1298 1367 1328 1394 et
1342 1359 1550 1407 atlscriptitias
1569 1371 1728 1407 personas,
1751 1360 1905 1395 haeresim

1160 1421 1246 1443 suam
1276 1409 1476 1444 munitiorem
1509 1409 1617 1456 ntique
1643 1409 1785 1454 reddant,
1808 1422 1901 1457 quam

1160 1470 1221 1492 una
1243 1470 1314 1493 cum
1337 1458 1414 1505 ipsis
1430 1458 1460 1493 in
1485 1458 1732 1505 praesentiarum
1754 1459 1906 1494 canonice

1160 1506 1209 1541 hic
1255 1515 1286 1542 et
1330 1507 1523 1554 synodaliter
1562 1507 1906 1543 anathematizavimus.

1159 1556 1361 1591 Theodorum
1395 1556 1560 1602 videlicet,
1595 1556 1649 1603 qui
1690 1556 1811 1592 Pharan
1834 1559 1908 1604 epi-

1159 1617 1274 1651 scopus
1296 1606 1369 1647 fuit,
1392 1614 1422 1640 et
1443 1605 1579 1652 Cyrum,
1600 1606 1653 1652 qui
1681 1606 1905 1649 Alexandriae,

1160 1663 1188 1688 et
1203 1654 1365 1701 Sergium,
1381 1655 1433 1701 qui
1450 1655 1759 1702 Constantinopolis,
1772 1656 1905 1703 eiusque

1159 1716 1356 1739 successores
1379 1704 1550 1751 Pyrrhum,
1572 1712 1603 1739 et
1630 1704 1778 1749 Paulum,
1800 1712 1831 1740 et
1852 1718 1906 1741 eos

1160 1753 1213 1800 qui
1235 1753 1349 1788 similia
1372 1753 1449 1800 ipsis
1470 1761 1653 1797 senserunt,
1672 1762 1725 1788 aut
1748 1755 1906 1799 sentiunt,

1161 1803 1207 1837 vel
1229 1803 1381 1843 sentient,
1400 1811 1429 1838 et
1452 1815 1551 1850 usque
1574 1803 1604 1837 in
1627 1803 1722 1838 finem
1745 1815 1807 1838 non
1827 1816 1905 1851 poe-

1160 1852 1327 1892 nituerint,
1349 1860 1401 1886 aut
1417 1865 1450 1887 se
1465 1852 1676 1891 correxerint.-
1697 1853 1813 1899 quibus
1834 1866 1905 1888 cum

1159 1910 1189 1936 et
1204 1911 1310 1949 typum
1325 1914 1404 1948 quae
1419 1915 1457 1936 ex
1480 1903 1682 1948 suggestione
1704 1902 1802 1949 ipsius
1816 1902 1905 1937 Pauli

1161 1963 1260 1998 nuper
1282 1950 1360 1985 facta
1374 1959 1422 1985 est
1435 1959 1543 1986 contra
1558 1952 1767 1997 integritatem
1780 1959 1906 1987 nostrae

1160 2000 1347 2035 christianae
1385 2000 1476 2042 fidei;
1509 2001 1696 2036 definientes
1730 2009 1764 2036 ut
1797 2001 1906 2049 utique

1159 2061 1269 2084 omnes
1285 2049 1450 2084 orthodoxi
1468 2050 1517 2097 pie
1535 2050 1671 2085 sentiant
1685 2057 1716 2085 et
1730 2050 1905 2085 confitean-

1160 2107 1226 2143 tur,
1242 2100 1324 2134 sicut
1339 2099 1534 2134 tradiderunt
1552 2099 1643 2134 nobis
1660 2100 1820 2147 praecipui
1841 2099 1906 2135 Ec-

1159 2149 1271 2183 clesiae
1287 2148 1413 2189 Patres,
1432 2156 1462 2183 et
1473 2156 1598 2184 sanctae
1611 2149 1800 2184 universales
1812 2149 1909 2196 quin-

1159 2210 1219 2245 que
1241 2197 1363 2246 synodi,
1391 2197 1472 2233 idest
1486 2198 1564 2233 duas
1581 2198 1741 2239 eiusdem,
1763 2199 1906 2234 etunius

1158 2247 1285 2282 Domini
1307 2259 1343 2282 ac
1364 2247 1422 2281 Dei
1446 2248 1543 2282 nostri
1565 2247 1636 2283 Iesu
1657 2247 1774 2282 Christi
1793 2260 1904 2282 secun-

1159 2297 1233 2331 dum
1252 2296 1433 2344 hypostasin
1457 2297 1559 2332 unitas
1580 2296 1745 2332 inconfuse
1771 2305 1802 2332 et
1827 2297 1908 2332 indi-

1160 2346 1222 2381 vise
1244 2354 1389 2390 naturas,
1411 2358 1448 2380 ex
1467 2346 1583 2393 quibus
1600 2354 1631 2381 et
1647 2346 1678 2381 in
1695 2346 1812 2394 quibus
1825 2358 1906 2382 con-

1159 2403 1232 2430 stat:
1255 2395 1395 2442 duasque
1418 2395 1502 2430 iuxta
1525 2404 1665 2431 naturam
1688 2396 1905 2443 operationes,

1159 2457 1194 2480 ac
1216 2444 1292 2479 duas
1319 2445 1404 2479 iuxta
1432 2453 1574 2481 naturam
1603 2445 1797 2490 voluntates,
1818 2444 1902 2479 divi-

1160 2506 1250 2533 nam,
1283 2501 1313 2529 et
1345 2494 1533 2536 humanam,
1570 2495 1600 2530 in
1634 2507 1719 2537 uno,
1740 2502 1771 2529 et
1791 2494 1905 2530 eodem

1160 2543 1403 2578 connaturaliter
1439 2545 1557 2586 unitas,
1580 2552 1611 2579 et
1637 2551 1788 2588 servatas,
1823 2556 1905 2591 quae

1161 2601 1193 2628 ut
1226 2601 1396 2639 cognoscat
1432 2601 1485 2628 tua
1519 2594 1549 2628 in
1583 2593 1722 2628 Domino
1759 2592 1908 2639 spiritalis

1160 2642 1302 2683 dilectio,
1323 2654 1360 2678 ac
1377 2654 1434 2690 per
1450 2651 1479 2678 te
1494 2655 1620 2686 omnes,
1642 2654 1722 2692 quae
1742 2642 1814 2678 istic
1833 2649 1909 2678 suut

1196 2703 1236 2741 (α)
1256 2704 1326 2731 Esai.
1344 2704 1388 2738 tta,
1409 2704 1482 2731 iuxta
1498 2712 1566 2732 Lxx.

1933 310 1984 338 An.
2008 310 2035 338 C.
2061 312 2112 339 649

2069 521 2116 542 Ma-
2235 522 2237 537 ¹

2049 564 2115 586 pseu-
2232 545 2237 583 l

1959 593 2100 623 ilo-episcopi
2236 587 2237 592 ¹

1934 629 2089 652 Anthioehcni.

1935 522 1964 543 De
1983 528 2046 542 causa

1934 557 2020 579 cmlnu'ti

1937 1252 2016 1273 Eadem
2033 1250 2059 1272 tl·
2077 1251 2118 1272 Pe-

1937 1290 1970 1308 tro
1996 1286 2021 1308 ab
2044 1286 2120 1309 haut-e-

1936 1323 1987 1344 tit-is
2024 1323 2117 1344 Alexan-

1936 1361 1996 1382 driae
2013 1361 2113 1391 episcop.

1937 1397 2058 1420 nominato.

1970 1576 2080 1599 Haeretici
2098 1577 2120 1599 iu

1959 1612 2098 1636 Lateranonsi

1936 1648 2019 1678 synodo
2037 1657 2048 1671 a
2065 1650 2121 1672 Mar-

1937 1686 1982 1707 tino
2000 1687 2042 1708 Pr.
2065 1694 2120 1709 ana—

1937 1721 2079 1744 itit-mutiunt.

1937 2053 2027 2075 Deci-ota
2045 2053 2066 2075 in
2083 2060 2119 2075 ea-

1936 2088 1984 2111 dem
1998 2088 2089 2118 synodo.
