<?xml version="1.0" encoding="UTF-8"?>
<!DOCTYPE html PUBLIC "-//W3C//DTD XHTML 1.0 Transitional//EN"
    "http://www.w3.org/TR/xhtml1/DTD/xhtml1-transitional.dtd">
<html xmlns="http://www.w3.org/1999/xhtml" xml:lang="en" lang="en">
 <head>
  <title>
</title>
<meta http-equiv="Content-Type" content="text/html;charset=utf-8" />
  <meta name='ocr-system' content='tesseract 3.04.00' />
  <meta name='ocr-capabilities' content='ocr_page ocr_carea ocr_par ocr_line ocrx_word'/>
</head>
<body>
  <div class='ocr_page' id='page_1' title='image "./bullarumdiplomat01cath/bullarumdiplomat01cath_0325.png"; bbox 0 0 2237 3127; ppageno 0'>
   <div class='ocr_carea' id='block_1_1' title="bbox 58 322 237 352">
    <p class='ocr_par' dir='ltr' id='par_1_1' title="bbox 58 322 237 352">
     <span class='ocr_line' id='line_1_1' title="bbox 58 322 237 352; baseline 0.006 -2"><span class='ocrx_word' id='word_1_1' title='bbox 58 324 107 350; x_wconf 68' lang='lat' dir='ltr'>An.</span> <span class='ocrx_word' id='word_1_2' title='bbox 139 324 166 352; x_wconf 93' lang='lat' dir='ltr'>C.</span> <span class='ocrx_word' id='word_1_3' title='bbox 188 322 237 352; x_wconf 76' lang='lat'>857</span> 
     </span>
    </p>
   </div>
   <div class='ocr_carea' id='block_1_2' title="bbox 48 1206 231 1264">
    <p class='ocr_par' dir='ltr' id='par_1_2' title="bbox 48 1206 231 1264">
     <span class='ocr_line' id='line_1_2' title="bbox 48 1206 230 1235; baseline 0 -7"><span class='ocrx_word' id='word_1_4' title='bbox 48 1206 174 1235; x_wconf 24' lang='lat' dir='ltr'>Descriptio</span> <span class='ocrx_word' id='word_1_5' title='bbox 204 1206 230 1228; x_wconf 79' lang='lat' dir='ltr'>fi-</span> 
     </span>
     <span class='ocr_line' id='line_1_3' title="bbox 48 1244 231 1264; baseline 0.005 -1"><span class='ocrx_word' id='word_1_6' title='bbox 48 1244 106 1263; x_wconf 83' lang='lat' dir='ltr'>nium</span> <span class='ocrx_word' id='word_1_7' title='bbox 127 1244 231 1264; x_wconf 77' lang='lat' dir='ltr'>Interam-</span> 
     </span>
    </p>
   </div>
   <div class='ocr_carea' id='block_1_3' title="bbox 46 1277 228 1300">
    <p class='ocr_par' dir='ltr' id='par_1_3' title="bbox 46 1277 228 1300">
     <span class='ocr_line' id='line_1_4' title="bbox 46 1277 228 1300; baseline 0.005 -1"><span class='ocrx_word' id='word_1_8' title='bbox 46 1279 120 1299; x_wconf 73' lang='lat' dir='ltr'>nuusis</span> <span class='ocrx_word' id='word_1_9' title='bbox 129 1277 228 1300; x_wconf 80' lang='lat' dir='ltr'>diuninii.</span> 
     </span>
    </p>
   </div>
   <div class='ocr_carea' id='block_1_4' title="bbox 816 299 831 308">
    <p class='ocr_par' dir='ltr' id='par_1_4' title="bbox 816 299 831 308">
     <span class='ocr_line' id='line_1_5' title="bbox 816 299 831 308; baseline 0 -2"><span class='ocrx_word' id='word_1_10' title='bbox 816 299 831 308; x_wconf 63' lang='lat' dir='ltr'>,a</span> 
     </span>
    </p>
   </div>
   <div class='ocr_carea' id='block_1_5' title="bbox 867 345 1192 368">
    <p class='ocr_par' dir='ltr' id='par_1_5' title="bbox 867 345 1192 368">
     <span class='ocr_line' id='line_1_6' title="bbox 867 345 1192 368; baseline 0 -1"><span class='ocrx_word' id='word_1_11' title='bbox 867 346 1060 368; x_wconf 69' lang='lat' dir='ltr'>BENEtiittTUS</span> <span class='ocrx_word' id='word_1_12' title='bbox 1084 346 1118 368; x_wconf 86' lang='grc'>111</span> <span class='ocrx_word' id='word_1_13' title='bbox 1144 345 1192 368; x_wconf 80' lang='grc' dir='ltr'>ΡΡ.</span> 
     </span>
    </p>
   </div>
   <div class='ocr_carea' id='block_1_6' title="bbox 1680 338 1748 370">
    <p class='ocr_par' dir='ltr' id='par_1_6' title="bbox 1680 338 1748 370">
     <span class='ocr_line' id='line_1_7' title="bbox 1680 338 1748 370; baseline 0.015 -1"><span class='ocrx_word' id='word_1_14' title='bbox 1680 338 1748 370; x_wconf 82' lang='lat'>305</span> 
     </span>
    </p>
   </div>
   <div class='ocr_carea' id='block_1_7' title="bbox 265 397 1800 445">
    <p class='ocr_par' dir='ltr' id='par_1_7' title="bbox 265 397 1800 445">
     <span class='ocr_line' id='line_1_8' title="bbox 265 397 1800 445; baseline 0.002 -12"><span class='ocrx_word' id='word_1_15' title='bbox 265 410 324 445; x_wconf 75' lang='lat' dir='ltr'>ego</span> <span class='ocrx_word' id='word_1_16' title='bbox 340 397 490 433; x_wconf 88' lang='lat' dir='ltr'>dominus</span> <span class='ocrx_word' id='word_1_17' title='bbox 515 397 708 433; x_wconf 76' lang='lat' dir='ltr'>Benedictus</span> <span class='ocrx_word' id='word_1_18' title='bbox 721 398 763 432; x_wconf 85' lang='grc' dir='ltr'>ΙΙΙ</span> <span class='ocrx_word' id='word_1_19' title='bbox 794 410 883 445; x_wconf 82' lang='lat' dir='ltr'>papa,</span> <span class='ocrx_word' id='word_1_20' title='bbox 906 412 939 432; x_wconf 82' lang='lat' dir='ltr'>:ie</span> <span class='ocrx_word' id='word_1_21' title='bbox 961 411 1015 444; x_wconf 73' lang='lat' dir='ltr'>gu·</span> <span class='ocrx_word' id='word_1_22' title='bbox 1056 411 1100 442; x_wconf 81' lang='lat' dir='ltr'>se,</span> <span class='ocrx_word' id='word_1_23' title='bbox 1123 407 1152 433; x_wconf 89' lang='lat' dir='ltr'>et</span> <span class='ocrx_word' id='word_1_24' title='bbox 1179 411 1327 445; x_wconf 87' lang='lat' dir='ltr'>superse</span> <span class='ocrx_word' id='word_1_25' title='bbox 1358 399 1473 434; x_wconf 82' lang='lat' dir='ltr'>habere</span> <span class='ocrx_word' id='word_1_26' title='bbox 1513 400 1652 442; x_wconf 86' lang='lat' dir='ltr'>videtur,</span> <span class='ocrx_word' id='word_1_27' title='bbox 1688 402 1733 435; x_wconf 87' lang='lat' dir='ltr'>vel</span> <span class='ocrx_word' id='word_1_28' title='bbox 1771 401 1800 436; x_wconf 93' lang='lat' dir='ltr'>in</span> 
     </span>
    </p>
   </div>
   <div class='ocr_carea' id='block_1_8' title="bbox 263 447 1013 593">
    <p class='ocr_par' dir='ltr' id='par_1_8' title="bbox 263 447 1013 593">
     <span class='ocr_line' id='line_1_9' title="bbox 267 447 1012 494; baseline 0 -13"><span class='ocrx_word' id='word_1_29' title='bbox 267 447 415 482; x_wconf 83' lang='lat' dir='ltr'>bernator</span> <span class='ocrx_word' id='word_1_30' title='bbox 451 456 576 483; x_wconf 86' lang='lat' dir='ltr'>sanctae</span> <span class='ocrx_word' id='word_1_31' title='bbox 621 456 650 482; x_wconf 88' lang='lat' dir='ltr'>et</span> <span class='ocrx_word' id='word_1_32' title='bbox 693 448 882 494; x_wconf 83' lang='lat' dir='ltr'>apostolicae</span> <span class='ocrx_word' id='word_1_33' title='bbox 915 449 1012 488; x_wconf 69' lang='lat' dir='ltr'>sodis,</span> 
     </span>
     <span class='ocr_line' id='line_1_10' title="bbox 265 497 1011 544; baseline -0.001 -13"><span class='ocrx_word' id='word_1_34' title='bbox 265 498 423 544; x_wconf 80' lang='lat' dir='ltr'>totiusque</span> <span class='ocrx_word' id='word_1_35' title='bbox 451 498 611 532; x_wconf 79' lang='lat' dir='ltr'>Ecclesiae</span> <span class='ocrx_word' id='word_1_36' title='bbox 634 497 812 531; x_wconf 83' lang='lat' dir='ltr'>universum</span> <span class='ocrx_word' id='word_1_37' title='bbox 837 509 892 543; x_wconf 89' lang='lat' dir='ltr'>per</span> <span class='ocrx_word' id='word_1_38' title='bbox 906 498 1011 531; x_wconf 90' lang='lat' dir='ltr'>orbem</span> 
     </span>
     <span class='ocr_line' id='line_1_11' title="bbox 263 546 1013 593; baseline 0.001 -14"><span class='ocrx_word' id='word_1_39' title='bbox 263 547 302 580; x_wconf 87' lang='lat' dir='ltr'>de</span> <span class='ocrx_word' id='word_1_40' title='bbox 325 547 483 593; x_wconf 76' lang='lat' dir='ltr'>praesenti</span> <span class='ocrx_word' id='word_1_41' title='bbox 511 547 573 589; x_wconf 72' lang='lat' dir='ltr'>die,</span> <span class='ocrx_word' id='word_1_42' title='bbox 590 546 717 581; x_wconf 81' lang='lat' dir='ltr'>Domini</span> <span class='ocrx_word' id='word_1_43' title='bbox 732 547 925 580; x_wconf 88' lang='lat' dir='ltr'>concedente</span> <span class='ocrx_word' id='word_1_44' title='bbox 939 559 1013 592; x_wconf 70' lang='lat' dir='ltr'>gra--</span> 
     </span>
    </p>
   </div>
   <div class='ocr_carea' id='block_1_9' title="bbox 264 596 1014 642">
    <p class='ocr_par' dir='ltr' id='par_1_9' title="bbox 264 596 1014 642">
     <span class='ocr_line' id='line_1_12' title="bbox 264 596 1014 642; baseline 0 -13"><span class='ocrx_word' id='word_1_45' title='bbox 264 596 315 639; x_wconf 78' lang='lat' dir='ltr'>tia,</span> <span class='ocrx_word' id='word_1_46' title='bbox 343 604 435 642; x_wconf 82' lang='lat' dir='ltr'>atque.</span> <span class='ocrx_word' id='word_1_47' title='bbox 455 597 523 631; x_wconf 89' lang='lat' dir='ltr'>eius</span> <span class='ocrx_word' id='word_1_48' title='bbox 550 596 655 630; x_wconf 82' lang='lat' dir='ltr'>divina</span> <span class='ocrx_word' id='word_1_49' title='bbox 670 596 851 642; x_wconf 71' lang='lat' dir='ltr'>auspicante</span> <span class='ocrx_word' id='word_1_50' title='bbox 865 596 1014 630; x_wconf 81' lang='lat' dir='ltr'>clemen—-</span> 
     </span>
    </p>
   </div>
   <div class='ocr_carea' id='block_1_10' title="bbox 255 645 1011 1879">
    <p class='ocr_par' dir='ltr' id='par_1_10' title="bbox 255 645 1011 1879">
     <span class='ocr_line' id='line_1_13' title="bbox 263 645 1011 692; baseline 0.001 -14"><span class='ocrx_word' id='word_1_51' title='bbox 263 645 314 682; x_wconf 80' lang='lat' dir='ltr'>tia,</span> <span class='ocrx_word' id='word_1_52' title='bbox 343 645 501 692; x_wconf 88' lang='lat' dir='ltr'>simulque</span> <span class='ocrx_word' id='word_1_53' title='bbox 523 652 711 692; x_wconf 69' lang='lat' dir='ltr'><strong>suggerente</strong></span> <span class='ocrx_word' id='word_1_54' title='bbox 733 645 862 690; x_wconf 74' lang='lat' dir='ltr'>gratuita</span> <span class='ocrx_word' id='word_1_55' title='bbox 888 645 1011 691; x_wconf 85' lang='lat' dir='ltr'>pietate,</span> 
     </span>
     <span class='ocr_line' id='line_1_14' title="bbox 262 694 1011 737; baseline 0.003 -11"><span class='ocrx_word' id='word_1_56' title='bbox 262 694 386 737; x_wconf 78' lang='lat' dir='ltr'>damus,</span> <span class='ocrx_word' id='word_1_57' title='bbox 402 703 431 728; x_wconf 79' lang='lat' dir='ltr'>et</span> <span class='ocrx_word' id='word_1_58' title='bbox 445 695 649 729; x_wconf 70' lang='lat' dir='ltr'><strong>concedimus</strong></span> <span class='ocrx_word' id='word_1_59' title='bbox 675 695 862 728; x_wconf 70' lang='lat' dir='ltr'>authoritate</span> <span class='ocrx_word' id='word_1_60' title='bbox 884 694 1011 728; x_wconf 87' lang='lat' dir='ltr'>Domini</span> 
     </span>
     <span class='ocr_line' id='line_1_15' title="bbox 261 743 1011 779; baseline 0 -2"><span class='ocrx_word' id='word_1_61' title='bbox 261 743 431 777; x_wconf 82' lang='lat' dir='ltr'>Salvatoris</span> <span class='ocrx_word' id='word_1_62' title='bbox 458 744 546 779; x_wconf 87' lang='lat' dir='ltr'>vobis</span> <span class='ocrx_word' id='word_1_63' title='bbox 561 744 786 778; x_wconf 87' lang='lat' dir='ltr'>habitatoribus</span> <span class='ocrx_word' id='word_1_64' title='bbox 801 744 934 778; x_wconf 84' lang='lat' dir='ltr'>civitatis</span> <span class='ocrx_word' id='word_1_65' title='bbox 948 744 1011 777; x_wconf 90' lang='lat' dir='ltr'>Te-</span> 
     </span>
     <span class='ocr_line' id='line_1_16' title="bbox 265 793 1010 834; baseline 0.001 -8"><span class='ocrx_word' id='word_1_66' title='bbox 265 794 440 826; x_wconf 85' lang='lat' dir='ltr'>raninensis</span> <span class='ocrx_word' id='word_1_67' title='bbox 465 794 585 834; x_wconf 79' lang='lat' dir='ltr'>maiori,</span> <span class='ocrx_word' id='word_1_68' title='bbox 607 801 637 827; x_wconf 89' lang='lat' dir='ltr'>et</span> <span class='ocrx_word' id='word_1_69' title='bbox 660 793 772 827; x_wconf 86' lang='lat' dir='ltr'>minori</span> <span class='ocrx_word' id='word_1_70' title='bbox 791 800 875 833; x_wconf 71' lang='lat' dir='ltr'>natu,</span> <span class='ocrx_word' id='word_1_71' title='bbox 891 793 1010 827; x_wconf 83' lang='lat' dir='ltr'>vestris-</span> 
     </span>
     <span class='ocr_line' id='line_1_17' title="bbox 261 842 1010 889; baseline 0.001 -14"><span class='ocrx_word' id='word_1_72' title='bbox 261 854 321 888; x_wconf 85' lang='lat' dir='ltr'>que</span> <span class='ocrx_word' id='word_1_73' title='bbox 344 842 544 887; x_wconf 73' lang='lat' dir='ltr'>haeredibus,</span> <span class='ocrx_word' id='word_1_74' title='bbox 567 851 596 877; x_wconf 89' lang='lat' dir='ltr'>et</span> <span class='ocrx_word' id='word_1_75' title='bbox 623 843 860 877; x_wconf 74' lang='lat' dir='ltr'>successoribus</span> <span class='ocrx_word' id='word_1_76' title='bbox 883 842 913 876; x_wconf 87' lang='lat' dir='ltr'>in</span> <span class='ocrx_word' id='word_1_77' title='bbox 939 854 1010 889; x_wconf 86' lang='lat' dir='ltr'>per-</span> 
     </span>
     <span class='ocr_line' id='line_1_18' title="bbox 262 891 1010 937; baseline 0.001 -13"><span class='ocrx_word' id='word_1_78' title='bbox 262 899 402 937; x_wconf 69' lang='lat' dir='ltr'>petuum,</span> <span class='ocrx_word' id='word_1_79' title='bbox 427 891 505 926; x_wconf 90' lang='lat' dir='ltr'>idest</span> <span class='ocrx_word' id='word_1_80' title='bbox 534 900 628 926; x_wconf 85' lang='lat' dir='ltr'>totam</span> <span class='ocrx_word' id='word_1_81' title='bbox 657 892 716 925; x_wconf 73' lang='lat' dir='ltr'>iani</span> <span class='ocrx_word' id='word_1_82' title='bbox 752 892 867 926; x_wconf 82' lang='lat' dir='ltr'>dictam</span> <span class='ocrx_word' id='word_1_83' title='bbox 895 892 1010 926; x_wconf 83' lang='lat' dir='ltr'>civita-</span> 
     </span>
     <span class='ocr_line' id='line_1_19' title="bbox 262 941 1009 984; baseline 0.001 -10"><span class='ocrx_word' id='word_1_84' title='bbox 262 949 337 984; x_wconf 75' lang='lat' dir='ltr'>tem,</span> <span class='ocrx_word' id='word_1_85' title='bbox 361 954 432 975; x_wconf 88' lang='lat' dir='ltr'>cuin</span> <span class='ocrx_word' id='word_1_86' title='bbox 456 942 555 975; x_wconf 90' lang='lat' dir='ltr'>muris</span> <span class='ocrx_word' id='word_1_87' title='bbox 589 950 619 976; x_wconf 86' lang='lat' dir='ltr'>et</span> <span class='ocrx_word' id='word_1_88' title='bbox 640 941 801 978; x_wconf 77' lang='lat' dir='ltr'>aediliciis,</span> <span class='ocrx_word' id='word_1_89' title='bbox 824 941 1009 975; x_wconf 72' lang='lat' dir='ltr'>decursibus</span> 
     </span>
     <span class='ocr_line' id='line_1_20' title="bbox 259 990 1009 1037; baseline 0.001 -13"><span class='ocrx_word' id='word_1_90' title='bbox 259 1002 424 1036; x_wconf 68' lang='lat' dir='ltr'>aquarum,</span> <span class='ocrx_word' id='word_1_91' title='bbox 436 998 465 1024; x_wconf 88' lang='lat' dir='ltr'>et</span> <span class='ocrx_word' id='word_1_92' title='bbox 478 990 584 1031; x_wconf 79' lang='lat' dir='ltr'>alveis,</span> <span class='ocrx_word' id='word_1_93' title='bbox 599 1003 634 1025; x_wconf 90' lang='lat' dir='ltr'>ac</span> <span class='ocrx_word' id='word_1_94' title='bbox 651 990 854 1036; x_wconf 64' lang='lat' dir='ltr'>marginibus⁷</span> <span class='ocrx_word' id='word_1_95' title='bbox 874 991 1009 1037; x_wconf 76' lang='lat' dir='ltr'>indeque</span> 
     </span>
     <span class='ocr_line' id='line_1_21' title="bbox 262 1040 1009 1086; baseline 0 -13"><span class='ocrx_word' id='word_1_96' title='bbox 262 1040 525 1075; x_wconf 68' lang='lat' dir='ltr'>concurrentibus</span> <span class='ocrx_word' id='word_1_97' title='bbox 547 1047 577 1074; x_wconf 81' lang='lat' dir='ltr'>et</span> <span class='ocrx_word' id='word_1_98' title='bbox 598 1053 669 1075; x_wconf 86' lang='lat' dir='ltr'>eum</span> <span class='ocrx_word' id='word_1_99' title='bbox 689 1048 751 1074; x_wconf 80' lang='lat' dir='ltr'>tota</span> <span class='ocrx_word' id='word_1_100' title='bbox 767 1052 821 1074; x_wconf 88' lang='lat' dir='ltr'>sua</span> <span class='ocrx_word' id='word_1_101' title='bbox 846 1041 1009 1086; x_wconf 81' lang='lat' dir='ltr'>pertinen-</span> 
     </span>
     <span class='ocr_line' id='line_1_22' title="bbox 262 1089 1009 1133; baseline 0.003 -11"><span class='ocrx_word' id='word_1_102' title='bbox 262 1089 315 1129; x_wconf 82' lang='lat' dir='ltr'>tia,</span> <span class='ocrx_word' id='word_1_103' title='bbox 342 1101 413 1123; x_wconf 90' lang='lat' dir='ltr'>cum</span> <span class='ocrx_word' id='word_1_104' title='bbox 438 1089 581 1133; x_wconf 78' lang='lat' dir='ltr'>vallibus,</span> <span class='ocrx_word' id='word_1_105' title='bbox 603 1089 748 1128; x_wconf 71' lang='lat' dir='ltr'>collibus,</span> <span class='ocrx_word' id='word_1_106' title='bbox 778 1089 949 1129; x_wconf 75' lang='lat' dir='ltr'>montibus,</span> <span class='ocrx_word' id='word_1_107' title='bbox 973 1102 1009 1124; x_wconf 88' lang='lat' dir='ltr'>ac</span> 
     </span>
     <span class='ocr_line' id='line_1_23' title="bbox 259 1138 1009 1185; baseline 0.001 -14"><span class='ocrx_word' id='word_1_108' title='bbox 259 1138 413 1185; x_wconf 75' lang='lat' dir='ltr'>planiciiS‚</span> <span class='ocrx_word' id='word_1_109' title='bbox 433 1138 578 1180; x_wconf 84' lang='lat' dir='ltr'>fundura,</span> <span class='ocrx_word' id='word_1_110' title='bbox 592 1139 794 1176; x_wconf 52' lang='lat' dir='ltr'>aeioeabut..</span> <span class='ocrx_word' id='word_1_111' title='bbox 813 1139 1009 1185; x_wconf 81' lang='lat' dir='ltr'>circumqua-</span> 
     </span>
     <span class='ocr_line' id='line_1_24' title="bbox 259 1188 1008 1236; baseline 0.001 -14"><span class='ocrx_word' id='word_1_112' title='bbox 259 1200 320 1234; x_wconf 88' lang='lat' dir='ltr'>que</span> <span class='ocrx_word' id='word_1_113' title='bbox 338 1188 592 1236; x_wconf 85' lang='lat' dir='ltr'>posita.Insuper</span> <span class='ocrx_word' id='word_1_114' title='bbox 606 1188 810 1223; x_wconf 80' lang='lat' dir='ltr'>concedimus</span> <span class='ocrx_word' id='word_1_115' title='bbox 837 1189 1008 1223; x_wconf 74' lang='lat' dir='ltr'>robisalias</span> 
     </span>
     <span class='ocr_line' id='line_1_25' title="bbox 260 1238 1008 1284; baseline 0.001 -13"><span class='ocrx_word' id='word_1_116' title='bbox 260 1249 308 1272; x_wconf 85' lang='lat' dir='ltr'>res</span> <span class='ocrx_word' id='word_1_117' title='bbox 340 1250 393 1284; x_wconf 89' lang='lat' dir='ltr'>per</span> <span class='ocrx_word' id='word_1_118' title='bbox 421 1239 477 1272; x_wconf 89' lang='lat' dir='ltr'>hos</span> <span class='ocrx_word' id='word_1_119' title='bbox 500 1238 589 1277; x_wconf 76' lang='lat' dir='ltr'>fines,</span> <span class='ocrx_word' id='word_1_120' title='bbox 617 1238 696 1272; x_wconf 90' lang='lat' dir='ltr'>sicut</span> <span class='ocrx_word' id='word_1_121' title='bbox 731 1238 862 1272; x_wconf 81' lang='lat' dir='ltr'>transire</span> <span class='ocrx_word' id='word_1_122' title='bbox 886 1238 1008 1273; x_wconf 76' lang='lat' dir='ltr'>videtur</span> 
     </span>
     <span class='ocr_line' id='line_1_26' title="bbox 259 1287 1007 1333; baseline 0.001 -12"><span class='ocrx_word' id='word_1_123' title='bbox 259 1299 313 1333; x_wconf 82' lang='lat' dir='ltr'>per</span> <span class='ocrx_word' id='word_1_124' title='bbox 335 1287 469 1322; x_wconf 84' lang='lat' dir='ltr'>stradam</span> <span class='ocrx_word' id='word_1_125' title='bbox 493 1287 688 1332; x_wconf 72' lang='lat' dir='ltr'>Domnitam⁷</span> <span class='ocrx_word' id='word_1_126' title='bbox 717 1296 747 1322; x_wconf 83' lang='lat' dir='ltr'>et</span> <span class='ocrx_word' id='word_1_127' title='bbox 780 1288 863 1321; x_wconf 81' lang='lat' dir='ltr'>exire</span> <span class='ocrx_word' id='word_1_128' title='bbox 884 1287 1007 1322; x_wconf 82' lang='lat' dir='ltr'>videtur</span> 
     </span>
     <span class='ocr_line' id='line_1_27' title="bbox 259 1337 1007 1384; baseline 0.003 -14"><span class='ocrx_word' id='word_1_129' title='bbox 259 1349 314 1382; x_wconf 84' lang='lat' dir='ltr'>per</span> <span class='ocrx_word' id='word_1_130' title='bbox 337 1345 471 1384; x_wconf 69' lang='lat' dir='ltr'>portam,</span> <span class='ocrx_word' id='word_1_131' title='bbox 494 1349 572 1384; x_wconf 83' lang='lat' dir='ltr'>quae</span> <span class='ocrx_word' id='word_1_132' title='bbox 595 1337 711 1372; x_wconf 87' lang='lat' dir='ltr'>dicitur</span> <span class='ocrx_word' id='word_1_133' title='bbox 734 1337 888 1377; x_wconf 82' lang='lat' dir='ltr'>Romana,</span> <span class='ocrx_word' id='word_1_134' title='bbox 907 1345 937 1371; x_wconf 90' lang='lat' dir='ltr'>et</span> <span class='ocrx_word' id='word_1_135' title='bbox 953 1350 1007 1384; x_wconf 87' lang='lat' dir='ltr'>pei·</span> 
     </span>
     <span class='ocr_line' id='line_1_28' title="bbox 258 1386 1005 1434; baseline 0.003 -15"><span class='ocrx_word' id='word_1_136' title='bbox 258 1387 419 1433; x_wconf 86' lang='lat' dir='ltr'>antiquum</span> <span class='ocrx_word' id='word_1_137' title='bbox 443 1395 587 1433; x_wconf 79' lang='lat' dir='ltr'>ponteili;</span> <span class='ocrx_word' id='word_1_138' title='bbox 611 1386 768 1433; x_wconf 84' lang='lat' dir='ltr'>subiitque</span> <span class='ocrx_word' id='word_1_139' title='bbox 792 1387 821 1420; x_wconf 89' lang='lat' dir='ltr'>in</span> <span class='ocrx_word' id='word_1_140' title='bbox 846 1387 936 1430; x_wconf 73' lang='lat' dir='ltr'>colle,</span> <span class='ocrx_word' id='word_1_141' title='bbox 954 1388 1005 1434; x_wconf 87' lang='lat' dir='ltr'>qui</span> 
     </span>
     <span class='ocr_line' id='line_1_29' title="bbox 258 1435 1004 1483; baseline 0.001 -14"><span class='ocrx_word' id='word_1_142' title='bbox 258 1444 385 1470; x_wconf 86' lang='lat' dir='ltr'>vocatur</span> <span class='ocrx_word' id='word_1_143' title='bbox 416 1435 613 1480; x_wconf 64' lang='lat' dir='ltr'>Altilianum,</span> <span class='ocrx_word' id='word_1_144' title='bbox 651 1444 681 1470; x_wconf 84' lang='lat' dir='ltr'>et</span> <span class='ocrx_word' id='word_1_145' title='bbox 711 1449 766 1483; x_wconf 89' lang='lat' dir='ltr'>per</span> <span class='ocrx_word' id='word_1_146' title='bbox 794 1436 852 1470; x_wconf 83' lang='lat' dir='ltr'>iani</span> <span class='ocrx_word' id='word_1_147' title='bbox 887 1436 1004 1470; x_wconf 85' lang='lat' dir='ltr'>dictum</span> 
     </span>
     <span class='ocr_line' id='line_1_30' title="bbox 256 1485 1006 1532; baseline 0 -14"><span class='ocrx_word' id='word_1_148' title='bbox 256 1485 368 1519; x_wconf 93' lang='lat' dir='ltr'>collem</span> <span class='ocrx_word' id='word_1_149' title='bbox 396 1485 561 1519; x_wconf 86' lang='lat' dir='ltr'>descendit</span> <span class='ocrx_word' id='word_1_150' title='bbox 596 1486 626 1519; x_wconf 87' lang='lat' dir='ltr'>in</span> <span class='ocrx_word' id='word_1_151' title='bbox 651 1485 811 1525; x_wconf 70' lang='lat' dir='ltr'>fossatum„</span> <span class='ocrx_word' id='word_1_152' title='bbox 845 1486 930 1532; x_wconf 85' lang='lat' dir='ltr'>quod</span> <span class='ocrx_word' id='word_1_153' title='bbox 956 1499 1006 1520; x_wconf 88' lang='lat' dir='ltr'>re-</span> 
     </span>
     <span class='ocr_line' id='line_1_31' title="bbox 256 1534 1005 1582; baseline 0.004 -15"><span class='ocrx_word' id='word_1_154' title='bbox 256 1534 356 1579; x_wconf 75' lang='lat' dir='ltr'>gulari</span> <span class='ocrx_word' id='word_1_155' title='bbox 371 1535 497 1569; x_wconf 84' lang='lat' dir='ltr'>nomine</span> <span class='ocrx_word' id='word_1_156' title='bbox 516 1535 629 1569; x_wconf 84' lang='lat' dir='ltr'>(licitur</span> <span class='ocrx_word' id='word_1_157' title='bbox 650 1535 737 1569; x_wconf 81' lang='lat' dir='ltr'>Cuda</span> <span class='ocrx_word' id='word_1_158' title='bbox 750 1547 756 1568; x_wconf 78' lang='lat'>1</span> <span class='ocrx_word' id='word_1_159' title='bbox 770 1535 885 1570; x_wconf 86' lang='lat' dir='ltr'>deinde</span> <span class='ocrx_word' id='word_1_160' title='bbox 905 1536 1005 1582; x_wconf 73' lang='lat' dir='ltr'>pergit</span> 
     </span>
     <span class='ocr_line' id='line_1_32' title="bbox 258 1584 1005 1631; baseline 0.004 -15"><span class='ocrx_word' id='word_1_161' title='bbox 258 1584 286 1617; x_wconf 91' lang='lat' dir='ltr'>in</span> <span class='ocrx_word' id='word_1_162' title='bbox 317 1584 422 1629; x_wconf 73' lang='lat' dir='ltr'>Lagia7</span> <span class='ocrx_word' id='word_1_163' title='bbox 447 1593 477 1618; x_wconf 89' lang='lat' dir='ltr'>et</span> <span class='ocrx_word' id='word_1_164' title='bbox 499 1597 555 1631; x_wconf 89' lang='lat' dir='ltr'>per</span> <span class='ocrx_word' id='word_1_165' title='bbox 576 1584 729 1619; x_wconf 75' lang='lat' dir='ltr'>decursus</span> <span class='ocrx_word' id='word_1_166' title='bbox 746 1585 803 1618; x_wconf 72' lang='lat' dir='ltr'>iam</span> <span class='ocrx_word' id='word_1_167' title='bbox 819 1585 921 1619; x_wconf 86' lang='lat' dir='ltr'>dictae</span> <span class='ocrx_word' id='word_1_168' title='bbox 944 1585 1005 1619; x_wconf 82' lang='lat' dir='ltr'>La-</span> 
     </span>
     <span class='ocr_line' id='line_1_33' title="bbox 255 1633 1005 1681; baseline 0.003 -15"><span class='ocrx_word' id='word_1_169' title='bbox 255 1633 324 1677; x_wconf 73' lang='lat' dir='ltr'>giae</span> <span class='ocrx_word' id='word_1_170' title='bbox 347 1634 510 1668; x_wconf 83' lang='lat' dir='ltr'>descendit</span> <span class='ocrx_word' id='word_1_171' title='bbox 545 1634 574 1668; x_wconf 87' lang='lat' dir='ltr'>in</span> <span class='ocrx_word' id='word_1_172' title='bbox 610 1634 742 1678; x_wconf 66' lang='lat' dir='ltr'>furcam7</span> <span class='ocrx_word' id='word_1_173' title='bbox 770 1647 850 1681; x_wconf 82' lang='lat' dir='ltr'>quae</span> <span class='ocrx_word' id='word_1_174' title='bbox 879 1643 1005 1669; x_wconf 74' lang='lat' dir='ltr'>vocatur</span> 
     </span>
     <span class='ocr_line' id='line_1_34' title="bbox 257 1682 1006 1731; baseline 0.003 -15"><span class='ocrx_word' id='word_1_175' title='bbox 257 1682 345 1717; x_wconf 73' lang='lat' dir='ltr'>Petra</span> <span class='ocrx_word' id='word_1_176' title='bbox 368 1683 407 1718; x_wconf 88' lang='lat' dir='ltr'>de</span> <span class='ocrx_word' id='word_1_177' title='bbox 429 1684 578 1722; x_wconf 81' lang='lat' dir='ltr'>confinio,</span> <span class='ocrx_word' id='word_1_178' title='bbox 607 1683 722 1718; x_wconf 89' lang='lat' dir='ltr'>deinde</span> <span class='ocrx_word' id='word_1_179' title='bbox 744 1684 828 1718; x_wconf 86' lang='lat' dir='ltr'>subit</span> <span class='ocrx_word' id='word_1_180' title='bbox 852 1697 906 1731; x_wconf 88' lang='lat' dir='ltr'>per</span> <span class='ocrx_word' id='word_1_181' title='bbox 919 1697 1006 1718; x_wconf 92' lang='lat' dir='ltr'>mon-</span> 
     </span>
     <span class='ocr_line' id='line_1_35' title="bbox 257 1733 1005 1780; baseline 0.004 -15"><span class='ocrx_word' id='word_1_182' title='bbox 257 1740 317 1766; x_wconf 90' lang='lat' dir='ltr'>tem</span> <span class='ocrx_word' id='word_1_183' title='bbox 351 1733 402 1767; x_wconf 91' lang='lat' dir='ltr'>ubi</span> <span class='ocrx_word' id='word_1_184' title='bbox 438 1733 553 1767; x_wconf 90' lang='lat' dir='ltr'>dicitur</span> <span class='ocrx_word' id='word_1_185' title='bbox 578 1733 791 1780; x_wconf 67' lang='lat' dir='ltr'>Aquam-ivae,</span> <span class='ocrx_word' id='word_1_186' title='bbox 825 1741 918 1780; x_wconf 84' lang='lat' dir='ltr'>atque</span> <span class='ocrx_word' id='word_1_187' title='bbox 949 1734 1005 1768; x_wconf 87' lang='lat' dir='ltr'>de-</span> 
     </span>
     <span class='ocr_line' id='line_1_36' title="bbox 256 1781 1004 1829; baseline 0.004 -15"><span class='ocrx_word' id='word_1_188' title='bbox 256 1781 328 1816; x_wconf 89' lang='lat' dir='ltr'>hinc</span> <span class='ocrx_word' id='word_1_189' title='bbox 349 1782 535 1817; x_wconf 87' lang='lat' dir='ltr'>ascenditin</span> <span class='ocrx_word' id='word_1_190' title='bbox 559 1792 711 1821; x_wconf 76' lang='lat' dir='ltr'>montem,</span> <span class='ocrx_word' id='word_1_191' title='bbox 739 1784 791 1829; x_wconf 86' lang='lat' dir='ltr'>qui</span> <span class='ocrx_word' id='word_1_192' title='bbox 815 1784 1004 1817; x_wconf 78' lang='lat' dir='ltr'>diciturMa·</span> 
     </span>
     <span class='ocr_line' id='line_1_37' title="bbox 256 1832 1004 1879; baseline 0.003 -14"><span class='ocrx_word' id='word_1_193' title='bbox 256 1840 332 1872; x_wconf 83' lang='lat' dir='ltr'>tum,</span> <span class='ocrx_word' id='word_1_194' title='bbox 346 1844 382 1866; x_wconf 88' lang='lat' dir='ltr'>ac</span> <span class='ocrx_word' id='word_1_195' title='bbox 409 1845 463 1878; x_wconf 82' lang='lat' dir='ltr'>pro</span> <span class='ocrx_word' id='word_1_196' title='bbox 479 1833 635 1867; x_wconf 89' lang='lat' dir='ltr'>montanis</span> <span class='ocrx_word' id='word_1_197' title='bbox 653 1832 851 1879; x_wconf 77' lang='lat' dir='ltr'>vallibusque</span> <span class='ocrx_word' id='word_1_198' title='bbox 872 1833 1004 1868; x_wconf 84' lang='lat' dir='ltr'>transire</span> 
     </span>
    </p>
   </div>
   <div class='ocr_carea' id='block_1_11' title="bbox 246 1880 1004 1929">
    <p class='ocr_par' dir='ltr' id='par_1_11' title="bbox 246 1880 1004 1929">
     <span class='ocr_line' id='line_1_38' title="bbox 246 1880 1004 1929; baseline 0.005 -17"><span class='ocrx_word' id='word_1_199' title='bbox 246 1880 379 1915; x_wconf 86' lang='lat' dir='ltr'>.videtur</span> <span class='ocrx_word' id='word_1_200' title='bbox 400 1894 454 1928; x_wconf 87' lang='lat' dir='ltr'>per</span> <span class='ocrx_word' id='word_1_201' title='bbox 475 1890 614 1916; x_wconf 88' lang='lat' dir='ltr'>montem</span> <span class='ocrx_word' id='word_1_202' title='bbox 636 1882 672 1916; x_wconf 91' lang='lat' dir='ltr'>ad</span> <span class='ocrx_word' id='word_1_203' title='bbox 697 1894 817 1926; x_wconf 65' lang='lat' dir='ltr'>agrum,</span> <span class='ocrx_word' id='word_1_204' title='bbox 842 1882 894 1929; x_wconf 87' lang='lat' dir='ltr'>qui</span> <span class='ocrx_word' id='word_1_205' title='bbox 917 1882 1004 1916; x_wconf 89' lang='lat' dir='ltr'>‹lici-</span> 
     </span>
    </p>
   </div>
   <div class='ocr_carea' id='block_1_12' title="bbox 249 1930 1004 2722">
    <p class='ocr_par' dir='ltr' id='par_1_12' title="bbox 249 1930 1004 2722">
     <span class='ocr_line' id='line_1_39' title="bbox 257 1930 1004 1978; baseline 0.001 -14"><span class='ocrx_word' id='word_1_206' title='bbox 257 1938 306 1964; x_wconf 90' lang='lat' dir='ltr'>tur</span> <span class='ocrx_word' id='word_1_207' title='bbox 328 1930 493 1972; x_wconf 72' lang='lat' dir='ltr'>Ruscluin,</span> <span class='ocrx_word' id='word_1_208' title='bbox 520 1940 614 1978; x_wconf 88' lang='lat' dir='ltr'>atque</span> <span class='ocrx_word' id='word_1_209' title='bbox 629 1931 745 1966; x_wconf 82' lang='lat' dir='ltr'>deinde</span> <span class='ocrx_word' id='word_1_210' title='bbox 764 1932 927 1965; x_wconf 72' lang='lat' dir='ltr'>descendit</span> <span class='ocrx_word' id='word_1_211' title='bbox 949 1944 1004 1978; x_wconf 85' lang='lat' dir='ltr'>per</span> 
     </span>
     <span class='ocr_line' id='line_1_40' title="bbox 256 1980 1004 2027; baseline 0.004 -14"><span class='ocrx_word' id='word_1_212' title='bbox 256 1980 348 2023; x_wconf 79' lang='lat' dir='ltr'>viam,</span> <span class='ocrx_word' id='word_1_213' title='bbox 375 1993 455 2027; x_wconf 90' lang='lat' dir='ltr'>quae</span> <span class='ocrx_word' id='word_1_214' title='bbox 483 1983 584 2027; x_wconf 74' lang='lat' dir='ltr'>pergit</span> <span class='ocrx_word' id='word_1_215' title='bbox 618 1982 647 2015; x_wconf 88' lang='lat' dir='ltr'>in</span> <span class='ocrx_word' id='word_1_216' title='bbox 685 1981 854 2015; x_wconf 78' lang='lat' dir='ltr'>Marmora:</span> <span class='ocrx_word' id='word_1_217' title='bbox 891 1981 1004 2016; x_wconf 82' lang='lat' dir='ltr'>deinde</span> 
     </span>
     <span class='ocr_line' id='line_1_41' title="bbox 256 2029 1003 2078; baseline 0.004 -16"><span class='ocrx_word' id='word_1_218' title='bbox 256 2029 417 2064; x_wconf 88' lang='lat' dir='ltr'>descendit</span> <span class='ocrx_word' id='word_1_219' title='bbox 446 2043 501 2078; x_wconf 89' lang='lat' dir='ltr'>per</span> <span class='ocrx_word' id='word_1_220' title='bbox 522 2031 694 2076; x_wconf 76' lang='lat' dir='ltr'>marginem</span> <span class='ocrx_word' id='word_1_221' title='bbox 719 2031 834 2064; x_wconf 87' lang='lat' dir='ltr'>montis</span> <span class='ocrx_word' id='word_1_222' title='bbox 858 2031 888 2064; x_wconf 92' lang='lat' dir='ltr'>in</span> <span class='ocrx_word' id='word_1_223' title='bbox 916 2031 1003 2065; x_wconf 81' lang='lat' dir='ltr'>alveo</span> 
     </span>
     <span class='ocr_line' id='line_1_42' title="bbox 256 2079 1002 2127; baseline 0.004 -15"><span class='ocrx_word' id='word_1_224' title='bbox 256 2079 394 2113; x_wconf 84' lang='lat' dir='ltr'>fluminis</span> <span class='ocrx_word' id='word_1_225' title='bbox 417 2080 445 2114; x_wconf 93' lang='lat' dir='ltr'>in</span> <span class='ocrx_word' id='word_1_226' title='bbox 461 2081 540 2124; x_wconf 77' lang='lat' dir='ltr'>loco⁷</span> <span class='ocrx_word' id='word_1_227' title='bbox 564 2081 616 2115; x_wconf 88' lang='lat' dir='ltr'>ubi</span> <span class='ocrx_word' id='word_1_228' title='bbox 630 2092 771 2126; x_wconf 75' lang='lat' dir='ltr'>mergere</span> <span class='ocrx_word' id='word_1_229' title='bbox 787 2080 909 2114; x_wconf 73' lang='lat' dir='ltr'>videtur</span> <span class='ocrx_word' id='word_1_230' title='bbox 924 2093 1002 2127; x_wconf 83' lang='lat' dir='ltr'>aqua</span> 
     </span>
     <span class='ocr_line' id='line_1_43' title="bbox 256 2128 1004 2176; baseline 0.004 -15"><span class='ocrx_word' id='word_1_231' title='bbox 256 2128 314 2162; x_wconf 88' lang='lat' dir='ltr'>iam</span> <span class='ocrx_word' id='word_1_232' title='bbox 339 2130 572 2176; x_wconf 83' lang='lat' dir='ltr'>praenominata</span> <span class='ocrx_word' id='word_1_233' title='bbox 600 2130 766 2172; x_wconf 72' lang='lat' dir='ltr'>Marmora7</span> <span class='ocrx_word' id='word_1_234' title='bbox 801 2142 837 2163; x_wconf 87' lang='lat' dir='ltr'>ac</span> <span class='ocrx_word' id='word_1_235' title='bbox 870 2142 925 2176; x_wconf 83' lang='lat' dir='ltr'>per</span> <span class='ocrx_word' id='word_1_236' title='bbox 947 2130 1004 2165; x_wconf 86' lang='lat' dir='ltr'>de-</span> 
     </span>
     <span class='ocr_line' id='line_1_44' title="bbox 253 2179 1001 2226; baseline 0.004 -15"><span class='ocrx_word' id='word_1_237' title='bbox 253 2190 366 2212; x_wconf 84' lang='lat' dir='ltr'>cursus</span> <span class='ocrx_word' id='word_1_238' title='bbox 393 2179 454 2213; x_wconf 88' lang='lat' dir='ltr'>iam</span> <span class='ocrx_word' id='word_1_239' title='bbox 486 2180 656 2226; x_wconf 71' lang='lat' dir='ltr'>supradicti</span> <span class='ocrx_word' id='word_1_240' title='bbox 685 2179 769 2213; x_wconf 78' lang='lat' dir='ltr'>fluvii</span> <span class='ocrx_word' id='word_1_241' title='bbox 806 2179 944 2213; x_wconf 77' lang='lat' dir='ltr'>decurrit</span> <span class='ocrx_word' id='word_1_242' title='bbox 973 2180 1001 2214; x_wconf 91' lang='lat' dir='ltr'>in</span> 
     </span>
     <span class='ocr_line' id='line_1_45' title="bbox 255 2227 1001 2264; baseline 0.003 -3"><span class='ocrx_word' id='word_1_243' title='bbox 255 2227 313 2261; x_wconf 88' lang='lat' dir='ltr'>iam</span> <span class='ocrx_word' id='word_1_244' title='bbox 340 2228 454 2262; x_wconf 87' lang='lat' dir='ltr'>dictam</span> <span class='ocrx_word' id='word_1_245' title='bbox 477 2229 632 2264; x_wconf 89' lang='lat' dir='ltr'>civitatem</span> <span class='ocrx_word' id='word_1_246' title='bbox 649 2229 1001 2263; x_wconf 82' lang='lat' dir='ltr'>Terainnensem.Infra</span> 
     </span>
     <span class='ocr_line' id='line_1_46' title="bbox 254 2277 1002 2326; baseline 0.003 -16"><span class='ocrx_word' id='word_1_247' title='bbox 254 2277 310 2311; x_wconf 88' lang='lat' dir='ltr'>hos</span> <span class='ocrx_word' id='word_1_248' title='bbox 337 2290 408 2312; x_wconf 87' lang='lat' dir='ltr'>vero</span> <span class='ocrx_word' id='word_1_249' title='bbox 432 2278 520 2319; x_wconf 81' lang='lat' dir='ltr'>fines7</span> <span class='ocrx_word' id='word_1_250' title='bbox 549 2287 642 2326; x_wconf 87' lang='lat' dir='ltr'>atque</span> <span class='ocrx_word' id='word_1_251' title='bbox 664 2279 814 2313; x_wconf 81' lang='lat' dir='ltr'>vocabula</span> <span class='ocrx_word' id='word_1_252' title='bbox 850 2279 1002 2313; x_wconf 85' lang='lat' dir='ltr'>concedi-</span> 
     </span>
     <span class='ocr_line' id='line_1_47' title="bbox 253 2328 1001 2375; baseline 0.004 -15"><span class='ocrx_word' id='word_1_253' title='bbox 253 2339 324 2361; x_wconf 90' lang='lat' dir='ltr'>mus</span> <span class='ocrx_word' id='word_1_254' title='bbox 349 2328 448 2368; x_wconf 76' lang='lat' dir='ltr'>vobis,</span> <span class='ocrx_word' id='word_1_255' title='bbox 472 2329 646 2375; x_wconf 81' lang='lat' dir='ltr'>vestrisque</span> <span class='ocrx_word' id='word_1_256' title='bbox 669 2328 868 2371; x_wconf 73' lang='lat' dir='ltr'>haeredibus7</span> <span class='ocrx_word' id='word_1_257' title='bbox 888 2337 917 2363; x_wconf 85' lang='lat' dir='ltr'>ct</span> <span class='ocrx_word' id='word_1_258' title='bbox 936 2342 1001 2363; x_wconf 87' lang='lat' dir='ltr'>suc-</span> 
     </span>
     <span class='ocr_line' id='line_1_48' title="bbox 252 2376 1002 2425; baseline 0.003 -15"><span class='ocrx_word' id='word_1_259' title='bbox 252 2376 431 2411; x_wconf 88' lang='lat' dir='ltr'>cessorihus</span> <span class='ocrx_word' id='word_1_260' title='bbox 452 2378 481 2411; x_wconf 92' lang='lat' dir='ltr'>in</span> <span class='ocrx_word' id='word_1_261' title='bbox 506 2387 692 2425; x_wconf 85' lang='lat' dir='ltr'>perpetuum</span> <span class='ocrx_word' id='word_1_262' title='bbox 716 2382 759 2422; x_wconf 80' lang='lat' dir='ltr'>(l)</span> <span class='ocrx_word' id='word_1_263' title='bbox 784 2379 903 2418; x_wconf 74' lang='lat' dir='ltr'>castris,</span> <span class='ocrx_word' id='word_1_264' title='bbox 931 2391 1002 2412; x_wconf 88' lang='lat' dir='ltr'>mu-</span> 
     </span>
     <span class='ocr_line' id='line_1_49' title="bbox 253 2425 1002 2474; baseline 0.004 -15"><span class='ocrx_word' id='word_1_265' title='bbox 253 2425 307 2469; x_wconf 79' lang='lat' dir='ltr'>ris⁷</span> <span class='ocrx_word' id='word_1_266' title='bbox 334 2427 465 2473; x_wconf 88' lang='lat' dir='ltr'>aliisque</span> <span class='ocrx_word' id='word_1_267' title='bbox 487 2427 649 2471; x_wconf 82' lang='lat' dir='ltr'>aediliciis,</span> <span class='ocrx_word' id='word_1_268' title='bbox 672 2429 773 2468; x_wconf 82' lang='lat' dir='ltr'>terris,</span> <span class='ocrx_word' id='word_1_269' title='bbox 802 2428 910 2468; x_wconf 71' lang='lat' dir='ltr'>vineis7</span> <span class='ocrx_word' id='word_1_270' title='bbox 944 2441 1002 2474; x_wconf 86' lang='lat' dir='ltr'>po-</span> 
     </span>
     <span class='ocr_line' id='line_1_50' title="bbox 254 2476 1001 2524; baseline 0.004 -16"><span class='ocrx_word' id='word_1_271' title='bbox 254 2476 329 2515; x_wconf 80' lang='lat' dir='ltr'>mis,</span> <span class='ocrx_word' id='word_1_272' title='bbox 351 2476 484 2524; x_wconf 88' lang='lat' dir='ltr'>aliisque</span> <span class='ocrx_word' id='word_1_273' title='bbox 507 2477 674 2512; x_wconf 78' lang='lat' dir='ltr'>arboribus</span> <span class='ocrx_word' id='word_1_274' title='bbox 696 2477 874 2518; x_wconf 80' lang='lat' dir='ltr'>fructiferis,</span> <span class='ocrx_word' id='word_1_275' title='bbox 897 2485 927 2512; x_wconf 84' lang='lat' dir='ltr'>ct</span> <span class='ocrx_word' id='word_1_276' title='bbox 955 2478 1001 2511; x_wconf 91' lang='lat' dir='ltr'>in-</span> 
     </span>
     <span class='ocr_line' id='line_1_51' title="bbox 252 2523 1000 2573; baseline 0.005 -16"><span class='ocrx_word' id='word_1_277' title='bbox 252 2523 438 2567; x_wconf 78' lang='lat' dir='ltr'>fructiferis,</span> <span class='ocrx_word' id='word_1_278' title='bbox 466 2526 715 2573; x_wconf 66' lang='lat' dir='ltr'>montibusque,</span> <span class='ocrx_word' id='word_1_279' title='bbox 748 2539 819 2561; x_wconf 87' lang='lat' dir='ltr'>cum</span> <span class='ocrx_word' id='word_1_280' title='bbox 856 2527 1000 2571; x_wconf 75' lang='lat' dir='ltr'>vallibus,</span> 
     </span>
     <span class='ocr_line' id='line_1_52' title="bbox 251 2575 1000 2623; baseline 0.004 -15"><span class='ocrx_word' id='word_1_281' title='bbox 251 2575 383 2616; x_wconf 70' lang='lat' dir='ltr'>cultum,</span> <span class='ocrx_word' id='word_1_282' title='bbox 406 2583 437 2610; x_wconf 87' lang='lat' dir='ltr'>et</span> <span class='ocrx_word' id='word_1_283' title='bbox 451 2576 618 2621; x_wconf 81' lang='lat' dir='ltr'>incultum,</span> <span class='ocrx_word' id='word_1_284' title='bbox 632 2576 736 2623; x_wconf 87' lang='lat' dir='ltr'>aquis,</span> <span class='ocrx_word' id='word_1_285' title='bbox 751 2577 1000 2623; x_wconf 81' lang='lat' dir='ltr'>decursibusque</span> 
     </span>
     <span class='ocr_line' id='line_1_53' title="bbox 250 2626 998 2670; baseline 0.003 -13"><span class='ocrx_word' id='word_1_286' title='bbox 250 2636 356 2658; x_wconf 87' lang='lat' dir='ltr'>earum</span> <span class='ocrx_word' id='word_1_287' title='bbox 387 2638 459 2659; x_wconf 85' lang='lat' dir='ltr'>cum</span> <span class='ocrx_word' id='word_1_288' title='bbox 490 2626 617 2660; x_wconf 88' lang='lat' dir='ltr'>introitu</span> <span class='ocrx_word' id='word_1_289' title='bbox 650 2634 680 2660; x_wconf 85' lang='lat' dir='ltr'>et</span> <span class='ocrx_word' id='word_1_290' title='bbox 711 2626 794 2660; x_wconf 85' lang='lat' dir='ltr'>exitu</span> <span class='ocrx_word' id='word_1_291' title='bbox 823 2639 892 2670; x_wconf 82' lang='lat' dir='ltr'>suo,</span> <span class='ocrx_word' id='word_1_292' title='bbox 928 2639 998 2660; x_wconf 85' lang='lat' dir='ltr'>cuni</span> 
     </span>
     <span class='ocr_line' id='line_1_54' title="bbox 249 2673 999 2722; baseline 0.004 -16"><span class='ocrx_word' id='word_1_293' title='bbox 249 2673 409 2718; x_wconf 83' lang='lat' dir='ltr'>omnibus,</span> <span class='ocrx_word' id='word_1_294' title='bbox 436 2675 516 2709; x_wconf 83' lang='lat' dir='ltr'>etin</span> <span class='ocrx_word' id='word_1_295' title='bbox 547 2675 695 2710; x_wconf 88' lang='lat' dir='ltr'>omnibus</span> <span class='ocrx_word' id='word_1_296' title='bbox 730 2683 883 2722; x_wconf 86' lang='lat' dir='ltr'>quantum</span> <span class='ocrx_word' id='word_1_297' title='bbox 922 2675 999 2709; x_wconf 83' lang='lat' dir='ltr'>infra</span> 
     </span>
    </p>
   </div>
   <div class='ocr_carea' id='block_1_13' title="bbox 283 2734 545 2770">
    <p class='ocr_par' dir='ltr' id='par_1_13' title="bbox 283 2734 545 2770">
     <span class='ocr_line' id='line_1_55' title="bbox 283 2734 545 2770; baseline 0.008 -10"><span class='ocrx_word' id='word_1_298' title='bbox 283 2734 324 2770; x_wconf 75' lang='grc'>(1)</span> <span class='ocrx_word' id='word_1_299' title='bbox 339 2735 418 2762; x_wconf 56' lang='lat' dir='ltr'>Deest</span> <span class='ocrx_word' id='word_1_300' title='bbox 433 2737 545 2768; x_wconf 76' lang='lat' dir='ltr'>aliquid.</span> 
     </span>
    </p>
   </div>
   <div class='ocr_carea' id='block_1_14' title="bbox 264 2826 454 2839">
    <p class='ocr_par' dir='ltr' id='par_1_14' title="bbox 264 2826 454 2839">
     <span class='ocr_line' id='line_1_56' title="bbox 264 2826 454 2839; baseline 0.011 -11"><span class='ocrx_word' id='word_1_301' title='bbox 264 2827 343 2839; x_wconf 37' lang='lat' dir='ltr'>pff„</span> <span class='ocrx_word' id='word_1_302' title='bbox 368 2826 373 2829; x_wconf 32' lang='lat' dir='ltr'>r</span> <span class='ocrx_word' id='word_1_303' title='bbox 427 2827 429 2829; x_wconf 95' lang='lat'>.</span> <span class='ocrx_word' id='word_1_304' title='bbox 437 2827 454 2830; x_wconf 64' lang='lat'>„-</span> 
     </span>
    </p>
   </div>
   <div class='ocr_carea' id='block_1_15' title="bbox 1054 448 1802 595">
    <p class='ocr_par' dir='ltr' id='par_1_15' title="bbox 1054 448 1802 595">
     <span class='ocr_line' id='line_1_57' title="bbox 1055 448 1802 495; baseline 0.004 -13"><span class='ocrx_word' id='word_1_305' title='bbox 1055 457 1143 482; x_wconf 88' lang='lat' dir='ltr'>autea</span> <span class='ocrx_word' id='word_1_306' title='bbox 1180 448 1297 488; x_wconf 77' lang='lat' dir='ltr'>haberi,</span> <span class='ocrx_word' id='word_1_307' title='bbox 1330 461 1479 495; x_wconf 79' lang='lat' dir='ltr'>apparere</span> <span class='ocrx_word' id='word_1_308' title='bbox 1507 450 1647 492; x_wconf 72' lang='lat' dir='ltr'>habetur,</span> <span class='ocrx_word' id='word_1_309' title='bbox 1670 451 1706 484; x_wconf 92' lang='lat' dir='ltr'>ad</span> <span class='ocrx_word' id='word_1_310' title='bbox 1744 451 1802 485; x_wconf 91' lang='lat' dir='ltr'>ho-</span> 
     </span>
     <span class='ocr_line' id='line_1_58' title="bbox 1055 498 1800 536; baseline 0.004 -5"><span class='ocrx_word' id='word_1_311' title='bbox 1055 510 1163 532; x_wconf 84' lang='lat' dir='ltr'>norem</span> <span class='ocrx_word' id='word_1_312' title='bbox 1187 498 1224 532; x_wconf 93' lang='lat' dir='ltr'>D.</span> <span class='ocrx_word' id='word_1_313' title='bbox 1247 498 1285 532; x_wconf 88' lang='lat' dir='ltr'>N.</span> <span class='ocrx_word' id='word_1_314' title='bbox 1308 498 1376 532; x_wconf 83' lang='lat' dir='ltr'>Iesu</span> <span class='ocrx_word' id='word_1_315' title='bbox 1408 499 1536 536; x_wconf 77' lang='lat' dir='ltr'>Christi,</span> <span class='ocrx_word' id='word_1_316' title='bbox 1568 508 1598 533; x_wconf 89' lang='lat' dir='ltr'>et</span> <span class='ocrx_word' id='word_1_317' title='bbox 1626 499 1659 533; x_wconf 84' lang='lat' dir='ltr'>B.</span> <span class='ocrx_word' id='word_1_318' title='bbox 1686 500 1800 534; x_wconf 84' lang='lat' dir='ltr'>Mariae</span> 
     </span>
     <span class='ocr_line' id='line_1_59' title="bbox 1054 547 1800 595; baseline 0.005 -16"><span class='ocrx_word' id='word_1_319' title='bbox 1054 559 1180 593; x_wconf 76' lang='lat' dir='ltr'>semper</span> <span class='ocrx_word' id='word_1_320' title='bbox 1210 547 1356 592; x_wconf 66' lang='lat' dir='ltr'>virginis,</span> <span class='ocrx_word' id='word_1_321' title='bbox 1384 557 1411 581; x_wconf 69' lang='lat' dir='ltr'>et</span> <span class='ocrx_word' id='word_1_322' title='bbox 1450 548 1484 581; x_wconf 75' lang='lat'>13.</span> <span class='ocrx_word' id='word_1_323' title='bbox 1514 548 1596 582; x_wconf 78' lang='lat' dir='ltr'>l&#39;etri</span> <span class='ocrx_word' id='word_1_324' title='bbox 1633 551 1800 595; x_wconf 81' lang='lat' dir='ltr'>apostolo—</span> 
     </span>
    </p>
   </div>
   <div class='ocr_carea' id='block_1_16' title="bbox 1834 330 2017 359">
    <p class='ocr_par' dir='ltr' id='par_1_16' title="bbox 1834 330 2017 359">
     <span class='ocr_line' id='line_1_60' title="bbox 1834 330 2017 359; baseline 0.011 -2"><span class='ocrx_word' id='word_1_325' title='bbox 1834 330 1885 357; x_wconf 78' lang='grc' dir='ltr'>Αῐι.</span> <span class='ocrx_word' id='word_1_326' title='bbox 1917 331 1945 358; x_wconf 92' lang='lat' dir='ltr'>C.</span> <span class='ocrx_word' id='word_1_327' title='bbox 1966 333 2017 359; x_wconf 80' lang='lat'>857</span> 
     </span>
    </p>
   </div>
   <div class='ocr_carea' id='block_1_17' title="bbox 1833 543 2014 600">
    <p class='ocr_par' dir='ltr' id='par_1_17' title="bbox 1833 543 2014 600">
     <span class='ocr_line' id='line_1_61' title="bbox 1833 543 2013 564; baseline 0.011 -2"><span class='ocrx_word' id='word_1_328' title='bbox 1833 543 1874 562; x_wconf 71' lang='lat' dir='ltr'>Cur</span> <span class='ocrx_word' id='word_1_329' title='bbox 1923 543 2013 564; x_wconf 41' lang='lat' dir='ltr'>leviti-ilfi</span> 
     </span>
     <span class='ocr_line' id='line_1_62' title="bbox 1833 579 2014 600; baseline 0.011 -2"><span class='ocrx_word' id='word_1_330' title='bbox 1833 582 1880 599; x_wconf 68' lang='lat' dir='ltr'>clus</span> <span class='ocrx_word' id='word_1_331' title='bbox 1901 579 1940 600; x_wconf 81' lang='grc'>1“1’.</span> <span class='ocrx_word' id='word_1_332' title='bbox 1957 584 2014 600; x_wconf 66' lang='lat' dir='ltr'>tanti·</span> 
     </span>
    </p>
   </div>
   <div class='ocr_carea' id='block_1_18' title="bbox 1055 597 1982 643">
    <p class='ocr_par' dir='ltr' id='par_1_18' title="bbox 1055 597 1982 643">
     <span class='ocr_line' id='line_1_63' title="bbox 1055 597 1982 643; baseline 0.005 -14"><span class='ocrx_word' id='word_1_333' title='bbox 1055 609 1122 629; x_wconf 84' lang='lat' dir='ltr'>runi</span> <span class='ocrx_word' id='word_1_334' title='bbox 1140 597 1300 643; x_wconf 71' lang='lat' dir='ltr'>principis,</span> <span class='ocrx_word' id='word_1_335' title='bbox 1323 597 1359 630; x_wconf 90' lang='lat' dir='ltr'>ad</span> <span class='ocrx_word' id='word_1_336' title='bbox 1385 598 1546 631; x_wconf 85' lang='lat' dir='ltr'>utilitatem</span> <span class='ocrx_word' id='word_1_337' title='bbox 1560 611 1631 633; x_wconf 77' lang='lat' dir='ltr'>vero</span> <span class='ocrx_word' id='word_1_338' title='bbox 1655 608 1798 639; x_wconf 77' lang='lat' dir='ltr'>vestram,</span> <span class='ocrx_word' id='word_1_339' title='bbox 1844 623 1848 634; x_wconf 79' lang='grc'>,</span> <span class='ocrx_word' id='word_1_340' title='bbox 1894 622 1903 634; x_wconf 72' lang='lat' dir='ltr'>n</span> <span class='ocrx_word' id='word_1_341' title='bbox 1945 624 1950 635; x_wconf 50' lang='lat' dir='ltr'>i</span> <span class='ocrx_word' id='word_1_342' title='bbox 1974 624 1982 635; x_wconf 41' lang='grc' dir='ltr'><strong>ς</strong></span> 
     </span>
    </p>
   </div>
   <div class='ocr_carea' id='block_1_19' title="bbox 1046 655 1799 1780">
    <p class='ocr_par' dir='ltr' id='par_1_19' title="bbox 1046 655 1799 1780">
     <span class='ocr_line' id='line_1_64' title="bbox 1053 655 1798 692; baseline 0.005 -13"><span class='ocrx_word' id='word_1_343' title='bbox 1053 657 1336 692; x_wconf 81' lang='lat' dir='ltr'>successorumque</span> <span class='ocrx_word' id='word_1_344' title='bbox 1359 655 1531 681; x_wconf 65' lang='lat' dir='ltr'>resti-orum</span> <span class='ocrx_word' id='word_1_345' title='bbox 1550 675 1555 680; x_wconf 95' lang='lat'>.</span> <span class='ocrx_word' id='word_1_346' title='bbox 1573 674 1579 681; x_wconf 90' lang='lat'>.</span> <span class='ocrx_word' id='word_1_347' title='bbox 1597 675 1603 681; x_wconf 93' lang='lat'>.</span> <span class='ocrx_word' id='word_1_348' title='bbox 1618 675 1624 681; x_wconf 93' lang='lat'>.</span> <span class='ocrx_word' id='word_1_349' title='bbox 1640 675 1646 681; x_wconf 93' lang='lat'><em>.</em></span> <span class='ocrx_word' id='word_1_350' title='bbox 1666 675 1672 681; x_wconf 93' lang='lat'>.</span> <span class='ocrx_word' id='word_1_351' title='bbox 1690 675 1696 681; x_wconf 96' lang='lat'>.</span> <span class='ocrx_word' id='word_1_352' title='bbox 1725 661 1798 683; x_wconf 81' lang='lat' dir='ltr'>sane</span> 
     </span>
     <span class='ocr_line' id='line_1_65' title="bbox 1054 694 1798 735; baseline 0.005 -8"><span class='ocrx_word' id='word_1_353' title='bbox 1054 694 1195 728; x_wconf 67' lang='lat' dir='ltr'>videlicet</span> <span class='ocrx_word' id='word_1_354' title='bbox 1231 696 1361 735; x_wconf 81' lang='lat' dir='ltr'>ratione,</span> <span class='ocrx_word' id='word_1_355' title='bbox 1403 704 1433 729; x_wconf 89' lang='lat' dir='ltr'>et</span> <span class='ocrx_word' id='word_1_356' title='bbox 1463 697 1699 731; x_wconf 78' lang='lat' dir='ltr'>convenientiae</span> <span class='ocrx_word' id='word_1_357' title='bbox 1720 710 1798 732; x_wconf 90' lang='lat' dir='ltr'>con—</span> 
     </span>
     <span class='ocr_line' id='line_1_66' title="bbox 1052 744 1799 792; baseline 0.005 -15"><span class='ocrx_word' id='word_1_358' title='bbox 1052 744 1195 778; x_wconf 78' lang='lat' dir='ltr'>cedimus</span> <span class='ocrx_word' id='word_1_359' title='bbox 1217 744 1305 778; x_wconf 87' lang='lat' dir='ltr'>vobis</span> <span class='ocrx_word' id='word_1_360' title='bbox 1340 745 1398 778; x_wconf 88' lang='lat' dir='ltr'>iam</span> <span class='ocrx_word' id='word_1_361' title='bbox 1436 745 1631 792; x_wconf 82' lang='lat' dir='ltr'>supradictas</span> <span class='ocrx_word' id='word_1_362' title='bbox 1664 759 1723 786; x_wconf 64' lang='lat' dir='ltr'>res,</span> <span class='ocrx_word' id='word_1_363' title='bbox 1752 759 1799 781; x_wconf 81' lang='lat' dir='ltr'>ve-</span> 
     </span>
     <span class='ocr_line' id='line_1_67' title="bbox 1052 793 1796 839; baseline 0.005 -14"><span class='ocrx_word' id='word_1_364' title='bbox 1052 793 1185 839; x_wconf 86' lang='lat' dir='ltr'>strisque</span> <span class='ocrx_word' id='word_1_365' title='bbox 1215 793 1414 837; x_wconf 71' lang='lat' dir='ltr'>haeredibus,</span> <span class='ocrx_word' id='word_1_366' title='bbox 1442 802 1473 828; x_wconf 86' lang='lat' dir='ltr'>et</span> <span class='ocrx_word' id='word_1_367' title='bbox 1511 795 1744 829; x_wconf 85' lang='lat' dir='ltr'>successoribus</span> <span class='ocrx_word' id='word_1_368' title='bbox 1768 797 1796 830; x_wconf 91' lang='lat' dir='ltr'>in</span> 
     </span>
     <span class='ocr_line' id='line_1_68' title="bbox 1052 843 1798 891; baseline 0.005 -16"><span class='ocrx_word' id='word_1_369' title='bbox 1052 852 1251 889; x_wconf 64' lang='lat' dir='ltr'>perpetuum,</span> <span class='ocrx_word' id='word_1_370' title='bbox 1278 843 1351 890; x_wconf 86' lang='lat' dir='ltr'>quia</span> <span class='ocrx_word' id='word_1_371' title='bbox 1375 843 1405 876; x_wconf 92' lang='lat' dir='ltr'>in</span> <span class='ocrx_word' id='word_1_372' title='bbox 1423 844 1569 878; x_wconf 89' lang='lat' dir='ltr'>omnibus</span> <span class='ocrx_word' id='word_1_373' title='bbox 1591 857 1715 891; x_wconf 82' lang='lat' dir='ltr'>semper</span> <span class='ocrx_word' id='word_1_374' title='bbox 1740 858 1798 879; x_wconf 91' lang='lat' dir='ltr'>no-</span> 
     </span>
     <span class='ocr_line' id='line_1_69' title="bbox 1052 891 1796 940; baseline 0.004 -15"><span class='ocrx_word' id='word_1_375' title='bbox 1052 891 1099 925; x_wconf 89' lang='lat' dir='ltr'>bis</span> <span class='ocrx_word' id='word_1_376' title='bbox 1120 892 1304 926; x_wconf 84' lang='lat' dir='ltr'>obedientes</span> <span class='ocrx_word' id='word_1_377' title='bbox 1323 892 1434 931; x_wconf 75' lang='lat' dir='ltr'>fuistis,</span> <span class='ocrx_word' id='word_1_378' title='bbox 1456 901 1549 940; x_wconf 85' lang='lat' dir='ltr'>atque</span> <span class='ocrx_word' id='word_1_379' title='bbox 1568 894 1597 927; x_wconf 92' lang='lat' dir='ltr'>in</span> <span class='ocrx_word' id='word_1_380' title='bbox 1622 895 1796 933; x_wconf 76' lang='lat' dir='ltr'>utilitatem,</span> 
     </span>
     <span class='ocr_line' id='line_1_70' title="bbox 1050 941 1793 988; baseline 0.005 -15"><span class='ocrx_word' id='word_1_381' title='bbox 1050 941 1274 988; x_wconf 75' lang='lat' dir='ltr'>servitiumque</span> <span class='ocrx_word' id='word_1_382' title='bbox 1297 950 1437 975; x_wconf 88' lang='lat' dir='ltr'>nostrum</span> <span class='ocrx_word' id='word_1_383' title='bbox 1473 943 1567 988; x_wconf 85' lang='lat' dir='ltr'>parati</span> <span class='ocrx_word' id='word_1_384' title='bbox 1600 943 1684 983; x_wconf 76' lang='lat' dir='ltr'>estis7</span> <span class='ocrx_word' id='word_1_385' title='bbox 1707 952 1737 978; x_wconf 88' lang='lat' dir='ltr'>et</span> <span class='ocrx_word' id='word_1_386' title='bbox 1765 944 1793 977; x_wconf 91' lang='lat' dir='ltr'>in</span> 
     </span>
     <span class='ocr_line' id='line_1_71' title="bbox 1050 990 1795 1038; baseline 0.004 -15"><span class='ocrx_word' id='word_1_387' title='bbox 1050 990 1188 1024; x_wconf 87' lang='lat' dir='ltr'>futurum</span> <span class='ocrx_word' id='word_1_388' title='bbox 1216 999 1387 1037; x_wconf 86' lang='lat' dir='ltr'>spontanee</span> <span class='ocrx_word' id='word_1_389' title='bbox 1420 992 1600 1037; x_wconf 86' lang='lat' dir='ltr'>promittitis</span> <span class='ocrx_word' id='word_1_390' title='bbox 1626 993 1795 1038; x_wconf 84' lang='lat' dir='ltr'>adimplere</span> 
     </span>
     <span class='ocr_line' id='line_1_72' title="bbox 1051 1040 1796 1088; baseline 0.004 -15"><span class='ocrx_word' id='word_1_391' title='bbox 1051 1040 1078 1073; x_wconf 90' lang='lat' dir='ltr'>in</span> <span class='ocrx_word' id='word_1_392' title='bbox 1119 1048 1224 1074; x_wconf 83' lang='lat' dir='ltr'>sancta</span> <span class='ocrx_word' id='word_1_393' title='bbox 1242 1068 1250 1080; x_wconf 68' lang='lat'>,</span> <span class='ocrx_word' id='word_1_394' title='bbox 1286 1053 1472 1087; x_wconf 83' lang='lat' dir='ltr'>summaque</span> <span class='ocrx_word' id='word_1_395' title='bbox 1498 1041 1573 1075; x_wconf 85' lang='lat' dir='ltr'>sede</span> <span class='ocrx_word' id='word_1_396' title='bbox 1604 1042 1771 1088; x_wconf 86' lang='lat' dir='ltr'>apostolica</span> <span class='ocrx_word' id='word_1_397' title='bbox 1788 1070 1796 1080; x_wconf 78' lang='grc'>,</span> 
     </span>
     <span class='ocr_line' id='line_1_73' title="bbox 1049 1089 1797 1137; baseline 0.003 -14"><span class='ocrx_word' id='word_1_398' title='bbox 1049 1089 1201 1123; x_wconf 81' lang='lat' dir='ltr'>confirmo</span> <span class='ocrx_word' id='word_1_399' title='bbox 1216 1090 1329 1124; x_wconf 89' lang='lat' dir='ltr'>habere</span> <span class='ocrx_word' id='word_1_400' title='bbox 1352 1102 1416 1133; x_wconf 76' lang='lat' dir='ltr'>vos,</span> <span class='ocrx_word' id='word_1_401' title='bbox 1432 1102 1467 1124; x_wconf 85' lang='lat' dir='ltr'>ac</span> <span class='ocrx_word' id='word_1_402' title='bbox 1490 1090 1651 1137; x_wconf 85' lang='lat' dir='ltr'>possidere</span> <span class='ocrx_word' id='word_1_403' title='bbox 1664 1104 1728 1134; x_wconf 77' lang='lat' dir='ltr'>vos⁷</span> <span class='ocrx_word' id='word_1_404' title='bbox 1745 1104 1797 1125; x_wconf 86' lang='lat' dir='ltr'>ve.—</span> 
     </span>
     <span class='ocr_line' id='line_1_74' title="bbox 1049 1139 1798 1187; baseline 0.003 -15"><span class='ocrx_word' id='word_1_405' title='bbox 1049 1147 1192 1186; x_wconf 89' lang='lat' dir='ltr'>strosque</span> <span class='ocrx_word' id='word_1_406' title='bbox 1215 1139 1376 1184; x_wconf 80' lang='lat' dir='ltr'>haeredes,</span> <span class='ocrx_word' id='word_1_407' title='bbox 1400 1139 1445 1173; x_wconf 79' lang='lat' dir='ltr'>vel</span> <span class='ocrx_word' id='word_1_408' title='bbox 1468 1152 1664 1175; x_wconf 81' lang='lat' dir='ltr'>successores</span> <span class='ocrx_word' id='word_1_409' title='bbox 1680 1141 1709 1174; x_wconf 92' lang='lat' dir='ltr'>in</span> <span class='ocrx_word' id='word_1_410' title='bbox 1732 1154 1798 1187; x_wconf 87' lang='lat' dir='ltr'>pei·-</span> 
     </span>
     <span class='ocr_line' id='line_1_75' title="bbox 1050 1189 1794 1235; baseline 0.005 -14"><span class='ocrx_word' id='word_1_411' title='bbox 1050 1197 1178 1235; x_wconf 89' lang='lat' dir='ltr'>petuum</span> <span class='ocrx_word' id='word_1_412' title='bbox 1198 1201 1268 1223; x_wconf 87' lang='lat' dir='ltr'>cum</span> <span class='ocrx_word' id='word_1_413' title='bbox 1285 1189 1411 1224; x_wconf 89' lang='lat' dir='ltr'>Domini</span> <span class='ocrx_word' id='word_1_414' title='bbox 1427 1189 1656 1233; x_wconf 71' lang='lat' dir='ltr'>benedictione,</span> <span class='ocrx_word' id='word_1_415' title='bbox 1680 1198 1794 1225; x_wconf 87' lang='lat' dir='ltr'>nostra·</span> 
     </span>
     <span class='ocr_line' id='line_1_76' title="bbox 1048 1239 1797 1286; baseline 0.004 -15"><span class='ocrx_word' id='word_1_416' title='bbox 1048 1249 1121 1284; x_wconf 73' lang='lat' dir='ltr'>que,</span> <span class='ocrx_word' id='word_1_417' title='bbox 1144 1246 1387 1285; x_wconf 87' lang='lat' dir='ltr'>nostrorumque</span> <span class='ocrx_word' id='word_1_418' title='bbox 1409 1251 1640 1273; x_wconf 82' lang='lat' dir='ltr'>successorum.</span> <span class='ocrx_word' id='word_1_419' title='bbox 1664 1239 1797 1286; x_wconf 89' lang='lat' dir='ltr'>Insuper</span> 
     </span>
     <span class='ocr_line' id='line_1_77' title="bbox 1048 1287 1794 1335; baseline 0.004 -14"><span class='ocrx_word' id='word_1_420' title='bbox 1048 1287 1170 1333; x_wconf 73' lang='lat' dir='ltr'>obligo,</span> <span class='ocrx_word' id='word_1_421' title='bbox 1206 1296 1298 1335; x_wconf 86' lang='lat' dir='ltr'>atque</span> <span class='ocrx_word' id='word_1_422' title='bbox 1324 1288 1486 1322; x_wconf 84' lang='lat' dir='ltr'>confirmo.</span> <span class='ocrx_word' id='word_1_423' title='bbox 1525 1288 1559 1323; x_wconf 85' lang='lat' dir='ltr'>Si</span> <span class='ocrx_word' id='word_1_424' title='bbox 1593 1290 1665 1335; x_wconf 85' lang='lat' dir='ltr'>quis</span> <span class='ocrx_word' id='word_1_425' title='bbox 1690 1297 1794 1324; x_wconf 87' lang='lat' dir='ltr'>autem</span> 
     </span>
     <span class='ocr_line' id='line_1_78' title="bbox 1049 1337 1795 1384; baseline 0.004 -14"><span class='ocrx_word' id='word_1_426' title='bbox 1049 1337 1094 1371; x_wconf 79' lang='lat' dir='ltr'>vel</span> <span class='ocrx_word' id='word_1_427' title='bbox 1122 1338 1307 1372; x_wconf 86' lang='lat' dir='ltr'>temerarius</span> <span class='ocrx_word' id='word_1_428' title='bbox 1338 1338 1369 1371; x_wconf 90' lang='lat' dir='ltr'>in</span> <span class='ocrx_word' id='word_1_429' title='bbox 1397 1337 1502 1384; x_wconf 84' lang='lat' dir='ltr'>aliquo</span> <span class='ocrx_word' id='word_1_430' title='bbox 1534 1339 1709 1383; x_wconf 70' lang='lat' dir='ltr'>molestare,</span> <span class='ocrx_word' id='word_1_431' title='bbox 1742 1348 1795 1373; x_wconf 84' lang='lat' dir='ltr'>aut</span> 
     </span>
     <span class='ocr_line' id='line_1_79' title="bbox 1049 1387 1795 1434; baseline 0.003 -14"><span class='ocrx_word' id='word_1_432' title='bbox 1049 1387 1236 1433; x_wconf 72' lang='lat' dir='ltr'>inquietare,</span> <span class='ocrx_word' id='word_1_433' title='bbox 1258 1399 1294 1421; x_wconf 91' lang='lat' dir='ltr'>ac</span> <span class='ocrx_word' id='word_1_434' title='bbox 1312 1387 1432 1433; x_wconf 81' lang='lat' dir='ltr'>litigare</span> <span class='ocrx_word' id='word_1_435' title='bbox 1456 1399 1509 1434; x_wconf 84' lang='lat' dir='ltr'>per</span> <span class='ocrx_word' id='word_1_436' title='bbox 1530 1388 1692 1434; x_wconf 85' lang='lat' dir='ltr'>quodlibet</span> <span class='ocrx_word' id='word_1_437' title='bbox 1714 1389 1795 1434; x_wconf 80' lang='lat' dir='ltr'>inge—</span> 
     </span>
     <span class='ocr_line' id='line_1_80' title="bbox 1048 1436 1794 1480; baseline 0.004 -11"><span class='ocrx_word' id='word_1_438' title='bbox 1048 1436 1135 1470; x_wconf 90' lang='lat' dir='ltr'>nium</span> <span class='ocrx_word' id='word_1_439' title='bbox 1164 1436 1313 1480; x_wconf 74' lang='lat' dir='ltr'>voluerit,</span> <span class='ocrx_word' id='word_1_440' title='bbox 1341 1444 1394 1471; x_wconf 89' lang='lat' dir='ltr'>aut</span> <span class='ocrx_word' id='word_1_441' title='bbox 1429 1444 1534 1471; x_wconf 84' lang='lat' dir='ltr'>contra</span> <span class='ocrx_word' id='word_1_442' title='bbox 1565 1437 1644 1471; x_wconf 88' lang='lat' dir='ltr'>hanc</span> <span class='ocrx_word' id='word_1_443' title='bbox 1672 1446 1794 1472; x_wconf 84' lang='lat' dir='ltr'>nostrae</span> 
     </span>
     <span class='ocr_line' id='line_1_81' title="bbox 1047 1485 1796 1521; baseline 0.003 -2"><span class='ocrx_word' id='word_1_444' title='bbox 1047 1486 1263 1520; x_wconf 86' lang='lat' dir='ltr'>concessionis</span> <span class='ocrx_word' id='word_1_445' title='bbox 1297 1485 1469 1520; x_wconf 85' lang='lat' dir='ltr'>chartulam</span> <span class='ocrx_word' id='word_1_446' title='bbox 1506 1487 1682 1521; x_wconf 88' lang='lat' dir='ltr'>contrarius</span> <span class='ocrx_word' id='word_1_447' title='bbox 1716 1487 1796 1521; x_wconf 84' lang='lat' dir='ltr'>exti-</span> 
     </span>
     <span class='ocr_line' id='line_1_82' title="bbox 1046 1535 1796 1577; baseline 0.003 -9"><span class='ocrx_word' id='word_1_448' title='bbox 1046 1535 1129 1577; x_wconf 70' lang='lat' dir='ltr'>terit,</span> <span class='ocrx_word' id='word_1_449' title='bbox 1153 1536 1204 1569; x_wconf 81' lang='lat' dir='ltr'>liat</span> <span class='ocrx_word' id='word_1_450' title='bbox 1225 1535 1403 1575; x_wconf 69' lang='lat' dir='ltr'>anatliema,</span> <span class='ocrx_word' id='word_1_451' title='bbox 1426 1544 1456 1569; x_wconf 85' lang='lat' dir='ltr'>et</span> <span class='ocrx_word' id='word_1_452' title='bbox 1478 1535 1685 1577; x_wconf 74' lang='lat' dir='ltr'>anathemata,</span> <span class='ocrx_word' id='word_1_453' title='bbox 1705 1536 1796 1570; x_wconf 86' lang='lat' dir='ltr'>insn-</span> 
     </span>
     <span class='ocr_line' id='line_1_83' title="bbox 1046 1584 1793 1632; baseline 0.004 -15"><span class='ocrx_word' id='word_1_454' title='bbox 1046 1597 1102 1630; x_wconf 86' lang='lat' dir='ltr'>per</span> <span class='ocrx_word' id='word_1_455' title='bbox 1124 1584 1175 1619; x_wconf 85' lang='lat' dir='ltr'>fiat</span> <span class='ocrx_word' id='word_1_456' title='bbox 1197 1585 1390 1632; x_wconf 85' lang='lat' dir='ltr'>compositor</span> <span class='ocrx_word' id='word_1_457' title='bbox 1413 1585 1441 1618; x_wconf 91' lang='lat' dir='ltr'>in</span> <span class='ocrx_word' id='word_1_458' title='bbox 1465 1598 1598 1625; x_wconf 77' lang='lat' dir='ltr'>summa,</span> <span class='ocrx_word' id='word_1_459' title='bbox 1621 1593 1651 1620; x_wconf 88' lang='lat' dir='ltr'>et</span> <span class='ocrx_word' id='word_1_460' title='bbox 1665 1594 1793 1632; x_wconf 88' lang='lat' dir='ltr'>aposto-</span> 
     </span>
     <span class='ocr_line' id='line_1_84' title="bbox 1047 1634 1794 1680; baseline 0.003 -12"><span class='ocrx_word' id='word_1_461' title='bbox 1047 1634 1104 1668; x_wconf 82' lang='lat' dir='ltr'>tica</span> <span class='ocrx_word' id='word_1_462' title='bbox 1131 1634 1206 1668; x_wconf 85' lang='lat' dir='ltr'>sede</span> <span class='ocrx_word' id='word_1_463' title='bbox 1233 1646 1260 1668; x_wconf 89' lang='lat' dir='ltr'>c.</span> <span class='ocrx_word' id='word_1_464' title='bbox 1288 1634 1341 1668; x_wconf 90' lang='lat' dir='ltr'>lib.</span> <span class='ocrx_word' id='word_1_465' title='bbox 1365 1635 1432 1668; x_wconf 82' lang='lat' dir='ltr'>nuri</span> <span class='ocrx_word' id='word_1_466' title='bbox 1458 1635 1695 1680; x_wconf 73' lang='lat' dir='ltr'>optimi3soluta</span> <span class='ocrx_word' id='word_1_467' title='bbox 1723 1648 1794 1670; x_wconf 79' lang='lat' dir='ltr'>vero</span> 
     </span>
     <span class='ocr_line' id='line_1_85' title="bbox 1047 1683 1794 1731; baseline 0.003 -14"><span class='ocrx_word' id='word_1_468' title='bbox 1047 1696 1159 1729; x_wconf 70' lang='lat' dir='ltr'>poena,</span> <span class='ocrx_word' id='word_1_469' title='bbox 1182 1684 1258 1718; x_wconf 86' lang='lat' dir='ltr'>haec</span> <span class='ocrx_word' id='word_1_470' title='bbox 1280 1683 1420 1718; x_wconf 82' lang='lat' dir='ltr'>chartula</span> <span class='ocrx_word' id='word_1_471' title='bbox 1443 1696 1569 1731; x_wconf 83' lang='lat' dir='ltr'>semper</span> <span class='ocrx_word' id='word_1_472' title='bbox 1596 1686 1647 1719; x_wconf 82' lang='lat' dir='ltr'>fiat</span> <span class='ocrx_word' id='word_1_473' title='bbox 1673 1685 1794 1719; x_wconf 89' lang='lat' dir='ltr'>stabilis</span> 
     </span>
     <span class='ocr_line' id='line_1_86' title="bbox 1047 1733 1305 1780; baseline 0.004 -14"><span class='ocrx_word' id='word_1_474' title='bbox 1047 1733 1076 1767; x_wconf 90' lang='lat' dir='ltr'>in</span> <span class='ocrx_word' id='word_1_475' title='bbox 1107 1743 1305 1780; x_wconf 80' lang='lat' dir='ltr'>perpetuum.</span> 
     </span>
    </p>
   </div>
   <div class='ocr_carea' id='block_1_20' title="bbox 1097 1782 1853 1837">
    <p class='ocr_par' dir='ltr' id='par_1_20' title="bbox 1097 1782 1853 1837">
     <span class='ocr_line' id='line_1_87' title="bbox 1097 1782 1853 1837; baseline 0.001 -20"><span class='ocrx_word' id='word_1_476' title='bbox 1097 1784 1227 1817; x_wconf 85' lang='lat' dir='ltr'>loannes</span> <span class='ocrx_word' id='word_1_477' title='bbox 1250 1795 1349 1829; x_wconf 85' lang='lat' dir='ltr'>nepos</span> <span class='ocrx_word' id='word_1_478' title='bbox 1377 1783 1496 1817; x_wconf 90' lang='lat' dir='ltr'>domini</span> <span class='ocrx_word' id='word_1_479' title='bbox 1515 1783 1685 1830; x_wconf 66' lang='lat' dir='ltr'>pontificis,</span> <span class='ocrx_word' id='word_1_480' title='bbox 1701 1783 1795 1818; x_wconf 79' lang='lat' dir='ltr'>Gual-</span> <span class='ocrx_word' id='word_1_481' title='bbox 1834 1782 1853 1837; x_wconf 47' lang='grc' dir='ltr'>ζ’·</span> 
     </span>
    </p>
   </div>
   <div class='ocr_carea' id='block_1_21' title="bbox 1044 1832 1794 2177">
    <p class='ocr_par' dir='ltr' id='par_1_21' title="bbox 1045 1832 1793 1966">
     <span class='ocr_line' id='line_1_88' title="bbox 1046 1832 1793 1880; baseline 0.003 -14"><span class='ocrx_word' id='word_1_482' title='bbox 1046 1833 1143 1867; x_wconf 85' lang='lat' dir='ltr'>terius</span> <span class='ocrx_word' id='word_1_483' title='bbox 1165 1833 1310 1867; x_wconf 82' lang='lat' dir='ltr'>similiter</span> <span class='ocrx_word' id='word_1_484' title='bbox 1332 1846 1431 1880; x_wconf 83' lang='lat' dir='ltr'>nepos</span> <span class='ocrx_word' id='word_1_485' title='bbox 1449 1832 1528 1876; x_wconf 70' lang='lat' dir='ltr'>eius7</span> <span class='ocrx_word' id='word_1_486' title='bbox 1553 1842 1657 1876; x_wconf 68' lang='lat' dir='ltr'>testes7</span> <span class='ocrx_word' id='word_1_487' title='bbox 1675 1833 1793 1877; x_wconf 73' lang='lat' dir='ltr'>Sanxo,</span> 
     </span>
     <span class='ocr_line' id='line_1_89' title="bbox 1045 1882 1793 1929; baseline 0.001 -13"><span class='ocrx_word' id='word_1_488' title='bbox 1045 1894 1152 1917; x_wconf 87' lang='lat' dir='ltr'>comes</span> <span class='ocrx_word' id='word_1_489' title='bbox 1184 1882 1363 1929; x_wconf 81' lang='lat' dir='ltr'>Raynerius</span> <span class='ocrx_word' id='word_1_490' title='bbox 1390 1883 1429 1917; x_wconf 87' lang='lat' dir='ltr'>de</span> <span class='ocrx_word' id='word_1_491' title='bbox 1460 1882 1595 1929; x_wconf 75' lang='lat' dir='ltr'>loseph,</span> <span class='ocrx_word' id='word_1_492' title='bbox 1628 1882 1727 1917; x_wconf 88' lang='lat' dir='ltr'>Adam</span> <span class='ocrx_word' id='word_1_493' title='bbox 1755 1883 1793 1917; x_wconf 85' lang='lat' dir='ltr'>de</span> 
     </span>
     <span class='ocr_line' id='line_1_90' title="bbox 1046 1931 1308 1966; baseline 0.004 -1"><span class='ocrx_word' id='word_1_494' title='bbox 1046 1931 1175 1966; x_wconf 76' lang='lat' dir='ltr'>Alberto</span> <span class='ocrx_word' id='word_1_495' title='bbox 1203 1940 1308 1966; x_wconf 84' lang='lat' dir='ltr'>testes.</span> 
     </span>
    </p>

    <p class='ocr_par' dir='ltr' id='par_1_22' title="bbox 1044 1981 1794 2177">
     <span class='ocr_line' id='line_1_91' title="bbox 1093 1981 1794 2026; baseline 0 -11"><span class='ocrx_word' id='word_1_496' title='bbox 1093 1981 1162 2026; x_wconf 70' lang='lat' dir='ltr'>Ego</span> <span class='ocrx_word' id='word_1_497' title='bbox 1186 1981 1296 2016; x_wconf 86' lang='lat' dir='ltr'>Petrus</span> <span class='ocrx_word' id='word_1_498' title='bbox 1336 1981 1506 2016; x_wconf 90' lang='lat' dir='ltr'>scrinarius</span> <span class='ocrx_word' id='word_1_499' title='bbox 1532 1990 1656 2016; x_wconf 87' lang='lat' dir='ltr'>sanctae</span> <span class='ocrx_word' id='word_1_500' title='bbox 1684 1994 1794 2016; x_wconf 86' lang='lat' dir='ltr'>roma-</span> 
     </span>
     <span class='ocr_line' id='line_1_92' title="bbox 1046 2031 1794 2077; baseline 0 -13"><span class='ocrx_word' id='word_1_501' title='bbox 1046 2043 1102 2065; x_wconf 83' lang='lat' dir='ltr'>nae</span> <span class='ocrx_word' id='word_1_502' title='bbox 1128 2031 1291 2065; x_wconf 83' lang='lat' dir='ltr'>Ecclesiae</span> <span class='ocrx_word' id='word_1_503' title='bbox 1314 2031 1396 2065; x_wconf 90' lang='lat' dir='ltr'>hunc</span> <span class='ocrx_word' id='word_1_504' title='bbox 1420 2034 1464 2073; x_wconf 79' lang='grc'>(1)</span> <span class='ocrx_word' id='word_1_505' title='bbox 1500 2039 1700 2077; x_wconf 83' lang='lat' dir='ltr'>praeceptum</span> <span class='ocrx_word' id='word_1_506' title='bbox 1742 2044 1794 2077; x_wconf 82' lang='lat' dir='ltr'>per</span> 
     </span>
     <span class='ocr_line' id='line_1_93' title="bbox 1046 2080 1793 2127; baseline 0.001 -14"><span class='ocrx_word' id='word_1_507' title='bbox 1046 2080 1214 2115; x_wconf 83' lang='lat' dir='ltr'>iussionem</span> <span class='ocrx_word' id='word_1_508' title='bbox 1239 2081 1364 2114; x_wconf 86' lang='lat' dir='ltr'>Domini</span> <span class='ocrx_word' id='word_1_509' title='bbox 1399 2081 1560 2115; x_wconf 79' lang='lat' dir='ltr'>Benedicti</span> <span class='ocrx_word' id='word_1_510' title='bbox 1590 2080 1629 2114; x_wconf 94' lang='grc'>111</span> <span class='ocrx_word' id='word_1_511' title='bbox 1673 2093 1793 2127; x_wconf 75' lang='lat' dir='ltr'>papae,</span> 
     </span>
     <span class='ocr_line' id='line_1_94' title="bbox 1044 2130 1439 2177; baseline 0.003 -14"><span class='ocrx_word' id='word_1_512' title='bbox 1044 2142 1138 2164; x_wconf 87' lang='lat' dir='ltr'>manu</span> <span class='ocrx_word' id='word_1_513' title='bbox 1167 2142 1235 2164; x_wconf 85' lang='lat' dir='ltr'>mea</span> <span class='ocrx_word' id='word_1_514' title='bbox 1258 2130 1439 2177; x_wconf 82' lang='lat' dir='ltr'>subscripsi.</span> 
     </span>
    </p>
   </div>
   <div class='ocr_carea' id='block_1_22' title="bbox 1305 2310 1564 2360">
    <p class='ocr_par' dir='ltr' id='par_1_23' title="bbox 1305 2310 1564 2360">
     <span class='ocr_line' id='line_1_95' title="bbox 1305 2310 1564 2360; baseline 0 0"><span class='ocrx_word' id='word_1_515' title='bbox 1305 2310 1510 2360; x_wconf 67' lang='lat' dir='ltr'>Ntctititts</span> <span class='ocrx_word' id='word_1_516' title='bbox 1551 2312 1564 2360; x_wconf 95' lang='grc'>1</span> 
     </span>
    </p>
   </div>
   <div class='ocr_carea' id='block_1_23' title="bbox 1045 2398 1793 2496">
    <p class='ocr_par' dir='ltr' id='par_1_24' title="bbox 1045 2398 1793 2496">
     <span class='ocr_line' id='line_1_96' title="bbox 1332 2398 1521 2429; baseline 0 -1"><span class='ocrx_word' id='word_1_517' title='bbox 1332 2398 1427 2429; x_wconf 75' lang='grc' dir='ltr'>ΡΛΡΑ</span> <span class='ocrx_word' id='word_1_518' title='bbox 1452 2399 1521 2428; x_wconf 82' lang='lat' dir='ltr'>Cth</span> 
     </span>
     <span class='ocr_line' id='line_1_97' title="bbox 1045 2462 1793 2496; baseline 0.003 -2"><span class='ocrx_word' id='word_1_519' title='bbox 1045 2462 1135 2495; x_wconf 73' lang='lat' dir='ltr'>Anno</span> <span class='ocrx_word' id='word_1_520' title='bbox 1160 2474 1248 2495; x_wconf 79' lang='lat' dir='ltr'>aerae</span> <span class='ocrx_word' id='word_1_521' title='bbox 1276 2462 1389 2495; x_wconf 73' lang='lat' dir='ltr'>Christi</span> <span class='ocrx_word' id='word_1_522' title='bbox 1416 2475 1523 2495; x_wconf 81' lang='lat' dir='ltr'>comm.</span> <span class='ocrx_word' id='word_1_523' title='bbox 1555 2462 1793 2496; x_wconf 80' lang='lat' dir='ltr'><em>DCCCLVIH.</em></span> 
     </span>
    </p>
   </div>
   <div class='ocr_carea' id='block_1_24' title="bbox 1043 2536 1794 2724">
    <p class='ocr_par' dir='ltr' id='par_1_25' title="bbox 1052 2552 1087 2563">
     <span class='ocr_line' id='line_1_98' title="bbox 1052 2552 1087 2563; baseline 0 0"><span class='ocrx_word' id='word_1_524' title='bbox 1052 2554 1053 2560; x_wconf 41' lang='grc'>1</span> <span class='ocrx_word' id='word_1_525' title='bbox 1086 2552 1087 2563; x_wconf 56' lang='lat' dir='ltr'>i</span> 
     </span>
    </p>

    <p class='ocr_par' dir='ltr' id='par_1_26' title="bbox 1043 2536 1794 2724">
     <span class='ocr_line' id='line_1_99' title="bbox 1046 2536 1794 2621; baseline 0.004 -12"><span class='ocrx_word' id='word_1_526' title='bbox 1046 2536 1228 2620; x_wconf 40' lang='lat' dir='ltr'>Nicolaitis,</span> <span class='ocrx_word' id='word_1_527' title='bbox 1256 2585 1380 2612; x_wconf 88' lang='lat' dir='ltr'>natione</span> <span class='ocrx_word' id='word_1_528' title='bbox 1405 2589 1563 2621; x_wconf 74' lang='lat' dir='ltr'>romanus,</span> <span class='ocrx_word' id='word_1_529' title='bbox 1587 2577 1668 2612; x_wconf 80' lang='lat' dir='ltr'>fitius</span> <span class='ocrx_word' id='word_1_530' title='bbox 1689 2577 1794 2612; x_wconf 87' lang='lat' dir='ltr'>Theo-</span> 
     </span>
     <span class='ocr_line' id='line_1_100' title="bbox 1043 2625 1789 2673; baseline 0.003 -15"><span class='ocrx_word' id='word_1_531' title='bbox 1043 2625 1111 2659; x_wconf 84' lang='lat' dir='ltr'>dori</span> <span class='ocrx_word' id='word_1_532' title='bbox 1158 2627 1351 2673; x_wconf 77' lang='lat' dir='ltr'>regionarii,</span> <span class='ocrx_word' id='word_1_533' title='bbox 1402 2627 1553 2661; x_wconf 85' lang='lat' dir='ltr'>diaconus</span> <span class='ocrx_word' id='word_1_534' title='bbox 1599 2627 1632 2661; x_wconf 80' lang='lat' dir='ltr'>S.</span> <span class='ocrx_word' id='word_1_535' title='bbox 1678 2626 1716 2660; x_wconf 70' lang='lat' dir='ltr'>R.</span> <span class='ocrx_word' id='word_1_536' title='bbox 1752 2627 1789 2661; x_wconf 83' lang='lat' dir='ltr'>E.</span> 
     </span>
     <span class='ocr_line' id='line_1_101' title="bbox 1044 2675 1793 2724; baseline 0.003 -15"><span class='ocrx_word' id='word_1_537' title='bbox 1044 2675 1206 2710; x_wconf 88' lang='lat' dir='ltr'>ordinatur</span> <span class='ocrx_word' id='word_1_538' title='bbox 1224 2676 1360 2724; x_wconf 80' lang='lat' dir='ltr'>pontifex</span> <span class='ocrx_word' id='word_1_539' title='bbox 1387 2676 1438 2711; x_wconf 87' lang='lat' dir='ltr'>die</span> <span class='ocrx_word' id='word_1_540' title='bbox 1455 2676 1612 2711; x_wconf 84' lang='lat' dir='ltr'>dominica</span> <span class='ocrx_word' id='word_1_541' title='bbox 1634 2678 1681 2710; x_wconf 72' lang='lat'>24</span> <span class='ocrx_word' id='word_1_542' title='bbox 1704 2689 1793 2712; x_wconf 86' lang='lat' dir='ltr'>nien-</span> 
     </span>
    </p>
   </div>
   <div class='ocr_carea' id='block_1_25' title="bbox 1079 2737 1274 2772">
    <p class='ocr_par' dir='ltr' id='par_1_27' title="bbox 1079 2737 1274 2772">
     <span class='ocr_line' id='line_1_102' title="bbox 1079 2737 1274 2772; baseline 0.005 -9"><span class='ocrx_word' id='word_1_543' title='bbox 1079 2737 1118 2772; x_wconf 79' lang='lat' dir='ltr'>(l)</span> <span class='ocrx_word' id='word_1_544' title='bbox 1135 2737 1202 2772; x_wconf 79' lang='lat' dir='ltr'>Lege</span> <span class='ocrx_word' id='word_1_545' title='bbox 1218 2740 1274 2764; x_wconf 71' lang='lat' dir='ltr'>hoc.</span> 
     </span>
    </p>
   </div>
   <div class='ocr_carea' id='block_1_26' title="bbox 1832 649 2011 671">
    <p class='ocr_par' dir='ltr' id='par_1_28' title="bbox 1832 649 2011 671">
     <span class='ocr_line' id='line_1_103' title="bbox 1832 649 2011 671; baseline 0.006 -1"><span class='ocrx_word' id='word_1_546' title='bbox 1832 649 1870 670; x_wconf 59' lang='lat' dir='ltr'>bus</span> <span class='ocrx_word' id='word_1_547' title='bbox 1888 649 1984 671; x_wconf 75' lang='lat' dir='ltr'>dnuuver</span> <span class='ocrx_word' id='word_1_548' title='bbox 1996 655 2011 671; x_wconf 68' lang='lat' dir='ltr'>t⁴</span> 
     </span>
    </p>
   </div>
   <div class='ocr_carea' id='block_1_27' title="bbox 1829 1301 2012 1511">
    <p class='ocr_par' dir='ltr' id='par_1_29' title="bbox 1829 1301 2012 1511">
     <span class='ocr_line' id='line_1_104' title="bbox 1830 1301 2012 1330; baseline 0.011 -9"><span class='ocrx_word' id='word_1_549' title='bbox 1830 1301 1956 1330; x_wconf 49' lang='lat' dir='ltr'>spiritualia</span> <span class='ocrx_word' id='word_1_550' title='bbox 1992 1306 2012 1323; x_wconf 78' lang='lat' dir='ltr'>et</span> 
     </span>
     <span class='ocr_line' id='line_1_105' title="bbox 1856 1337 1985 1366; baseline -0.008 -8"><span class='ocrx_word' id='word_1_551' title='bbox 1856 1337 1985 1366; x_wconf 69' lang='lat' dir='ltr'>tenipuralis</span> 
     </span>
     <span class='ocr_line' id='line_1_106' title="bbox 1829 1378 2011 1402; baseline 0.011 -10"><span class='ocrx_word' id='word_1_552' title='bbox 1829 1381 1897 1402; x_wconf 68' lang='lat' dir='ltr'>paena</span> <span class='ocrx_word' id='word_1_553' title='bbox 1936 1378 2011 1395; x_wconf 68' lang='lat' dir='ltr'>ennii-ii</span> 
     </span>
     <span class='ocr_line' id='line_1_107' title="bbox 1839 1410 2001 1431; baseline 0.006 -1"><span class='ocrx_word' id='word_1_554' title='bbox 1839 1410 2001 1431; x_wconf 49' lang='lat' dir='ltr'>inobservantis</span> 
     </span>
     <span class='ocr_line' id='line_1_108' title="bbox 1829 1445 2011 1475; baseline 0.011 -10"><span class='ocrx_word' id='word_1_555' title='bbox 1829 1453 1883 1475; x_wconf 76' lang='lat' dir='ltr'>quae</span> <span class='ocrx_word' id='word_1_556' title='bbox 1911 1445 1952 1467; x_wconf 78' lang='lat' dir='ltr'>hoc</span> <span class='ocrx_word' id='word_1_557' title='bbox 1992 1448 2011 1468; x_wconf 88' lang='lat' dir='ltr'>in</span> 
     </span>
     <span class='ocr_line' id='line_1_109' title="bbox 1859 1481 1981 1511; baseline 0.008 -9"><span class='ocrx_word' id='word_1_558' title='bbox 1859 1481 1981 1511; x_wconf 75' lang='lat' dir='ltr'>diplomate</span> 
     </span>
    </p>
   </div>
   <div class='ocr_carea' id='block_1_28' title="bbox 1830 1518 1991 1539">
    <p class='ocr_par' dir='ltr' id='par_1_30' title="bbox 1830 1518 1991 1539">
     <span class='ocr_line' id='line_1_110' title="bbox 1830 1518 1991 1539; baseline 0 -2"><span class='ocrx_word' id='word_1_559' title='bbox 1830 1518 1991 1539; x_wconf 56' lang='lat' dir='ltr'>iuiiistiiiiuntni-</span> 
     </span>
    </p>
   </div>
   <div class='ocr_carea' id='block_1_29' title="bbox 1824 2587 2006 2620">
    <p class='ocr_par' dir='ltr' id='par_1_31' title="bbox 1824 2587 2006 2620">
     <span class='ocr_line' id='line_1_111' title="bbox 1824 2587 2006 2620; baseline 0.038 -10"><span class='ocrx_word' id='word_1_560' title='bbox 1824 2587 1861 2612; x_wconf 64' lang='grc' dir='ltr'>ΛΗ</span> <span class='ocrx_word' id='word_1_561' title='bbox 1905 2590 1923 2614; x_wconf 75' lang='grc' dir='ltr'>Γ.</span> <span class='ocrx_word' id='word_1_562' title='bbox 1954 2593 2006 2620; x_wconf 60' lang='grc'>358</span> 
     </span>
    </p>
   </div>
  </div>
 </body>
</html>
