<?xml version="1.0" encoding="UTF-8"?>
<!DOCTYPE html PUBLIC "-//W3C//DTD XHTML 1.0 Transitional//EN"
    "http://www.w3.org/TR/xhtml1/DTD/xhtml1-transitional.dtd">
<html xmlns="http://www.w3.org/1999/xhtml" xml:lang="en" lang="en">
 <head>
  <title>
</title>
<meta http-equiv="Content-Type" content="text/html;charset=utf-8" />
  <meta name='ocr-system' content='tesseract 3.04.00' />
  <meta name='ocr-capabilities' content='ocr_page ocr_carea ocr_par ocr_line ocrx_word'/>
</head>
<body>
  <div class='ocr_page' id='page_1' title='image "./bullarumdiplomat01cath_0320.png"; bbox 0 0 2237 3127; ppageno 0'>
   <div class='ocr_carea' id='block_1_1' title="bbox 219 249 403 279">
    <p class='ocr_par' dir='ltr' id='par_1_1' title="bbox 219 249 403 279">
     <span class='ocr_line' id='line_1_1' title="bbox 219 249 403 279; baseline 0.011 -2"><span class='ocrx_word' id='word_1_1' title='bbox 219 250 270 278; x_wconf 80' lang='lat' dir='ltr'>An.</span> <span class='ocrx_word' id='word_1_2' title='bbox 302 249 330 278; x_wconf 87' lang='lat' dir='ltr'>C.</span> <span class='ocrx_word' id='word_1_3' title='bbox 351 250 403 279; x_wconf 69' lang='lat'>855</span> 
     </span>
    </p>
   </div>
   <div class='ocr_carea' id='block_1_2' title="bbox 180 2504 365 2634">
    <p class='ocr_par' dir='ltr' id='par_1_2' title="bbox 180 2504 365 2634">
     <span class='ocr_line' id='line_1_2' title="bbox 184 2504 365 2532; baseline 0.017 -9"><span class='ocrx_word' id='word_1_4' title='bbox 184 2504 296 2532; x_wconf 71' lang='lat' dir='ltr'>Deptuitio</span> <span class='ocrx_word' id='word_1_5' title='bbox 344 2509 365 2526; x_wconf 58' lang='lat' dir='ltr'>et</span> 
     </span>
     <span class='ocr_line' id='line_1_3' title="bbox 180 2539 364 2562; baseline 0.011 -2"><span class='ocrx_word' id='word_1_6' title='bbox 180 2539 292 2561; x_wconf 67' lang='lat' dir='ltr'>anathema</span> <span class='ocrx_word' id='word_1_7' title='bbox 310 2549 364 2562; x_wconf 68' lang='lat' dir='ltr'>con-</span> 
     </span>
     <span class='ocr_line' id='line_1_4' title="bbox 182 2575 363 2598; baseline 0.011 -2"><span class='ocrx_word' id='word_1_8' title='bbox 182 2578 213 2596; x_wconf 72' lang='lat' dir='ltr'>tra</span> <span class='ocrx_word' id='word_1_9' title='bbox 231 2575 283 2597; x_wconf 71' lang='lat' dir='ltr'>tum·</span> <span class='ocrx_word' id='word_1_10' title='bbox 302 2576 363 2598; x_wconf 78' lang='lat' dir='ltr'>inub-</span> 
     </span>
     <span class='ocr_line' id='line_1_5' title="bbox 181 2615 301 2634; baseline 0.008 -1"><span class='ocrx_word' id='word_1_11' title='bbox 181 2615 301 2634; x_wconf 68' lang='lat' dir='ltr'>servunt-o.</span> 
     </span>
    </p>
   </div>
   <div class='ocr_carea' id='block_1_3' title="bbox 482 267 552 300">
    <p class='ocr_par' dir='ltr' id='par_1_3' title="bbox 482 267 552 300">
     <span class='ocr_line' id='line_1_6' title="bbox 482 267 552 300; baseline -0.029 0"><span class='ocrx_word' id='word_1_12' title='bbox 482 267 552 300; x_wconf 69' lang='lat'>⁶298</span> 
     </span>
    </p>
   </div>
   <div class='ocr_carea' id='block_1_4' title="bbox 1015 269 1386 293">
    <p class='ocr_par' dir='ltr' id='par_1_4' title="bbox 1015 269 1386 293">
     <span class='ocr_line' id='line_1_7' title="bbox 1015 269 1386 293; baseline -0.005 0"><span class='ocrx_word' id='word_1_13' title='bbox 1015 271 1200 293; x_wconf 67' lang='lat' dir='ltr'>nsuAntUM</span> <span class='ocrx_word' id='word_1_14' title='bbox 1225 269 1386 292; x_wconf 69' lang='lat' dir='ltr'><strong>ROMANUM</strong></span> 
     </span>
    </p>
   </div>
   <div class='ocr_carea' id='block_1_5' title="bbox 434 322 1970 422">
    <p class='ocr_par' dir='ltr' id='par_1_5' title="bbox 434 322 1970 422">
     <span class='ocr_line' id='line_1_8' title="bbox 435 322 1970 373; baseline -0.005 -7"><span class='ocrx_word' id='word_1_15' title='bbox 435 332 526 367; x_wconf 70' lang='lat' dir='ltr'>Untlt¹</span> <span class='ocrx_word' id='word_1_16' title='bbox 549 330 588 364; x_wconf 88' lang='lat' dir='ltr'>ab</span> <span class='ocrx_word' id='word_1_17' title='bbox 611 328 768 366; x_wconf 64' lang='lat' dir='ltr'>ninnibus,</span> <span class='ocrx_word' id='word_1_18' title='bbox 793 339 871 373; x_wconf 82' lang='lat' dir='ltr'>quae</span> <span class='ocrx_word' id='word_1_19' title='bbox 894 325 1084 360; x_wconf 81' lang='lat' dir='ltr'>monasterio</span> <span class='ocrx_word' id='word_1_20' title='bbox 1101 324 1182 360; x_wconf 84' lang='lat' dir='ltr'>Cor-</span> <span class='ocrx_word' id='word_1_21' title='bbox 1225 323 1345 358; x_wconf 86' lang='lat' dir='ltr'>uidem:</span> <span class='ocrx_word' id='word_1_22' title='bbox 1372 338 1405 358; x_wconf 82' lang='lat' dir='ltr'>ac</span> <span class='ocrx_word' id='word_1_23' title='bbox 1434 335 1488 369; x_wconf 84' lang='lat' dir='ltr'>por</span> <span class='ocrx_word' id='word_1_24' title='bbox 1509 322 1580 367; x_wconf 76' lang='lat' dir='ltr'>boc,</span> <span class='ocrx_word' id='word_1_25' title='bbox 1605 334 1665 356; x_wconf 87' lang='lat' dir='ltr'>non</span> <span class='ocrx_word' id='word_1_26' title='bbox 1691 329 1724 357; x_wconf 89' lang='lat' dir='ltr'>ut</span> <span class='ocrx_word' id='word_1_27' title='bbox 1747 330 1851 370; x_wconf 89' lang='lat' dir='ltr'>pastor</span> <span class='ocrx_word' id='word_1_28' title='bbox 1877 325 1970 359; x_wconf 88' lang='lat' dir='ltr'>susci-</span> 
     </span>
     <span class='ocr_line' id='line_1_9' title="bbox 434 372 1970 422; baseline -0.005 -8"><span class='ocrx_word' id='word_1_29' title='bbox 434 381 523 415; x_wconf 87' lang='lat' dir='ltr'>beiae</span> <span class='ocrx_word' id='word_1_30' title='bbox 548 380 662 413; x_wconf 82' lang='lat' dir='ltr'>suerint</span> <span class='ocrx_word' id='word_1_31' title='bbox 691 378 735 412; x_wconf 77' lang='lat' dir='ltr'>rel</span> <span class='ocrx_word' id='word_1_32' title='bbox 764 377 878 415; x_wconf 84' lang='lat' dir='ltr'>oblata,</span> <span class='ocrx_word' id='word_1_33' title='bbox 907 375 953 410; x_wconf 68' lang='lat' dir='ltr'>rel</span> <span class='ocrx_word' id='word_1_34' title='bbox 980 386 1181 422; x_wconf 86' lang='lat' dir='ltr'>quocumque</span> <span class='ocrx_word' id='word_1_35' title='bbox 1225 373 1369 418; x_wconf 77' lang='lat' dir='ltr'>piendns,</span> <span class='ocrx_word' id='word_1_36' title='bbox 1393 385 1499 407; x_wconf 87' lang='lat' dir='ltr'>verum</span> <span class='ocrx_word' id='word_1_37' title='bbox 1527 380 1684 418; x_wconf 88' lang='lat' dir='ltr'>tamquam</span> <span class='ocrx_word' id='word_1_38' title='bbox 1714 372 1809 419; x_wconf 89' lang='lat' dir='ltr'>lupus</span> <span class='ocrx_word' id='word_1_39' title='bbox 1835 375 1874 409; x_wconf 88' lang='lat' dir='ltr'>ab</span> <span class='ocrx_word' id='word_1_40' title='bbox 1899 375 1970 409; x_wconf 76' lang='lat' dir='ltr'>ovili</span> 
     </span>
    </p>
   </div>
   <div class='ocr_carea' id='block_1_6' title="bbox 416 425 1178 815">
    <p class='ocr_par' dir='ltr' id='par_1_6' title="bbox 416 425 1178 815">
     <span class='ocr_line' id='line_1_10' title="bbox 428 425 1178 475; baseline -0.008 -12"><span class='ocrx_word' id='word_1_41' title='bbox 428 430 571 475; x_wconf 70' lang='lat' dir='ltr'>legitimo</span> <span class='ocrx_word' id='word_1_42' title='bbox 608 430 673 462; x_wconf 90' lang='lat' dir='ltr'>iure</span> <span class='ocrx_word' id='word_1_43' title='bbox 711 439 873 474; x_wconf 84' lang='lat' dir='ltr'>possessa,</span> <span class='ocrx_word' id='word_1_44' title='bbox 901 425 929 459; x_wconf 95' lang='lat' dir='ltr'>in</span> <span class='ocrx_word' id='word_1_45' title='bbox 959 425 1118 470; x_wconf 81' lang='lat' dir='ltr'>pecuniis,</span> <span class='ocrx_word' id='word_1_46' title='bbox 1149 437 1178 458; x_wconf 84' lang='lat' dir='ltr'>in</span> 
     </span>
     <span class='ocr_line' id='line_1_11' title="bbox 425 473 1178 524; baseline -0.007 -11"><span class='ocrx_word' id='word_1_47' title='bbox 425 479 520 524; x_wconf 70' lang='lat' dir='ltr'>agris,</span> <span class='ocrx_word' id='word_1_48' title='bbox 544 478 573 512; x_wconf 92' lang='lat' dir='ltr'>in</span> <span class='ocrx_word' id='word_1_49' title='bbox 600 477 748 524; x_wconf 84' lang='lat' dir='ltr'>praediis,</span> <span class='ocrx_word' id='word_1_50' title='bbox 772 477 802 510; x_wconf 91' lang='lat' dir='ltr'>in</span> <span class='ocrx_word' id='word_1_51' title='bbox 833 474 993 518; x_wconf 86' lang='lat' dir='ltr'>domibus,</span> <span class='ocrx_word' id='word_1_52' title='bbox 1022 475 1051 507; x_wconf 90' lang='lat' dir='ltr'>in</span> <span class='ocrx_word' id='word_1_53' title='bbox 1081 473 1178 513; x_wconf 86' lang='lat' dir='ltr'>cellis,</span> 
     </span>
     <span class='ocr_line' id='line_1_12' title="bbox 426 523 1178 570; baseline -0.007 -8"><span class='ocrx_word' id='word_1_54' title='bbox 426 536 479 562; x_wconf 87' lang='lat' dir='ltr'>aut</span> <span class='ocrx_word' id='word_1_55' title='bbox 502 528 655 567; x_wconf 80' lang='lat' dir='ltr'>ecclesiis,</span> <span class='ocrx_word' id='word_1_56' title='bbox 681 526 758 561; x_wconf 92' lang='lat' dir='ltr'>nibil</span> <span class='ocrx_word' id='word_1_57' title='bbox 787 538 821 559; x_wconf 79' lang='lat' dir='ltr'>ex</span> <span class='ocrx_word' id='word_1_58' title='bbox 847 525 884 558; x_wconf 90' lang='lat' dir='ltr'>iis</span> <span class='ocrx_word' id='word_1_59' title='bbox 906 523 964 558; x_wconf 84' lang='lat' dir='ltr'>sibi</span> <span class='ocrx_word' id='word_1_60' title='bbox 1001 532 1178 570; x_wconf 80' lang='lat' dir='ltr'>praesumat</span> 
     </span>
     <span class='ocr_line' id='line_1_13' title="bbox 425 573 1175 627; baseline -0.008 -15"><span class='ocrx_word' id='word_1_61' title='bbox 425 585 478 612; x_wconf 87' lang='lat' dir='ltr'>aut</span> <span class='ocrx_word' id='word_1_62' title='bbox 491 577 673 624; x_wconf 85' lang='lat' dir='ltr'>episcopus,</span> <span class='ocrx_word' id='word_1_63' title='bbox 688 585 738 610; x_wconf 89' lang='lat' dir='ltr'>aut</span> <span class='ocrx_word' id='word_1_64' title='bbox 753 575 946 622; x_wconf 82' lang='lat' dir='ltr'>quicumque</span> <span class='ocrx_word' id='word_1_65' title='bbox 962 573 1175 627; x_wconf 79' lang='lat' dir='ltr'>ministrorum</span> 
     </span>
     <span class='ocr_line' id='line_1_14' title="bbox 421 627 1176 667; baseline -0.007 -6"><span class='ocrx_word' id='word_1_66' title='bbox 421 627 503 667; x_wconf 79' lang='lat' dir='ltr'>eius,</span> <span class='ocrx_word' id='word_1_67' title='bbox 532 639 570 660; x_wconf 86' lang='lat' dir='ltr'>ne</span> <span class='ocrx_word' id='word_1_68' title='bbox 594 634 700 660; x_wconf 82' lang='lat' dir='ltr'>contra</span> <span class='ocrx_word' id='word_1_69' title='bbox 726 633 862 659; x_wconf 79' lang='lat' dir='ltr'>nostram</span> <span class='ocrx_word' id='word_1_70' title='bbox 886 631 916 658; x_wconf 87' lang='lat' dir='ltr'>et</span> <span class='ocrx_word' id='word_1_71' title='bbox 939 635 1092 657; x_wconf 80' lang='lat' dir='ltr'>maiorum</span> <span class='ocrx_word' id='word_1_72' title='bbox 1120 635 1176 657; x_wconf 91' lang='lat' dir='ltr'>au-</span> 
     </span>
     <span class='ocr_line' id='line_1_15' title="bbox 418 671 1174 719; baseline -0.007 -9"><span class='ocrx_word' id='word_1_73' title='bbox 418 676 595 710; x_wconf 79' lang='lat' dir='ltr'>ctoritatem</span> <span class='ocrx_word' id='word_1_74' title='bbox 625 675 754 712; x_wconf 76' lang='lat' dir='ltr'>faciens,</span> <span class='ocrx_word' id='word_1_75' title='bbox 777 685 885 719; x_wconf 70' lang='lat' dir='ltr'>regum</span> <span class='ocrx_word' id='word_1_76' title='bbox 909 684 1034 719; x_wconf 86' lang='lat' dir='ltr'>quoqne</span> <span class='ocrx_word' id='word_1_77' title='bbox 1049 671 1174 706; x_wconf 84' lang='lat' dir='ltr'>decreta</span> 
     </span>
     <span class='ocr_line' id='line_1_16' title="bbox 418 722 1173 771; baseline -0.003 -14"><span class='ocrx_word' id='word_1_78' title='bbox 418 738 473 771; x_wconf 89' lang='lat' dir='ltr'>pro</span> <span class='ocrx_word' id='word_1_79' title='bbox 510 737 674 759; x_wconf 71' lang='lat' dir='ltr'>servorum</span> <span class='ocrx_word' id='word_1_80' title='bbox 712 724 828 758; x_wconf 88' lang='lat' dir='ltr'>Christi</span> <span class='ocrx_word' id='word_1_81' title='bbox 865 723 970 769; x_wconf 88' lang='lat' dir='ltr'>quiete</span> <span class='ocrx_word' id='word_1_82' title='bbox 1006 722 1173 756; x_wconf 81' lang='lat' dir='ltr'>constituta</span> 
     </span>
     <span class='ocr_line' id='line_1_17' title="bbox 416 771 1172 815; baseline -0.005 -7"><span class='ocrx_word' id='word_1_83' title='bbox 416 782 637 815; x_wconf 75' lang='lat' dir='ltr'>contemnens,</span> <span class='ocrx_word' id='word_1_84' title='bbox 669 786 757 807; x_wconf 83' lang='lat' dir='ltr'>reum</span> <span class='ocrx_word' id='word_1_85' title='bbox 793 786 826 807; x_wconf 80' lang='lat' dir='ltr'>se</span> <span class='ocrx_word' id='word_1_86' title='bbox 857 772 954 805; x_wconf 88' lang='lat' dir='ltr'>sancti</span> <span class='ocrx_word' id='word_1_87' title='bbox 984 771 1122 815; x_wconf 81' lang='lat' dir='ltr'>concilii,</span> <span class='ocrx_word' id='word_1_88' title='bbox 1144 779 1172 805; x_wconf 86' lang='lat' dir='ltr'>et</span> 
     </span>
    </p>
   </div>
   <div class='ocr_carea' id='block_1_7' title="bbox 422 821 972 871">
    <p class='ocr_par' dir='ltr' id='par_1_7' title="bbox 422 821 972 871">
     <span class='ocr_line' id='line_1_18' title="bbox 422 821 972 871; baseline -0.007 -13"><span class='ocrx_word' id='word_1_89' title='bbox 422 832 594 871; x_wconf 71' lang='lat' dir='ltr'>perpetuae</span> <span class='ocrx_word' id='word_1_90' title='bbox 613 823 827 858; x_wconf 87' lang='lat' dir='ltr'>damnationis</span> <span class='ocrx_word' id='word_1_91' title='bbox 850 821 972 855; x_wconf 76' lang='lat' dir='ltr'>ellieiat.</span> 
     </span>
    </p>
   </div>
   <div class='ocr_carea' id='block_1_8' title="bbox 353 869 1172 969">
    <p class='ocr_par' dir='ltr' id='par_1_8' title="bbox 353 869 1172 969">
     <span class='ocr_line' id='line_1_19' title="bbox 466 869 1172 921; baseline -0.004 -14"><span class='ocrx_word' id='word_1_92' title='bbox 466 876 500 907; x_wconf 79' lang='grc'>7.</span> <span class='ocrx_word' id='word_1_93' title='bbox 526 873 562 907; x_wconf 87' lang='lat' dir='ltr'>Et</span> <span class='ocrx_word' id='word_1_94' title='bbox 587 874 736 921; x_wconf 91' lang='lat' dir='ltr'>quoniam</span> <span class='ocrx_word' id='word_1_95' title='bbox 766 871 910 906; x_wconf 84' lang='lat' dir='ltr'>monachi</span> <span class='ocrx_word' id='word_1_96' title='bbox 939 869 1172 916; x_wconf 69' lang='lat' dir='ltr'>tranquillitatis</span> 
     </span>
     <span class='ocr_line' id='line_1_20' title="bbox 353 919 1169 969; baseline -0.007 -10"><span class='ocrx_word' id='word_1_97' title='bbox 353 940 391 952; x_wconf 81' lang='lat'>0·—</span> <span class='ocrx_word' id='word_1_98' title='bbox 415 935 527 969; x_wconf 81' lang='lat' dir='ltr'>pacem</span> <span class='ocrx_word' id='word_1_99' title='bbox 552 932 580 957; x_wconf 78' lang='lat' dir='ltr'>et</span> <span class='ocrx_word' id='word_1_100' title='bbox 603 922 778 958; x_wconf 81' lang='lat' dir='ltr'>securitatis</span> <span class='ocrx_word' id='word_1_101' title='bbox 793 921 889 955; x_wconf 89' lang='lat' dir='ltr'>otium</span> <span class='ocrx_word' id='word_1_102' title='bbox 905 920 1019 954; x_wconf 83' lang='lat' dir='ltr'>babere</span> <span class='ocrx_word' id='word_1_103' title='bbox 1043 919 1169 959; x_wconf 84' lang='lat' dir='ltr'>debent,</span> 
     </span>
    </p>
   </div>
   <div class='ocr_carea' id='block_1_9' title="bbox 416 969 1166 1018">
    <p class='ocr_par' dir='ltr' id='par_1_9' title="bbox 416 969 1166 1018">
     <span class='ocr_line' id='line_1_21' title="bbox 416 969 1166 1018; baseline -0.005 -12"><span class='ocrx_word' id='word_1_104' title='bbox 416 980 448 1007; x_wconf 87' lang='lat' dir='ltr'>ut</span> <span class='ocrx_word' id='word_1_105' title='bbox 477 973 543 1007; x_wconf 85' lang='lat' dir='ltr'>Deo</span> <span class='ocrx_word' id='word_1_106' title='bbox 560 981 705 1007; x_wconf 76' lang='lat' dir='ltr'>vacantes</span> <span class='ocrx_word' id='word_1_107' title='bbox 719 970 922 1018; x_wconf 71' lang='lat' dir='ltr'>professionis</span> <span class='ocrx_word' id='word_1_108' title='bbox 940 982 1014 1003; x_wconf 81' lang='lat' dir='ltr'>suae</span> <span class='ocrx_word' id='word_1_109' title='bbox 1030 969 1166 1015; x_wconf 76' lang='lat' dir='ltr'>regulam</span> 
     </span>
    </p>
   </div>
   <div class='ocr_carea' id='block_1_10' title="bbox 290 1012 1168 1217">
    <p class='ocr_par' dir='ltr' id='par_1_10' title="bbox 290 1012 1168 1169">
     <span class='ocr_line' id='line_1_22' title="bbox 302 1012 1168 1065; baseline -0.006 -7"><span class='ocrx_word' id='word_1_110' title='bbox 302 1012 314 1058; x_wconf 55' lang='lat' dir='ltr'>ii</span> <span class='ocrx_word' id='word_1_111' title='bbox 360 1012 387 1059; x_wconf 60' lang='lat' dir='ltr'>i-</span> <span class='ocrx_word' id='word_1_112' title='bbox 413 1021 539 1057; x_wconf 78' lang='lat' dir='ltr'>valeant</span> <span class='ocrx_word' id='word_1_113' title='bbox 576 1022 762 1060; x_wconf 75' lang='lat' dir='ltr'>observare,</span> <span class='ocrx_word' id='word_1_114' title='bbox 799 1032 855 1054; x_wconf 81' lang='lat' dir='ltr'>nec</span> <span class='ocrx_word' id='word_1_115' title='bbox 890 1019 1076 1065; x_wconf 81' lang='lat' dir='ltr'>episeopus,</span> <span class='ocrx_word' id='word_1_116' title='bbox 1111 1031 1168 1053; x_wconf 85' lang='lat' dir='ltr'>nec</span> 
     </span>
     <span class='ocr_line' id='line_1_23' title="bbox 290 1068 1166 1114; baseline -0.006 -8"><span class='ocrx_word' id='word_1_117' title='bbox 290 1082 328 1095; x_wconf 73' lang='lat'><strong>&#39;⁸¹¹¹</strong></span> <span class='ocrx_word' id='word_1_118' title='bbox 410 1071 658 1107; x_wconf 79' lang='lat' dir='ltr'>archidiaconus</span> <span class='ocrx_word' id='word_1_119' title='bbox 673 1072 742 1105; x_wconf 87' lang='lat' dir='ltr'>eius</span> <span class='ocrx_word' id='word_1_120' title='bbox 758 1070 905 1104; x_wconf 72' lang='lat' dir='ltr'>accedant</span> <span class='ocrx_word' id='word_1_121' title='bbox 933 1068 969 1102; x_wconf 91' lang='lat' dir='ltr'>ad</span> <span class='ocrx_word' id='word_1_122' title='bbox 994 1068 1166 1114; x_wconf 79' lang='lat' dir='ltr'>praefatum</span> 
     </span>
     <span class='ocr_line' id='line_1_24' title="bbox 346 1115 1166 1169; baseline -0.004 -14"><span class='ocrx_word' id='word_1_123' title='bbox 346 1120 385 1169; x_wconf 45' lang='grc' dir='ltr'>(ζ,-</span> <span class='ocrx_word' id='word_1_124' title='bbox 412 1122 657 1165; x_wconf 85' lang='lat' dir='ltr'>monasterium,</span> <span class='ocrx_word' id='word_1_125' title='bbox 680 1132 737 1154; x_wconf 84' lang='lat' dir='ltr'>nec</span> <span class='ocrx_word' id='word_1_126' title='bbox 765 1130 925 1153; x_wconf 80' lang='lat' dir='ltr'>serrorum</span> <span class='ocrx_word' id='word_1_127' title='bbox 948 1115 1004 1152; x_wconf 90' lang='lat' dir='ltr'>Dei</span> <span class='ocrx_word' id='word_1_128' title='bbox 1028 1118 1166 1164; x_wconf 78' lang='lat' dir='ltr'>quietem</span> 
     </span>
    </p>

    <p class='ocr_par' dir='ltr' id='par_1_11' title="bbox 410 1167 1166 1217">
     <span class='ocr_line' id='line_1_25' title="bbox 410 1167 1166 1217; baseline -0.003 -13"><span class='ocrx_word' id='word_1_129' title='bbox 410 1171 601 1217; x_wconf 85' lang='lat' dir='ltr'>perturbare</span> <span class='ocrx_word' id='word_1_130' title='bbox 643 1176 858 1217; x_wconf 83' lang='lat' dir='ltr'>praesun1ant;</span> <span class='ocrx_word' id='word_1_131' title='bbox 899 1167 956 1201; x_wconf 89' lang='lat' dir='ltr'>nisi</span> <span class='ocrx_word' id='word_1_132' title='bbox 998 1167 1075 1201; x_wconf 84' lang='lat' dir='ltr'>sorte</span> <span class='ocrx_word' id='word_1_133' title='bbox 1113 1175 1166 1202; x_wconf 89' lang='lat' dir='ltr'>aut</span> 
     </span>
    </p>
   </div>
   <div class='ocr_carea' id='block_1_11' title="bbox 410 1216 1163 1262">
    <p class='ocr_par' dir='ltr' id='par_1_12' title="bbox 410 1216 1163 1262">
     <span class='ocr_line' id='line_1_26' title="bbox 410 1216 1163 1262; baseline -0.003 -9"><span class='ocrx_word' id='word_1_134' title='bbox 410 1220 522 1260; x_wconf 82' lang='lat' dir='ltr'>abbas,</span> <span class='ocrx_word' id='word_1_135' title='bbox 546 1228 600 1255; x_wconf 84' lang='lat' dir='ltr'>aut</span> <span class='ocrx_word' id='word_1_136' title='bbox 623 1219 732 1255; x_wconf 80' lang='lat' dir='ltr'>fratres</span> <span class='ocrx_word' id='word_1_137' title='bbox 753 1218 886 1253; x_wconf 88' lang='lat' dir='ltr'>alicuius</span> <span class='ocrx_word' id='word_1_138' title='bbox 909 1216 1051 1251; x_wconf 89' lang='lat' dir='ltr'>utilitatis</span> <span class='ocrx_word' id='word_1_139' title='bbox 1066 1217 1163 1262; x_wconf 83' lang='lat' dir='ltr'>gratia</span> 
     </span>
    </p>
   </div>
   <div class='ocr_carea' id='block_1_12' title="bbox 408 1266 1163 1312">
    <p class='ocr_par' dir='ltr' id='par_1_13' title="bbox 408 1266 1163 1312">
     <span class='ocr_line' id='line_1_27' title="bbox 408 1266 1163 1312; baseline -0.005 -9"><span class='ocrx_word' id='word_1_140' title='bbox 408 1282 480 1304; x_wconf 88' lang='lat' dir='ltr'>eum</span> <span class='ocrx_word' id='word_1_141' title='bbox 509 1282 619 1305; x_wconf 81' lang='lat' dir='ltr'>vocare</span> <span class='ocrx_word' id='word_1_142' title='bbox 643 1268 815 1304; x_wconf 87' lang='lat' dir='ltr'>volueriut:</span> <span class='ocrx_word' id='word_1_143' title='bbox 838 1267 914 1301; x_wconf 88' lang='lat' dir='ltr'>alias</span> <span class='ocrx_word' id='word_1_144' title='bbox 936 1278 1038 1312; x_wconf 78' lang='lat' dir='ltr'>neque</span> <span class='ocrx_word' id='word_1_145' title='bbox 1062 1267 1090 1299; x_wconf 86' lang='lat' dir='ltr'>in</span> <span class='ocrx_word' id='word_1_146' title='bbox 1107 1266 1163 1300; x_wconf 88' lang='lat' dir='ltr'>ab-</span> 
     </span>
    </p>
   </div>
   <div class='ocr_carea' id='block_1_13' title="bbox 390 1316 1161 2702">
    <p class='ocr_par' dir='ltr' id='par_1_14' title="bbox 390 1316 1161 2702">
     <span class='ocr_line' id='line_1_28' title="bbox 409 1316 1161 1366; baseline -0.001 -14"><span class='ocrx_word' id='word_1_147' title='bbox 409 1319 524 1363; x_wconf 76' lang='lat' dir='ltr'>batem,</span> <span class='ocrx_word' id='word_1_148' title='bbox 567 1332 670 1366; x_wconf 89' lang='lat' dir='ltr'>neque</span> <span class='ocrx_word' id='word_1_149' title='bbox 706 1319 734 1352; x_wconf 91' lang='lat' dir='ltr'>in</span> <span class='ocrx_word' id='word_1_150' title='bbox 770 1317 904 1363; x_wconf 80' lang='lat' dir='ltr'>aliquem</span> <span class='ocrx_word' id='word_1_151' title='bbox 940 1316 978 1350; x_wconf 89' lang='lat' dir='ltr'>de</span> <span class='ocrx_word' id='word_1_152' title='bbox 1015 1316 1161 1351; x_wconf 78' lang='lat' dir='ltr'>fratribus</span> 
     </span>
     <span class='ocr_line' id='line_1_29' title="bbox 405 1367 1160 1417; baseline -0.004 -14"><span class='ocrx_word' id='word_1_153' title='bbox 405 1369 580 1417; x_wconf 75' lang='lat' dir='ltr'>quidquam</span> <span class='ocrx_word' id='word_1_154' title='bbox 606 1368 766 1416; x_wconf 83' lang='lat' dir='ltr'>potestatis</span> <span class='ocrx_word' id='word_1_155' title='bbox 793 1367 942 1409; x_wconf 85' lang='lat' dir='ltr'>obtineat,</span> <span class='ocrx_word' id='word_1_156' title='bbox 978 1378 1078 1411; x_wconf 84' lang='lat' dir='ltr'>neque</span> <span class='ocrx_word' id='word_1_157' title='bbox 1107 1379 1160 1412; x_wconf 86' lang='lat' dir='ltr'>per</span> 
     </span>
     <span class='ocr_line' id='line_1_30' title="bbox 406 1415 1157 1466; baseline -0.003 -15"><span class='ocrx_word' id='word_1_158' title='bbox 406 1419 621 1466; x_wconf 77' lang='lat' dir='ltr'>episcopalem</span> <span class='ocrx_word' id='word_1_159' title='bbox 640 1419 750 1452; x_wconf 76' lang='lat' dir='ltr'>fastum</span> <span class='ocrx_word' id='word_1_160' title='bbox 767 1415 882 1462; x_wconf 85' lang='lat' dir='ltr'>aliquid</span> <span class='ocrx_word' id='word_1_161' title='bbox 904 1416 932 1448; x_wconf 93' lang='lat' dir='ltr'>in</span> <span class='ocrx_word' id='word_1_162' title='bbox 947 1428 1000 1449; x_wconf 90' lang='lat' dir='ltr'>eos</span> <span class='ocrx_word' id='word_1_163' title='bbox 1014 1416 1040 1449; x_wconf 85' lang='lat' dir='ltr'>ei</span> <span class='ocrx_word' id='word_1_164' title='bbox 1058 1415 1157 1455; x_wconf 63' lang='lat' dir='ltr'>liceat,</span> 
     </span>
     <span class='ocr_line' id='line_1_31' title="bbox 407 1464 1158 1510; baseline -0.003 -10"><span class='ocrx_word' id='word_1_165' title='bbox 407 1480 516 1502; x_wconf 69' lang='lat' dir='ltr'>verum</span> <span class='ocrx_word' id='word_1_166' title='bbox 539 1468 636 1502; x_wconf 89' lang='lat' dir='ltr'>abbas</span> <span class='ocrx_word' id='word_1_167' title='bbox 661 1466 836 1502; x_wconf 77' lang='lat' dir='ltr'>set-titulum</span> <span class='ocrx_word' id='word_1_168' title='bbox 866 1464 1004 1510; x_wconf 68' lang='lat' dir='ltr'>regulam</span> <span class='ocrx_word' id='word_1_169' title='bbox 1033 1465 1065 1498; x_wconf 80' lang='lat' dir='ltr'>S.</span> <span class='ocrx_word' id='word_1_170' title='bbox 1095 1465 1158 1499; x_wconf 83' lang='lat' dir='ltr'>Be-</span> 
     </span>
     <span class='ocr_line' id='line_1_32' title="bbox 406 1514 1155 1560; baseline -0.008 -10"><span class='ocrx_word' id='word_1_171' title='bbox 406 1517 524 1552; x_wconf 88' lang='lat' dir='ltr'>nedicti</span> <span class='ocrx_word' id='word_1_172' title='bbox 548 1518 676 1552; x_wconf 75' lang='lat' dir='ltr'>liberam</span> <span class='ocrx_word' id='word_1_173' title='bbox 712 1515 893 1549; x_wconf 74' lang='lat' dir='ltr'>uionasterii</span> <span class='ocrx_word' id='word_1_174' title='bbox 932 1514 1041 1548; x_wconf 80' lang='lat' dir='ltr'>babeat</span> <span class='ocrx_word' id='word_1_175' title='bbox 1067 1522 1155 1560; x_wconf 80' lang='lat' dir='ltr'>poto-</span> 
     </span>
     <span class='ocr_line' id='line_1_33' title="bbox 403 1565 1153 1609; baseline -0.007 -8"><span class='ocrx_word' id='word_1_176' title='bbox 403 1575 529 1608; x_wconf 86' lang='lat' dir='ltr'>statem,</span> <span class='ocrx_word' id='word_1_177' title='bbox 553 1575 583 1601; x_wconf 84' lang='lat' dir='ltr'>et</span> <span class='ocrx_word' id='word_1_178' title='bbox 606 1566 749 1600; x_wconf 81' lang='lat' dir='ltr'>monachi</span> <span class='ocrx_word' id='word_1_179' title='bbox 772 1565 810 1599; x_wconf 85' lang='lat' dir='ltr'>ad</span> <span class='ocrx_word' id='word_1_180' title='bbox 834 1565 913 1607; x_wconf 81' lang='lat' dir='ltr'>eius,</span> <span class='ocrx_word' id='word_1_181' title='bbox 937 1572 1093 1609; x_wconf 81' lang='lat' dir='ltr'>tamquam</span> <span class='ocrx_word' id='word_1_182' title='bbox 1118 1565 1153 1597; x_wconf 83' lang='lat' dir='ltr'>ad</span> 
     </span>
     <span class='ocr_line' id='line_1_34' title="bbox 405 1613 1155 1662; baseline -0.003 -13"><span class='ocrx_word' id='word_1_183' title='bbox 405 1617 541 1662; x_wconf 90' lang='lat' dir='ltr'>pastoris</span> <span class='ocrx_word' id='word_1_184' title='bbox 561 1616 608 1651; x_wconf 89' lang='lat' dir='ltr'>sui</span> <span class='ocrx_word' id='word_1_185' title='bbox 631 1615 830 1650; x_wconf 78' lang='lat' dir='ltr'>solummodo</span> <span class='ocrx_word' id='word_1_186' title='bbox 848 1614 1015 1659; x_wconf 72' lang='lat' dir='ltr'>respiciam</span> <span class='ocrx_word' id='word_1_187' title='bbox 1037 1613 1155 1658; x_wconf 75' lang='lat' dir='ltr'>guber-</span> 
     </span>
     <span class='ocr_line' id='line_1_35' title="bbox 402 1663 1151 1711; baseline -0.001 -13"><span class='ocrx_word' id='word_1_188' title='bbox 402 1666 578 1708; x_wconf 81' lang='lat' dir='ltr'>nationem,</span> <span class='ocrx_word' id='word_1_189' title='bbox 622 1678 679 1699; x_wconf 89' lang='lat' dir='ltr'>nec</span> <span class='ocrx_word' id='word_1_190' title='bbox 721 1663 898 1711; x_wconf 81' lang='lat' dir='ltr'>episcopale</span> <span class='ocrx_word' id='word_1_191' title='bbox 942 1663 1151 1697; x_wconf 82' lang='lat' dir='ltr'>ministerium</span> 
     </span>
     <span class='ocr_line' id='line_1_36' title="bbox 400 1711 1151 1762; baseline -0.007 -13"><span class='ocrx_word' id='word_1_192' title='bbox 400 1714 517 1762; x_wconf 89' lang='lat' dir='ltr'>aliquid</span> <span class='ocrx_word' id='word_1_193' title='bbox 541 1715 670 1749; x_wconf 89' lang='lat' dir='ltr'>ditionis</span> <span class='ocrx_word' id='word_1_194' title='bbox 697 1726 791 1760; x_wconf 75' lang='lat' dir='ltr'>super</span> <span class='ocrx_word' id='word_1_195' title='bbox 812 1726 866 1747; x_wconf 84' lang='lat' dir='ltr'>eos</span> <span class='ocrx_word' id='word_1_196' title='bbox 888 1711 1038 1746; x_wconf 85' lang='lat' dir='ltr'>obtineat.</span> <span class='ocrx_word' id='word_1_197' title='bbox 1063 1712 1151 1753; x_wconf 83' lang='lat' dir='ltr'>Quo-</span> 
     </span>
     <span class='ocr_line' id='line_1_37' title="bbox 400 1762 1151 1799; baseline -0.003 -2"><span class='ocrx_word' id='word_1_198' title='bbox 400 1765 485 1799; x_wconf 83' lang='lat' dir='ltr'>niam</span> <span class='ocrx_word' id='word_1_199' title='bbox 513 1777 585 1799; x_wconf 92' lang='lat' dir='ltr'>cum</span> <span class='ocrx_word' id='word_1_200' title='bbox 605 1764 701 1799; x_wconf 86' lang='lat' dir='ltr'>abbas</span> <span class='ocrx_word' id='word_1_201' title='bbox 726 1765 809 1797; x_wconf 72' lang='lat' dir='ltr'>vices</span> <span class='ocrx_word' id='word_1_202' title='bbox 831 1762 946 1796; x_wconf 79' lang='lat' dir='ltr'>Christi</span> <span class='ocrx_word' id='word_1_203' title='bbox 977 1762 1005 1795; x_wconf 91' lang='lat' dir='ltr'>in</span> <span class='ocrx_word' id='word_1_204' title='bbox 1035 1774 1151 1795; x_wconf 84' lang='lat' dir='ltr'>mona-</span> 
     </span>
     <span class='ocr_line' id='line_1_38' title="bbox 398 1811 1149 1859; baseline 0 -13"><span class='ocrx_word' id='word_1_205' title='bbox 398 1814 492 1848; x_wconf 86' lang='lat' dir='ltr'>sterio</span> <span class='ocrx_word' id='word_1_206' title='bbox 530 1814 668 1849; x_wconf 88' lang='lat' dir='ltr'>creditur</span> <span class='ocrx_word' id='word_1_207' title='bbox 695 1825 809 1859; x_wconf 71' lang='lat' dir='ltr'>agere,</span> <span class='ocrx_word' id='word_1_208' title='bbox 838 1812 971 1858; x_wconf 88' lang='lat' dir='ltr'>pastoris</span> <span class='ocrx_word' id='word_1_209' title='bbox 1014 1811 1149 1846; x_wconf 80' lang='lat' dir='ltr'>officium</span> 
     </span>
     <span class='ocr_line' id='line_1_39' title="bbox 398 1861 1149 1910; baseline -0.001 -14"><span class='ocrx_word' id='word_1_210' title='bbox 398 1875 496 1910; x_wconf 88' lang='lat' dir='ltr'>super</span> <span class='ocrx_word' id='word_1_211' title='bbox 530 1864 665 1899; x_wconf 87' lang='lat' dir='ltr'>creditas</span> <span class='ocrx_word' id='word_1_212' title='bbox 692 1863 750 1897; x_wconf 84' lang='lat' dir='ltr'>sibi</span> <span class='ocrx_word' id='word_1_213' title='bbox 775 1874 848 1896; x_wconf 71' lang='lat' dir='ltr'>ores</span> <span class='ocrx_word' id='word_1_214' title='bbox 877 1861 991 1896; x_wconf 88' lang='lat' dir='ltr'>babere</span> <span class='ocrx_word' id='word_1_215' title='bbox 1025 1873 1149 1907; x_wconf 76' lang='lat' dir='ltr'>cogno-</span> 
     </span>
     <span class='ocr_line' id='line_1_40' title="bbox 397 1911 1149 1960; baseline -0.003 -14"><span class='ocrx_word' id='word_1_216' title='bbox 397 1913 512 1953; x_wconf 68' lang='lat' dir='ltr'>scitur,</span> <span class='ocrx_word' id='word_1_217' title='bbox 550 1921 644 1960; x_wconf 88' lang='lat' dir='ltr'>utque</span> <span class='ocrx_word' id='word_1_218' title='bbox 686 1911 929 1959; x_wconf 79' lang='lat' dir='ltr'>dispensationis</span> <span class='ocrx_word' id='word_1_219' title='bbox 955 1922 1030 1945; x_wconf 88' lang='lat' dir='ltr'>suae</span> <span class='ocrx_word' id='word_1_220' title='bbox 1054 1911 1149 1945; x_wconf 89' lang='lat' dir='ltr'>mini-</span> 
     </span>
     <span class='ocr_line' id='line_1_41' title="bbox 397 1960 1149 2009; baseline 0.001 -14"><span class='ocrx_word' id='word_1_221' title='bbox 397 1963 526 1997; x_wconf 88' lang='lat' dir='ltr'>sterium</span> <span class='ocrx_word' id='word_1_222' title='bbox 551 1975 696 1997; x_wconf 79' lang='lat' dir='ltr'>exercere</span> <span class='ocrx_word' id='word_1_223' title='bbox 715 1960 888 2009; x_wconf 69' lang='lat' dir='ltr'>praevaleat</span> <span class='ocrx_word' id='word_1_224' title='bbox 903 1961 1008 2005; x_wconf 67' lang='lat' dir='ltr'>digne,</span> <span class='ocrx_word' id='word_1_225' title='bbox 1032 1961 1149 1996; x_wconf 84' lang='lat' dir='ltr'>nullius</span> 
     </span>
     <span class='ocr_line' id='line_1_42' title="bbox 398 2010 1146 2058; baseline 0.001 -14"><span class='ocrx_word' id='word_1_226' title='bbox 398 2012 491 2046; x_wconf 81' lang='lat' dir='ltr'>debet</span> <span class='ocrx_word' id='word_1_227' title='bbox 514 2013 687 2058; x_wconf 88' lang='lat' dir='ltr'>perturbari</span> <span class='ocrx_word' id='word_1_228' title='bbox 724 2019 876 2058; x_wconf 77' lang='lat' dir='ltr'>potestate</span> <span class='ocrx_word' id='word_1_229' title='bbox 898 2010 1069 2053; x_wconf 81' lang='lat' dir='ltr'>subiectus,</span> <span class='ocrx_word' id='word_1_230' title='bbox 1093 2011 1146 2045; x_wconf 87' lang='lat' dir='ltr'>sed</span> 
     </span>
     <span class='ocr_line' id='line_1_43' title="bbox 395 2060 1145 2108; baseline -0.001 -14"><span class='ocrx_word' id='word_1_231' title='bbox 395 2061 435 2094; x_wconf 92' lang='lat' dir='ltr'>ab</span> <span class='ocrx_word' id='word_1_232' title='bbox 472 2062 556 2096; x_wconf 91' lang='lat' dir='ltr'>omni</span> <span class='ocrx_word' id='word_1_233' title='bbox 598 2061 768 2108; x_wconf 86' lang='lat' dir='ltr'>episcopali</span> <span class='ocrx_word' id='word_1_234' title='bbox 808 2060 887 2094; x_wconf 86' lang='lat' dir='ltr'>liber</span> <span class='ocrx_word' id='word_1_235' title='bbox 921 2060 1145 2101; x_wconf 72' lang='lat' dir='ltr'>dominatione,</span> 
     </span>
     <span class='ocr_line' id='line_1_44' title="bbox 398 2109 1145 2154; baseline 0 -10"><span class='ocrx_word' id='word_1_236' title='bbox 398 2111 560 2145; x_wconf 87' lang='lat' dir='ltr'>Cbristum</span> <span class='ocrx_word' id='word_1_237' title='bbox 582 2111 801 2146; x_wconf 85' lang='lat' dir='ltr'>tantummodo</span> <span class='ocrx_word' id='word_1_238' title='bbox 829 2109 965 2144; x_wconf 86' lang='lat' dir='ltr'>iudicem</span> <span class='ocrx_word' id='word_1_239' title='bbox 983 2109 1145 2154; x_wconf 81' lang='lat' dir='ltr'>sustineat,</span> 
     </span>
     <span class='ocr_line' id='line_1_45' title="bbox 395 2159 1146 2195; baseline 0.001 -2"><span class='ocrx_word' id='word_1_240' title='bbox 395 2160 445 2194; x_wconf 82' lang='lat' dir='ltr'>rui</span> <span class='ocrx_word' id='word_1_241' title='bbox 470 2160 648 2195; x_wconf 87' lang='lat' dir='ltr'>redditurus</span> <span class='ocrx_word' id='word_1_242' title='bbox 670 2169 716 2195; x_wconf 81' lang='lat' dir='ltr'>est</span> <span class='ocrx_word' id='word_1_243' title='bbox 735 2161 772 2194; x_wconf 88' lang='lat' dir='ltr'>de</span> <span class='ocrx_word' id='word_1_244' title='bbox 795 2159 922 2194; x_wconf 82' lang='lat' dir='ltr'>creditis</span> <span class='ocrx_word' id='word_1_245' title='bbox 948 2159 1008 2194; x_wconf 89' lang='lat' dir='ltr'>sibi</span> <span class='ocrx_word' id='word_1_246' title='bbox 1037 2159 1146 2194; x_wconf 91' lang='lat' dir='ltr'>ovibus</span> 
     </span>
     <span class='ocr_line' id='line_1_46' title="bbox 396 2208 1145 2256; baseline 0.001 -13"><span class='ocrx_word' id='word_1_247' title='bbox 396 2210 560 2244; x_wconf 85' lang='lat' dir='ltr'>rationem.</span> <span class='ocrx_word' id='word_1_248' title='bbox 597 2210 664 2252; x_wconf 83' lang='lat' dir='ltr'>Qua</span> <span class='ocrx_word' id='word_1_249' title='bbox 700 2218 825 2256; x_wconf 87' lang='lat' dir='ltr'>propter</span> <span class='ocrx_word' id='word_1_250' title='bbox 858 2208 961 2244; x_wconf 84' lang='lat' dir='ltr'>modis</span> <span class='ocrx_word' id='word_1_251' title='bbox 997 2208 1145 2244; x_wconf 88' lang='lat' dir='ltr'>omnibus</span> 
     </span>
     <span class='ocr_line' id='line_1_47' title="bbox 394 2258 1143 2306; baseline 0.001 -14"><span class='ocrx_word' id='word_1_252' title='bbox 394 2259 587 2300; x_wconf 84' lang='lat' dir='ltr'>statuimus,</span> <span class='ocrx_word' id='word_1_253' title='bbox 625 2268 656 2294; x_wconf 91' lang='lat' dir='ltr'>ut</span> <span class='ocrx_word' id='word_1_254' title='bbox 691 2260 860 2306; x_wconf 80' lang='lat' dir='ltr'>episcopus</span> <span class='ocrx_word' id='word_1_255' title='bbox 901 2258 1055 2293; x_wconf 84' lang='lat' dir='ltr'>adventus</span> <span class='ocrx_word' id='word_1_256' title='bbox 1096 2259 1143 2293; x_wconf 89' lang='lat' dir='ltr'>sui</span> 
     </span>
     <span class='ocr_line' id='line_1_48' title="bbox 395 2308 1142 2355; baseline 0.001 -13"><span class='ocrx_word' id='word_1_257' title='bbox 395 2309 570 2355; x_wconf 86' lang='lat' dir='ltr'>praesentia</span> <span class='ocrx_word' id='word_1_258' title='bbox 600 2309 778 2343; x_wconf 83' lang='lat' dir='ltr'>monasterii</span> <span class='ocrx_word' id='word_1_259' title='bbox 804 2308 1057 2355; x_wconf 75' lang='lat' dir='ltr'>tranquillitatem</span> <span class='ocrx_word' id='word_1_260' title='bbox 1081 2321 1142 2343; x_wconf 92' lang='lat' dir='ltr'>non</span> 
     </span>
     <span class='ocr_line' id='line_1_49' title="bbox 394 2357 1142 2405; baseline 0.001 -14"><span class='ocrx_word' id='word_1_261' title='bbox 394 2358 557 2405; x_wconf 81' lang='lat' dir='ltr'>inquietet,</span> <span class='ocrx_word' id='word_1_262' title='bbox 581 2370 638 2392; x_wconf 88' lang='lat' dir='ltr'>nec</span> <span class='ocrx_word' id='word_1_263' title='bbox 661 2358 776 2405; x_wconf 84' lang='lat' dir='ltr'>aliquid</span> <span class='ocrx_word' id='word_1_264' title='bbox 801 2358 830 2391; x_wconf 92' lang='lat' dir='ltr'>in</span> <span class='ocrx_word' id='word_1_265' title='bbox 844 2370 881 2392; x_wconf 86' lang='lat' dir='ltr'>eo</span> <span class='ocrx_word' id='word_1_266' title='bbox 896 2357 1065 2404; x_wconf 85' lang='lat' dir='ltr'>episcopali</span> <span class='ocrx_word' id='word_1_267' title='bbox 1086 2371 1142 2404; x_wconf 91' lang='lat' dir='ltr'>po-</span> 
     </span>
     <span class='ocr_line' id='line_1_50' title="bbox 392 2406 1141 2454; baseline 0.001 -13"><span class='ocrx_word' id='word_1_268' title='bbox 392 2416 502 2442; x_wconf 89' lang='lat' dir='ltr'>testate</span> <span class='ocrx_word' id='word_1_269' title='bbox 534 2407 635 2442; x_wconf 86' lang='lat' dir='ltr'>facere</span> <span class='ocrx_word' id='word_1_270' title='bbox 662 2416 856 2454; x_wconf 83' lang='lat' dir='ltr'>praesumat,</span> <span class='ocrx_word' id='word_1_271' title='bbox 892 2419 949 2441; x_wconf 89' lang='lat' dir='ltr'>nec</span> <span class='ocrx_word' id='word_1_272' title='bbox 983 2406 1141 2447; x_wconf 80' lang='lat' dir='ltr'>fratribus,</span> 
     </span>
     <span class='ocr_line' id='line_1_51' title="bbox 391 2456 1141 2503; baseline -0.001 -12"><span class='ocrx_word' id='word_1_273' title='bbox 391 2465 444 2491; x_wconf 88' lang='lat' dir='ltr'>aut</span> <span class='ocrx_word' id='word_1_274' title='bbox 467 2456 569 2491; x_wconf 86' lang='lat' dir='ltr'>abbati</span> <span class='ocrx_word' id='word_1_275' title='bbox 599 2457 693 2491; x_wconf 91' lang='lat' dir='ltr'>ullam</span> <span class='ocrx_word' id='word_1_276' title='bbox 728 2457 914 2497; x_wconf 70' lang='lat' dir='ltr'>molestiam,</span> <span class='ocrx_word' id='word_1_277' title='bbox 942 2464 994 2491; x_wconf 89' lang='lat' dir='ltr'>aut</span> <span class='ocrx_word' id='word_1_278' title='bbox 1017 2456 1141 2503; x_wconf 89' lang='lat' dir='ltr'>inquie—</span> 
     </span>
     <span class='ocr_line' id='line_1_52' title="bbox 391 2506 1138 2553; baseline 0 -13"><span class='ocrx_word' id='word_1_279' title='bbox 391 2506 510 2540; x_wconf 81' lang='lat' dir='ltr'>tudinis</span> <span class='ocrx_word' id='word_1_280' title='bbox 541 2506 806 2553; x_wconf 76' lang='lat' dir='ltr'>perturbationem</span> <span class='ocrx_word' id='word_1_281' title='bbox 836 2507 964 2552; x_wconf 76' lang='lat' dir='ltr'>ingerat.</span> <span class='ocrx_word' id='word_1_282' title='bbox 993 2506 1086 2547; x_wconf 83' lang='lat' dir='ltr'>Quod</span> <span class='ocrx_word' id='word_1_283' title='bbox 1115 2507 1138 2541; x_wconf 92' lang='lat' dir='ltr'>si</span> 
     </span>
     <span class='ocr_line' id='line_1_53' title="bbox 392 2555 1140 2603; baseline 0.003 -15"><span class='ocrx_word' id='word_1_284' title='bbox 392 2555 508 2590; x_wconf 76' lang='lat' dir='ltr'>violare</span> <span class='ocrx_word' id='word_1_285' title='bbox 537 2556 794 2603; x_wconf 78' lang='lat' dir='ltr'>praesumpserit,</span> <span class='ocrx_word' id='word_1_286' title='bbox 829 2568 891 2589; x_wconf 74' lang='lat' dir='ltr'>noa</span> <span class='ocrx_word' id='word_1_287' title='bbox 928 2556 1059 2602; x_wconf 81' lang='lat' dir='ltr'>pastoris</span> <span class='ocrx_word' id='word_1_288' title='bbox 1093 2556 1140 2590; x_wconf 85' lang='lat' dir='ltr'>os-</span> 
     </span>
     <span class='ocr_line' id='line_1_54' title="bbox 392 2604 1140 2651; baseline 0.003 -14"><span class='ocrx_word' id='word_1_289' title='bbox 392 2605 511 2645; x_wconf 73' lang='lat' dir='ltr'>ticium,</span> <span class='ocrx_word' id='word_1_290' title='bbox 532 2605 586 2639; x_wconf 84' lang='lat' dir='ltr'>sed</span> <span class='ocrx_word' id='word_1_291' title='bbox 609 2605 774 2644; x_wconf 83' lang='lat' dir='ltr'>eversoris,</span> <span class='ocrx_word' id='word_1_292' title='bbox 796 2612 888 2651; x_wconf 89' lang='lat' dir='ltr'>atque</span> <span class='ocrx_word' id='word_1_293' title='bbox 908 2604 1140 2639; x_wconf 76' lang='lat' dir='ltr'>conturbatoris</span> 
     </span>
     <span class='ocr_line' id='line_1_55' title="bbox 390 2653 1139 2702; baseline 0.001 -14"><span class='ocrx_word' id='word_1_294' title='bbox 390 2653 544 2689; x_wconf 65' lang='lat' dir='ltr'>douiinici</span> <span class='ocrx_word' id='word_1_295' title='bbox 569 2654 673 2701; x_wconf 62' lang='lat' dir='ltr'>gregis</span> <span class='ocrx_word' id='word_1_296' title='bbox 694 2654 816 2689; x_wconf 62' lang='lat' dir='ltr'>noterit</span> <span class='ocrx_word' id='word_1_297' title='bbox 840 2665 876 2689; x_wconf 77' lang='lat' dir='ltr'>se</span> <span class='ocrx_word' id='word_1_298' title='bbox 895 2653 1012 2702; x_wconf 76' lang='lat' dir='ltr'>agitare</span> <span class='ocrx_word' id='word_1_299' title='bbox 1036 2663 1139 2701; x_wconf 60' lang='lat' dir='ltr'>tyran-</span> 
     </span>
    </p>
   </div>
   <div class='ocr_carea' id='block_1_14' title="bbox 1180 421 1970 2651">
    <p class='ocr_par' dir='ltr' id='par_1_15' title="bbox 1205 421 1970 1261">
     <span class='ocr_line' id='line_1_56' title="bbox 1222 421 1970 460; baseline 0.004 -3"><span class='ocrx_word' id='word_1_300' title='bbox 1222 422 1337 457; x_wconf 91' lang='lat' dir='ltr'>Christi</span> <span class='ocrx_word' id='word_1_301' title='bbox 1378 422 1609 460; x_wconf 82' lang='lat' dir='ltr'>removendus,</span> <span class='ocrx_word' id='word_1_302' title='bbox 1654 421 1863 458; x_wconf 85' lang='lat' dir='ltr'>damnationis</span> <span class='ocrx_word' id='word_1_303' title='bbox 1895 437 1970 460; x_wconf 85' lang='lat' dir='ltr'>suae</span> 
     </span>
     <span class='ocr_line' id='line_1_57' title="bbox 1222 471 1969 519; baseline 0.004 -13"><span class='ocrx_word' id='word_1_304' title='bbox 1222 485 1338 518; x_wconf 86' lang='lat' dir='ltr'>poenas</span> <span class='ocrx_word' id='word_1_305' title='bbox 1371 471 1580 506; x_wconf 80' lang='lat' dir='ltr'>anathematis</span> <span class='ocrx_word' id='word_1_306' title='bbox 1615 483 1763 506; x_wconf 89' lang='lat' dir='ltr'>mucrone</span> <span class='ocrx_word' id='word_1_307' title='bbox 1801 485 1969 519; x_wconf 88' lang='lat' dir='ltr'>percussus</span> 
     </span>
     <span class='ocr_line' id='line_1_58' title="bbox 1220 520 1968 568; baseline 0.004 -13"><span class='ocrx_word' id='word_1_308' title='bbox 1220 522 1363 568; x_wconf 86' lang='lat' dir='ltr'>excipiat.</span> <span class='ocrx_word' id='word_1_309' title='bbox 1374 521 1491 556; x_wconf 78' lang='lat' dir='ltr'>Altaria</span> <span class='ocrx_word' id='word_1_310' title='bbox 1506 532 1579 554; x_wconf 84' lang='lat' dir='ltr'>vero</span> <span class='ocrx_word' id='word_1_311' title='bbox 1592 533 1647 554; x_wconf 86' lang='lat' dir='ltr'>seu</span> <span class='ocrx_word' id='word_1_312' title='bbox 1658 520 1802 556; x_wconf 86' lang='lat' dir='ltr'>basilicas</span> <span class='ocrx_word' id='word_1_313' title='bbox 1817 522 1846 555; x_wconf 86' lang='lat' dir='ltr'>in</span> <span class='ocrx_word' id='word_1_314' title='bbox 1857 535 1968 558; x_wconf 87' lang='lat' dir='ltr'>mona-</span> 
     </span>
     <span class='ocr_line' id='line_1_59' title="bbox 1218 569 1967 617; baseline 0.003 -12"><span class='ocrx_word' id='word_1_315' title='bbox 1218 572 1312 605; x_wconf 78' lang='lat' dir='ltr'>sterio</span> <span class='ocrx_word' id='word_1_316' title='bbox 1340 578 1465 616; x_wconf 73' lang='lat' dir='ltr'>rogatus</span> <span class='ocrx_word' id='word_1_317' title='bbox 1491 569 1530 604; x_wconf 91' lang='lat' dir='ltr'>ab</span> <span class='ocrx_word' id='word_1_318' title='bbox 1552 569 1661 604; x_wconf 82' lang='lat' dir='ltr'>abbate</span> <span class='ocrx_word' id='word_1_319' title='bbox 1684 582 1740 617; x_wconf 92' lang='lat' dir='ltr'>pro</span> <span class='ocrx_word' id='word_1_320' title='bbox 1763 570 1880 605; x_wconf 85' lang='lat' dir='ltr'>Christi</span> <span class='ocrx_word' id='word_1_321' title='bbox 1909 585 1967 607; x_wconf 90' lang='lat' dir='ltr'>no-</span> 
     </span>
     <span class='ocr_line' id='line_1_60' title="bbox 1218 619 1964 666; baseline 0.004 -12"><span class='ocrx_word' id='word_1_322' title='bbox 1218 621 1302 655; x_wconf 87' lang='lat' dir='ltr'>mine</span> <span class='ocrx_word' id='word_1_323' title='bbox 1324 627 1498 663; x_wconf 83' lang='lat' dir='ltr'>consecret,</span> <span class='ocrx_word' id='word_1_324' title='bbox 1511 627 1604 666; x_wconf 88' lang='lat' dir='ltr'>atque</span> <span class='ocrx_word' id='word_1_325' title='bbox 1621 619 1796 654; x_wconf 85' lang='lat' dir='ltr'>benedicat.</span> <span class='ocrx_word' id='word_1_326' title='bbox 1820 620 1964 657; x_wconf 88' lang='lat' dir='ltr'>Chrisma</span> 
     </span>
     <span class='ocr_line' id='line_1_61' title="bbox 1217 669 1965 717; baseline 0.004 -14"><span class='ocrx_word' id='word_1_327' title='bbox 1217 682 1343 717; x_wconf 85' lang='lat' dir='ltr'>quoquo</span> <span class='ocrx_word' id='word_1_328' title='bbox 1356 670 1420 704; x_wconf 79' lang='lat' dir='ltr'>sire</span> <span class='ocrx_word' id='word_1_329' title='bbox 1434 669 1691 704; x_wconf 81' lang='lat' dir='ltr'>sanctificationis</span> <span class='ocrx_word' id='word_1_330' title='bbox 1709 669 1812 704; x_wconf 83' lang='lat' dir='ltr'>oleum</span> <span class='ocrx_word' id='word_1_331' title='bbox 1831 671 1965 717; x_wconf 79' lang='lat' dir='ltr'>singulis</span> 
     </span>
     <span class='ocr_line' id='line_1_62' title="bbox 1215 718 1965 767; baseline 0.004 -15"><span class='ocrx_word' id='word_1_332' title='bbox 1215 720 1306 754; x_wconf 90' lang='lat' dir='ltr'>annis</span> <span class='ocrx_word' id='word_1_333' title='bbox 1334 719 1491 767; x_wconf 79' lang='lat' dir='ltr'>praebeat,</span> <span class='ocrx_word' id='word_1_334' title='bbox 1519 718 1574 753; x_wconf 86' lang='lat' dir='ltr'>sed</span> <span class='ocrx_word' id='word_1_335' title='bbox 1609 726 1639 752; x_wconf 87' lang='lat' dir='ltr'>et</span> <span class='ocrx_word' id='word_1_336' title='bbox 1673 718 1697 752; x_wconf 92' lang='lat' dir='ltr'>si</span> <span class='ocrx_word' id='word_1_337' title='bbox 1725 732 1818 766; x_wconf 87' lang='lat' dir='ltr'>quem</span> <span class='ocrx_word' id='word_1_338' title='bbox 1843 721 1965 767; x_wconf 88' lang='lat' dir='ltr'>petierit</span> 
     </span>
     <span class='ocr_line' id='line_1_63' title="bbox 1214 768 1964 811; baseline 0.004 -9"><span class='ocrx_word' id='word_1_339' title='bbox 1214 768 1321 809; x_wconf 84' lang='lat' dir='ltr'>abbas,</span> <span class='ocrx_word' id='word_1_340' title='bbox 1344 777 1396 803; x_wconf 87' lang='lat' dir='ltr'>aut</span> <span class='ocrx_word' id='word_1_341' title='bbox 1414 769 1452 803; x_wconf 88' lang='lat' dir='ltr'>de</span> <span class='ocrx_word' id='word_1_342' title='bbox 1474 768 1647 811; x_wconf 85' lang='lat' dir='ltr'>monacbis,</span> <span class='ocrx_word' id='word_1_343' title='bbox 1669 776 1722 802; x_wconf 92' lang='lat' dir='ltr'>aut</span> <span class='ocrx_word' id='word_1_344' title='bbox 1744 768 1783 803; x_wconf 90' lang='lat' dir='ltr'>de</span> <span class='ocrx_word' id='word_1_345' title='bbox 1805 771 1964 806; x_wconf 88' lang='lat' dir='ltr'>canonicis</span> 
     </span>
     <span class='ocr_line' id='line_1_64' title="bbox 1214 818 1960 865; baseline 0.004 -13"><span class='ocrx_word' id='word_1_346' title='bbox 1214 819 1281 853; x_wconf 88' lang='lat' dir='ltr'>suis</span> <span class='ocrx_word' id='word_1_347' title='bbox 1314 819 1352 853; x_wconf 88' lang='lat' dir='ltr'>ad</span> <span class='ocrx_word' id='word_1_348' title='bbox 1386 819 1521 865; x_wconf 87' lang='lat' dir='ltr'>aliquem</span> <span class='ocrx_word' id='word_1_349' title='bbox 1550 818 1680 863; x_wconf 79' lang='lat' dir='ltr'>gradum</span> <span class='ocrx_word' id='word_1_350' title='bbox 1712 818 1960 855; x_wconf 87' lang='lat' dir='ltr'>ecclesiasticum</span> 
     </span>
     <span class='ocr_line' id='line_1_65' title="bbox 1213 868 1959 914; baseline 0.004 -13"><span class='ocrx_word' id='word_1_351' title='bbox 1213 869 1461 903; x_wconf 82' lang='lat' dir='ltr'>consecrandum</span> <span class='ocrx_word' id='word_1_352' title='bbox 1478 895 1485 906; x_wconf 82' lang='grc'>,</span> <span class='ocrx_word' id='word_1_353' title='bbox 1529 868 1707 902; x_wconf 83' lang='lat' dir='ltr'>nullatenus</span> <span class='ocrx_word' id='word_1_354' title='bbox 1749 869 1959 914; x_wconf 77' lang='lat' dir='ltr'>contradicat,</span> 
     </span>
     <span class='ocr_line' id='line_1_66' title="bbox 1214 917 1960 965; baseline 0.004 -14"><span class='ocrx_word' id='word_1_355' title='bbox 1214 917 1269 951; x_wconf 88' lang='lat' dir='ltr'>nisi</span> <span class='ocrx_word' id='word_1_356' title='bbox 1308 917 1385 952; x_wconf 86' lang='lat' dir='ltr'>forte</span> <span class='ocrx_word' id='word_1_357' title='bbox 1421 919 1457 957; x_wconf 88' lang='lat' dir='ltr'>is,</span> <span class='ocrx_word' id='word_1_358' title='bbox 1490 930 1546 964; x_wconf 89' lang='lat' dir='ltr'>pro</span> <span class='ocrx_word' id='word_1_359' title='bbox 1569 930 1631 964; x_wconf 94' lang='lat' dir='ltr'>quo</span> <span class='ocrx_word' id='word_1_360' title='bbox 1655 917 1782 964; x_wconf 88' lang='lat' dir='ltr'>petitur,</span> <span class='ocrx_word' id='word_1_361' title='bbox 1810 918 1960 965; x_wconf 80' lang='lat' dir='ltr'>indignus</span> 
     </span>
     <span class='ocr_line' id='line_1_67' title="bbox 1213 966 1961 1015; baseline 0.004 -15"><span class='ocrx_word' id='word_1_362' title='bbox 1213 967 1261 1000; x_wconf 90' lang='lat' dir='ltr'>tali</span> <span class='ocrx_word' id='word_1_363' title='bbox 1286 967 1404 1002; x_wconf 89' lang='lat' dir='ltr'>bonore</span> <span class='ocrx_word' id='word_1_364' title='bbox 1427 966 1562 1002; x_wconf 78' lang='lat' dir='ltr'>veritatis</span> <span class='ocrx_word' id='word_1_365' title='bbox 1585 967 1764 1001; x_wconf 76' lang='lat' dir='ltr'>testimonio</span> <span class='ocrx_word' id='word_1_366' title='bbox 1786 967 1961 1015; x_wconf 88' lang='lat' dir='ltr'>deprehen-</span> 
     </span>
     <span class='ocr_line' id='line_1_68' title="bbox 1210 1016 1958 1064; baseline 0.004 -14"><span class='ocrx_word' id='word_1_367' title='bbox 1210 1016 1319 1051; x_wconf 85' lang='lat' dir='ltr'>datur:</span> <span class='ocrx_word' id='word_1_368' title='bbox 1339 1018 1484 1064; x_wconf 88' lang='lat' dir='ltr'>quoniam</span> <span class='ocrx_word' id='word_1_369' title='bbox 1499 1017 1579 1051; x_wconf 89' lang='lat' dir='ltr'>sicut</span> <span class='ocrx_word' id='word_1_370' title='bbox 1595 1016 1717 1051; x_wconf 89' lang='lat' dir='ltr'>divinae</span> <span class='ocrx_word' id='word_1_371' title='bbox 1730 1016 1958 1054; x_wconf 85' lang='lat' dir='ltr'>benedictionis</span> 
     </span>
     <span class='ocr_line' id='line_1_69' title="bbox 1209 1066 1956 1113; baseline 0.004 -14"><span class='ocrx_word' id='word_1_372' title='bbox 1209 1075 1451 1111; x_wconf 87' lang='lat' dir='ltr'>sacramentum,</span> <span class='ocrx_word' id='word_1_373' title='bbox 1474 1074 1528 1101; x_wconf 87' lang='lat' dir='ltr'>aut</span> <span class='ocrx_word' id='word_1_374' title='bbox 1552 1078 1606 1112; x_wconf 90' lang='lat' dir='ltr'>pro</span> <span class='ocrx_word' id='word_1_375' title='bbox 1628 1066 1726 1112; x_wconf 80' lang='lat' dir='ltr'>gratia</span> <span class='ocrx_word' id='word_1_376' title='bbox 1754 1067 1857 1113; x_wconf 79' lang='lat' dir='ltr'>largiri</span> <span class='ocrx_word' id='word_1_377' title='bbox 1886 1068 1956 1102; x_wconf 90' lang='lat' dir='ltr'>cui-</span> 
     </span>
     <span class='ocr_line' id='line_1_70' title="bbox 1208 1115 1953 1162; baseline 0.004 -13"><span class='ocrx_word' id='word_1_378' title='bbox 1208 1127 1300 1162; x_wconf 88' lang='lat' dir='ltr'>quam</span> <span class='ocrx_word' id='word_1_379' title='bbox 1324 1129 1386 1151; x_wconf 91' lang='lat' dir='ltr'>non</span> <span class='ocrx_word' id='word_1_380' title='bbox 1410 1117 1499 1151; x_wconf 79' lang='lat' dir='ltr'>decet</span> <span class='ocrx_word' id='word_1_381' title='bbox 1521 1116 1663 1162; x_wconf 68' lang='lat' dir='ltr'>indigno,</span> <span class='ocrx_word' id='word_1_382' title='bbox 1687 1115 1725 1150; x_wconf 91' lang='lat' dir='ltr'>ita</span> <span class='ocrx_word' id='word_1_383' title='bbox 1747 1116 1842 1162; x_wconf 80' lang='lat' dir='ltr'>gratis</span> <span class='ocrx_word' id='word_1_384' title='bbox 1861 1117 1953 1152; x_wconf 81' lang='lat' dir='ltr'>(lebet</span> 
     </span>
     <span class='ocr_line' id='line_1_71' title="bbox 1206 1165 1954 1212; baseline 0.005 -14"><span class='ocrx_word' id='word_1_385' title='bbox 1206 1165 1348 1200; x_wconf 83' lang='lat' dir='ltr'>exbiberi</span> <span class='ocrx_word' id='word_1_386' title='bbox 1372 1166 1488 1212; x_wconf 74' lang='lat' dir='ltr'>dignis,</span> <span class='ocrx_word' id='word_1_387' title='bbox 1510 1166 1591 1200; x_wconf 89' lang='lat' dir='ltr'>sicut</span> <span class='ocrx_word' id='word_1_388' title='bbox 1612 1165 1755 1200; x_wconf 83' lang='lat' dir='ltr'>Salvator</span> <span class='ocrx_word' id='word_1_389' title='bbox 1769 1165 1826 1201; x_wconf 85' lang='lat' dir='ltr'>ait:</span> <span class='ocrx_word' id='word_1_390' title='bbox 1850 1165 1954 1202; x_wconf 89' lang='lat' dir='ltr'>Gratis</span> 
     </span>
     <span class='ocr_line' id='line_1_72' title="bbox 1205 1215 1664 1261; baseline 0.002 -13"><span class='ocrx_word' id='word_1_391' title='bbox 1205 1216 1380 1261; x_wconf 75' lang='lat' dir='ltr'>accepistis,</span> <span class='ocrx_word' id='word_1_392' title='bbox 1404 1216 1500 1261; x_wconf 75' lang='lat' dir='ltr'>gratis</span> <span class='ocrx_word' id='word_1_393' title='bbox 1522 1215 1591 1249; x_wconf 72' lang='lat' dir='ltr'>(late</span> <span class='ocrx_word' id='word_1_394' title='bbox 1614 1218 1664 1259; x_wconf 85' lang='lat' dir='ltr'>(a).</span> 
     </span>
    </p>

    <p class='ocr_par' dir='ltr' id='par_1_16' title="bbox 1180 1263 1953 2651">
     <span class='ocr_line' id='line_1_73' title="bbox 1255 1263 1953 1312; baseline 0.003 -14"><span class='ocrx_word' id='word_1_395' title='bbox 1255 1267 1286 1298; x_wconf 86' lang='lat'>8.</span> <span class='ocrx_word' id='word_1_396' title='bbox 1316 1264 1486 1300; x_wconf 75' lang='lat' dir='ltr'>Electionis</span> <span class='ocrx_word' id='word_1_397' title='bbox 1527 1272 1630 1298; x_wconf 83' lang='lat' dir='ltr'>autem</span> <span class='ocrx_word' id='word_1_398' title='bbox 1668 1263 1878 1312; x_wconf 83' lang='lat' dir='ltr'>privilegium,</span> <span class='ocrx_word' id='word_1_399' title='bbox 1921 1274 1953 1300; x_wconf 93' lang='lat' dir='ltr'>ut</span> 
     </span>
     <span class='ocr_line' id='line_1_74' title="bbox 1204 1312 1953 1350; baseline 0.005 -4"><span class='ocrx_word' id='word_1_400' title='bbox 1204 1312 1337 1349; x_wconf 83' lang='lat' dir='ltr'>babeant</span> <span class='ocrx_word' id='word_1_401' title='bbox 1365 1315 1473 1350; x_wconf 84' lang='lat' dir='ltr'>fratres</span> <span class='ocrx_word' id='word_1_402' title='bbox 1508 1314 1648 1349; x_wconf 85' lang='lat' dir='ltr'>eiusdem</span> <span class='ocrx_word' id='word_1_403' title='bbox 1686 1314 1868 1349; x_wconf 88' lang='lat' dir='ltr'>monasterii</span> <span class='ocrx_word' id='word_1_404' title='bbox 1896 1315 1953 1350; x_wconf 91' lang='lat' dir='ltr'>de-</span> 
     </span>
     <span class='ocr_line' id='line_1_75' title="bbox 1202 1364 1950 1411; baseline 0.004 -14"><span class='ocrx_word' id='word_1_405' title='bbox 1202 1364 1361 1399; x_wconf 85' lang='lat' dir='ltr'>cernimus</span> <span class='ocrx_word' id='word_1_406' title='bbox 1377 1393 1384 1403; x_wconf 89' lang='lat'>,</span> <span class='ocrx_word' id='word_1_407' title='bbox 1425 1365 1526 1403; x_wconf 86' lang='lat' dir='ltr'>idest,</span> <span class='ocrx_word' id='word_1_408' title='bbox 1566 1372 1597 1398; x_wconf 90' lang='lat' dir='ltr'>ut</span> <span class='ocrx_word' id='word_1_409' title='bbox 1635 1376 1870 1411; x_wconf 87' lang='lat' dir='ltr'>quemcumque</span> <span class='ocrx_word' id='word_1_410' title='bbox 1911 1365 1950 1400; x_wconf 88' lang='lat' dir='ltr'>dc</span> 
     </span>
     <span class='ocr_line' id='line_1_76' title="bbox 1200 1413 1949 1461; baseline 0.005 -16"><span class='ocrx_word' id='word_1_411' title='bbox 1200 1413 1324 1459; x_wconf 80' lang='lat' dir='ltr'>seipsis,</span> <span class='ocrx_word' id='word_1_412' title='bbox 1353 1415 1404 1461; x_wconf 92' lang='lat' dir='ltr'>qui</span> <span class='ocrx_word' id='word_1_413' title='bbox 1437 1415 1475 1448; x_wconf 90' lang='lat' dir='ltr'>sit</span> <span class='ocrx_word' id='word_1_414' title='bbox 1509 1413 1711 1448; x_wconf 85' lang='lat' dir='ltr'>monachicae</span> <span class='ocrx_word' id='word_1_415' title='bbox 1734 1413 1949 1460; x_wconf 75' lang='lat' dir='ltr'>professionis,</span> 
     </span>
     <span class='ocr_line' id='line_1_77' title="bbox 1200 1461 1950 1510; baseline 0.005 -16"><span class='ocrx_word' id='word_1_416' title='bbox 1200 1461 1313 1508; x_wconf 69' lang='lat' dir='ltr'>dignus</span> <span class='ocrx_word' id='word_1_417' title='bbox 1347 1472 1450 1498; x_wconf 81' lang='lat' dir='ltr'>tamen</span> <span class='ocrx_word' id='word_1_418' title='bbox 1487 1464 1631 1510; x_wconf 87' lang='lat' dir='ltr'>pastorali</span> <span class='ocrx_word' id='word_1_419' title='bbox 1667 1462 1870 1510; x_wconf 85' lang='lat' dir='ltr'>praelatione,</span> <span class='ocrx_word' id='word_1_420' title='bbox 1892 1477 1950 1498; x_wconf 85' lang='lat' dir='ltr'>vo-</span> 
     </span>
     <span class='ocr_line' id='line_1_78' title="bbox 1199 1510 1949 1559; baseline 0.005 -15"><span class='ocrx_word' id='word_1_421' title='bbox 1199 1510 1312 1546; x_wconf 80' lang='lat' dir='ltr'>luerint</span> <span class='ocrx_word' id='word_1_422' title='bbox 1341 1514 1454 1559; x_wconf 77' lang='lat' dir='ltr'>eligere</span> <span class='ocrx_word' id='word_1_423' title='bbox 1486 1513 1659 1547; x_wconf 80' lang='lat' dir='ltr'>secundum</span> <span class='ocrx_word' id='word_1_424' title='bbox 1690 1512 1861 1559; x_wconf 74' lang='lat' dir='ltr'>regularem</span> <span class='ocrx_word' id='word_1_425' title='bbox 1896 1526 1949 1548; x_wconf 89' lang='lat' dir='ltr'>au-</span> 
     </span>
     <span class='ocr_line' id='line_1_79' title="bbox 1197 1562 1945 1610; baseline 0.004 -16"><span class='ocrx_word' id='word_1_426' title='bbox 1197 1562 1388 1606; x_wconf 81' lang='lat' dir='ltr'>ctoritatem,</span> <span class='ocrx_word' id='word_1_427' title='bbox 1413 1571 1596 1610; x_wconf 86' lang='lat' dir='ltr'>potestatem</span> <span class='ocrx_word' id='word_1_428' title='bbox 1631 1562 1765 1597; x_wconf 84' lang='lat' dir='ltr'>habeant</span> <span class='ocrx_word' id='word_1_429' title='bbox 1798 1563 1945 1609; x_wconf 81' lang='lat' dir='ltr'>eligendi.</span> 
     </span>
     <span class='ocr_line' id='line_1_80' title="bbox 1198 1610 1946 1659; baseline 0.005 -16"><span class='ocrx_word' id='word_1_430' title='bbox 1198 1610 1233 1644; x_wconf 79' lang='lat' dir='ltr'>Ei</span> <span class='ocrx_word' id='word_1_431' title='bbox 1256 1624 1352 1659; x_wconf 90' lang='lat' dir='ltr'>super</span> <span class='ocrx_word' id='word_1_432' title='bbox 1374 1613 1432 1647; x_wconf 90' lang='lat' dir='ltr'>boc</span> <span class='ocrx_word' id='word_1_433' title='bbox 1456 1620 1619 1647; x_wconf 81' lang='lat' dir='ltr'>monentes</span> <span class='ocrx_word' id='word_1_434' title='bbox 1647 1612 1850 1646; x_wconf 87' lang='lat' dir='ltr'>obsecramus</span> <span class='ocrx_word' id='word_1_435' title='bbox 1866 1613 1946 1648; x_wconf 84' lang='lat' dir='ltr'>filios</span> 
     </span>
     <span class='ocr_line' id='line_1_81' title="bbox 1196 1661 1944 1708; baseline 0.004 -15"><span class='ocrx_word' id='word_1_436' title='bbox 1196 1670 1318 1696; x_wconf 86' lang='lat' dir='ltr'>nostros</span> <span class='ocrx_word' id='word_1_437' title='bbox 1341 1662 1505 1708; x_wconf 74' lang='lat' dir='ltr'>gloriosos,</span> <span class='ocrx_word' id='word_1_438' title='bbox 1524 1661 1717 1702; x_wconf 89' lang='lat' dir='ltr'>Lotbarinm,</span> <span class='ocrx_word' id='word_1_439' title='bbox 1737 1661 1944 1703; x_wconf 88' lang='lat' dir='ltr'>Ludovicum,</span> 
     </span>
     <span class='ocr_line' id='line_1_82' title="bbox 1194 1709 1944 1757; baseline 0.004 -14"><span class='ocrx_word' id='word_1_440' title='bbox 1194 1709 1340 1745; x_wconf 80' lang='lat' dir='ltr'>Caroluin</span> <span class='ocrx_word' id='word_1_441' title='bbox 1361 1712 1551 1757; x_wconf 64' lang='lat' dir='ltr'>Augustum,</span> <span class='ocrx_word' id='word_1_442' title='bbox 1576 1719 1608 1745; x_wconf 90' lang='lat' dir='ltr'>ut</span> <span class='ocrx_word' id='word_1_443' title='bbox 1630 1711 1710 1745; x_wconf 89' lang='lat' dir='ltr'>sicut</span> <span class='ocrx_word' id='word_1_444' title='bbox 1730 1711 1944 1747; x_wconf 87' lang='lat' dir='ltr'>memorabilis</span> 
     </span>
     <span class='ocr_line' id='line_1_83' title="bbox 1193 1758 1943 1808; baseline 0.003 -14"><span class='ocrx_word' id='word_1_445' title='bbox 1193 1758 1326 1805; x_wconf 74' lang='lat' dir='ltr'>Augusti</span> <span class='ocrx_word' id='word_1_446' title='bbox 1349 1763 1482 1808; x_wconf 76' lang='lat' dir='ltr'>genitor,</span> <span class='ocrx_word' id='word_1_447' title='bbox 1496 1769 1526 1795; x_wconf 83' lang='lat' dir='ltr'>et</span> <span class='ocrx_word' id='word_1_448' title='bbox 1547 1774 1622 1795; x_wconf 83' lang='lat' dir='ltr'>arus</span> <span class='ocrx_word' id='word_1_449' title='bbox 1644 1773 1766 1805; x_wconf 86' lang='lat' dir='ltr'>eorum,</span> <span class='ocrx_word' id='word_1_450' title='bbox 1781 1769 1809 1795; x_wconf 89' lang='lat' dir='ltr'>et</span> <span class='ocrx_word' id='word_1_451' title='bbox 1824 1761 1943 1807; x_wconf 91' lang='lat' dir='ltr'>priores</span> 
     </span>
     <span class='ocr_line' id='line_1_84' title="bbox 1192 1810 1942 1856; baseline 0.004 -14"><span class='ocrx_word' id='word_1_452' title='bbox 1192 1818 1263 1844; x_wconf 87' lang='lat' dir='ltr'>ante</span> <span class='ocrx_word' id='word_1_453' title='bbox 1285 1823 1318 1844; x_wconf 87' lang='lat' dir='ltr'>se</span> <span class='ocrx_word' id='word_1_454' title='bbox 1342 1824 1430 1856; x_wconf 74' lang='lat' dir='ltr'>reges</span> <span class='ocrx_word' id='word_1_455' title='bbox 1446 1811 1652 1855; x_wconf 75' lang='lat' dir='ltr'>Francorum,</span> <span class='ocrx_word' id='word_1_456' title='bbox 1666 1810 1768 1845; x_wconf 88' lang='lat' dir='ltr'>eidem</span> <span class='ocrx_word' id='word_1_457' title='bbox 1787 1810 1942 1845; x_wconf 86' lang='lat' dir='ltr'>coenobio</span> 
     </span>
     <span class='ocr_line' id='line_1_85' title="bbox 1192 1859 1940 1906; baseline 0.004 -14"><span class='ocrx_word' id='word_1_458' title='bbox 1192 1869 1427 1903; x_wconf 82' lang='lat' dir='ltr'>concesserunt,</span> <span class='ocrx_word' id='word_1_459' title='bbox 1450 1861 1586 1906; x_wconf 78' lang='lat' dir='ltr'>eligendi</span> <span class='ocrx_word' id='word_1_460' title='bbox 1617 1860 1656 1895; x_wconf 76' lang='lat' dir='ltr'>&lt;le</span> <span class='ocrx_word' id='word_1_461' title='bbox 1683 1859 1861 1906; x_wconf 87' lang='lat' dir='ltr'>semetipsis</span> <span class='ocrx_word' id='word_1_462' title='bbox 1883 1860 1940 1895; x_wconf 88' lang='lat' dir='ltr'>ab·</span> 
     </span>
     <span class='ocr_line' id='line_1_86' title="bbox 1192 1907 1940 1957; baseline 0.005 -16"><span class='ocrx_word' id='word_1_463' title='bbox 1192 1907 1307 1953; x_wconf 89' lang='lat' dir='ltr'>batem,</span> <span class='ocrx_word' id='word_1_464' title='bbox 1341 1919 1434 1957; x_wconf 88' lang='lat' dir='ltr'>atque</span> <span class='ocrx_word' id='word_1_465' title='bbox 1469 1911 1526 1957; x_wconf 91' lang='lat' dir='ltr'>ipsi</span> <span class='ocrx_word' id='word_1_466' title='bbox 1562 1910 1627 1944; x_wconf 91' lang='lat' dir='ltr'>suis</span> <span class='ocrx_word' id='word_1_467' title='bbox 1668 1909 1843 1957; x_wconf 84' lang='lat' dir='ltr'>praeceptis</span> <span class='ocrx_word' id='word_1_468' title='bbox 1882 1909 1940 1945; x_wconf 90' lang='lat' dir='ltr'>boc</span> 
     </span>
     <span class='ocr_line' id='line_1_87' title="bbox 1190 1957 1939 2006; baseline 0.003 -15"><span class='ocrx_word' id='word_1_469' title='bbox 1190 1957 1272 1993; x_wconf 90' lang='lat' dir='ltr'>idem</span> <span class='ocrx_word' id='word_1_470' title='bbox 1307 1968 1499 2000; x_wconf 84' lang='lat' dir='ltr'>sanxerunt,</span> <span class='ocrx_word' id='word_1_471' title='bbox 1528 1960 1568 1994; x_wconf 87' lang='lat' dir='ltr'>ita</span> <span class='ocrx_word' id='word_1_472' title='bbox 1592 1972 1718 2006; x_wconf 89' lang='lat' dir='ltr'>quoque</span> <span class='ocrx_word' id='word_1_473' title='bbox 1753 1970 1939 1994; x_wconf 87' lang='lat' dir='ltr'>conservare</span> 
     </span>
     <span class='ocr_line' id='line_1_88' title="bbox 1189 2008 1937 2057; baseline 0.001 -16"><span class='ocrx_word' id='word_1_474' title='bbox 1189 2008 1253 2042; x_wconf 92' lang='lat' dir='ltr'>suis</span> <span class='ocrx_word' id='word_1_475' title='bbox 1289 2009 1483 2056; x_wconf 85' lang='lat' dir='ltr'>temporibus</span> <span class='ocrx_word' id='word_1_476' title='bbox 1520 2021 1575 2057; x_wconf 89' lang='lat' dir='ltr'>pro</span> <span class='ocrx_word' id='word_1_477' title='bbox 1605 2009 1722 2043; x_wconf 85' lang='lat' dir='ltr'>Christi</span> <span class='ocrx_word' id='word_1_478' title='bbox 1751 2021 1857 2043; x_wconf 89' lang='lat' dir='ltr'>amore</span> <span class='ocrx_word' id='word_1_479' title='bbox 1887 2008 1937 2043; x_wconf 93' lang='lat' dir='ltr'>di-</span> 
     </span>
     <span class='ocr_line' id='line_1_89' title="bbox 1188 2057 1937 2106; baseline 0.003 -15"><span class='ocrx_word' id='word_1_480' title='bbox 1188 2066 1332 2103; x_wconf 80' lang='lat' dir='ltr'>gnentur,</span> <span class='ocrx_word' id='word_1_481' title='bbox 1356 2067 1385 2094; x_wconf 91' lang='lat' dir='ltr'>et</span> <span class='ocrx_word' id='word_1_482' title='bbox 1408 2058 1620 2093; x_wconf 87' lang='lat' dir='ltr'>conservanda</span> <span class='ocrx_word' id='word_1_483' title='bbox 1645 2058 1803 2106; x_wconf 88' lang='lat' dir='ltr'>perpetuis</span> <span class='ocrx_word' id='word_1_484' title='bbox 1825 2057 1937 2093; x_wconf 86' lang='lat' dir='ltr'>diebus</span> 
     </span>
     <span class='ocr_line' id='line_1_90' title="bbox 1188 2108 1937 2155; baseline 0 -14"><span class='ocrx_word' id='word_1_485' title='bbox 1188 2109 1378 2142; x_wconf 86' lang='lat' dir='ltr'>aeternitatis</span> <span class='ocrx_word' id='word_1_486' title='bbox 1410 2121 1485 2143; x_wconf 87' lang='lat' dir='ltr'>suae</span> <span class='ocrx_word' id='word_1_487' title='bbox 1516 2108 1638 2155; x_wconf 81' lang='lat' dir='ltr'>legibus</span> <span class='ocrx_word' id='word_1_488' title='bbox 1665 2108 1874 2142; x_wconf 89' lang='lat' dir='ltr'>constituant:</span> <span class='ocrx_word' id='word_1_489' title='bbox 1904 2115 1937 2142; x_wconf 90' lang='lat' dir='ltr'>ut</span> 
     </span>
     <span class='ocr_line' id='line_1_91' title="bbox 1187 2156 1935 2193; baseline 0.003 -3"><span class='ocrx_word' id='word_1_490' title='bbox 1187 2156 1261 2191; x_wconf 87' lang='lat' dir='ltr'>dum</span> <span class='ocrx_word' id='word_1_491' title='bbox 1286 2158 1410 2192; x_wconf 81' lang='lat' dir='ltr'>famulis</span> <span class='ocrx_word' id='word_1_492' title='bbox 1432 2158 1549 2193; x_wconf 88' lang='lat' dir='ltr'>Christi</span> <span class='ocrx_word' id='word_1_493' title='bbox 1578 2157 1750 2193; x_wconf 86' lang='lat' dir='ltr'>libertatem</span> <span class='ocrx_word' id='word_1_494' title='bbox 1771 2156 1935 2192; x_wconf 88' lang='lat' dir='ltr'>electionis</span> 
     </span>
     <span class='ocr_line' id='line_1_92' title="bbox 1186 2208 1935 2252; baseline 0.001 -12"><span class='ocrx_word' id='word_1_495' title='bbox 1186 2208 1415 2252; x_wconf 86' lang='lat' dir='ltr'>concesserint,</span> <span class='ocrx_word' id='word_1_496' title='bbox 1437 2216 1468 2242; x_wconf 89' lang='lat' dir='ltr'>et</span> <span class='ocrx_word' id='word_1_497' title='bbox 1489 2220 1670 2242; x_wconf 74' lang='lat' dir='ltr'>concessant</span> <span class='ocrx_word' id='word_1_498' title='bbox 1701 2218 1825 2241; x_wconf 83' lang='lat' dir='ltr'>servare</span> <span class='ocrx_word' id='word_1_499' title='bbox 1861 2215 1935 2241; x_wconf 93' lang='lat' dir='ltr'>stu-</span> 
     </span>
     <span class='ocr_line' id='line_1_93' title="bbox 1185 2256 1934 2304; baseline 0 -14"><span class='ocrx_word' id='word_1_500' title='bbox 1185 2256 1323 2297; x_wconf 88' lang='lat' dir='ltr'>duerint,</span> <span class='ocrx_word' id='word_1_501' title='bbox 1346 2266 1375 2292; x_wconf 89' lang='lat' dir='ltr'>et</span> <span class='ocrx_word' id='word_1_502' title='bbox 1398 2257 1572 2304; x_wconf 86' lang='lat' dir='ltr'>praesentis</span> <span class='ocrx_word' id='word_1_503' title='bbox 1605 2257 1683 2291; x_wconf 84' lang='lat' dir='ltr'>vitae</span> <span class='ocrx_word' id='word_1_504' title='bbox 1715 2268 1863 2302; x_wconf 79' lang='lat' dir='ltr'>regnum,</span> <span class='ocrx_word' id='word_1_505' title='bbox 1902 2265 1934 2290; x_wconf 90' lang='lat' dir='ltr'>et</span> 
     </span>
     <span class='ocr_line' id='line_1_94' title="bbox 1185 2305 1933 2353; baseline 0 -13"><span class='ocrx_word' id='word_1_506' title='bbox 1185 2307 1394 2353; x_wconf 85' lang='lat' dir='ltr'>sempiternae</span> <span class='ocrx_word' id='word_1_507' title='bbox 1406 2307 1609 2341; x_wconf 85' lang='lat' dir='ltr'>beatitudinis</span> <span class='ocrx_word' id='word_1_508' title='bbox 1623 2306 1752 2353; x_wconf 81' lang='lat' dir='ltr'>gloriam</span> <span class='ocrx_word' id='word_1_509' title='bbox 1766 2318 1783 2340; x_wconf 87' lang='lat' dir='ltr'>a</span> <span class='ocrx_word' id='word_1_510' title='bbox 1794 2305 1933 2340; x_wconf 80' lang='lat' dir='ltr'>Domino</span> 
     </span>
     <span class='ocr_line' id='line_1_95' title="bbox 1185 2355 1931 2404; baseline 0 -15"><span class='ocrx_word' id='word_1_511' title='bbox 1185 2355 1242 2402; x_wconf 87' lang='lat' dir='ltr'>ipsi</span> <span class='ocrx_word' id='word_1_512' title='bbox 1268 2357 1429 2404; x_wconf 87' lang='lat' dir='ltr'>percipere</span> <span class='ocrx_word' id='word_1_513' title='bbox 1448 2364 1637 2391; x_wconf 88' lang='lat' dir='ltr'>mereantur.</span> <span class='ocrx_word' id='word_1_514' title='bbox 1654 2356 1758 2402; x_wconf 83' lang='lat' dir='ltr'>Atque</span> <span class='ocrx_word' id='word_1_515' title='bbox 1774 2355 1858 2402; x_wconf 90' lang='lat' dir='ltr'>quod</span> <span class='ocrx_word' id='word_1_516' title='bbox 1872 2362 1931 2397; x_wconf 90' lang='lat' dir='ltr'>est,</span> 
     </span>
     <span class='ocr_line' id='line_1_96' title="bbox 1183 2404 1932 2452; baseline -0.001 -13"><span class='ocrx_word' id='word_1_517' title='bbox 1183 2413 1235 2439; x_wconf 90' lang='lat' dir='ltr'>aut</span> <span class='ocrx_word' id='word_1_518' title='bbox 1259 2407 1343 2452; x_wconf 71' lang='lat' dir='ltr'>regio</span> <span class='ocrx_word' id='word_1_519' title='bbox 1365 2418 1508 2447; x_wconf 88' lang='lat' dir='ltr'>munere,</span> <span class='ocrx_word' id='word_1_520' title='bbox 1531 2414 1583 2440; x_wconf 90' lang='lat' dir='ltr'>aut</span> <span class='ocrx_word' id='word_1_521' title='bbox 1606 2405 1743 2440; x_wconf 83' lang='lat' dir='ltr'>fidelium</span> <span class='ocrx_word' id='word_1_522' title='bbox 1766 2404 1932 2439; x_wconf 82' lang='lat' dir='ltr'>devotione</span> 
     </span>
     <span class='ocr_line' id='line_1_97' title="bbox 1182 2454 1932 2501; baseline 0 -13"><span class='ocrx_word' id='word_1_523' title='bbox 1182 2455 1219 2489; x_wconf 88' lang='lat' dir='ltr'>ad</span> <span class='ocrx_word' id='word_1_524' title='bbox 1249 2455 1329 2490; x_wconf 89' lang='lat' dir='ltr'>idem</span> <span class='ocrx_word' id='word_1_525' title='bbox 1353 2456 1541 2490; x_wconf 87' lang='lat' dir='ltr'>coenobium</span> <span class='ocrx_word' id='word_1_526' title='bbox 1567 2455 1631 2490; x_wconf 88' lang='lat' dir='ltr'>Deo</span> <span class='ocrx_word' id='word_1_527' title='bbox 1654 2454 1839 2501; x_wconf 85' lang='lat' dir='ltr'>famulisque</span> <span class='ocrx_word' id='word_1_528' title='bbox 1863 2454 1932 2488; x_wconf 87' lang='lat' dir='ltr'>eius</span> 
     </span>
     <span class='ocr_line' id='line_1_98' title="bbox 1183 2504 1931 2552; baseline -0.001 -14"><span class='ocrx_word' id='word_1_529' title='bbox 1183 2504 1334 2546; x_wconf 86' lang='lat' dir='ltr'>oblatum,</span> <span class='ocrx_word' id='word_1_530' title='bbox 1354 2518 1412 2540; x_wconf 86' lang='lat' dir='ltr'>nec</span> <span class='ocrx_word' id='word_1_531' title='bbox 1434 2506 1492 2552; x_wconf 89' lang='lat' dir='ltr'>ipsi</span> <span class='ocrx_word' id='word_1_532' title='bbox 1515 2505 1669 2545; x_wconf 80' lang='lat' dir='ltr'>auferant,</span> <span class='ocrx_word' id='word_1_533' title='bbox 1693 2516 1751 2539; x_wconf 89' lang='lat' dir='ltr'>nec</span> <span class='ocrx_word' id='word_1_534' title='bbox 1772 2504 1853 2539; x_wconf 86' lang='lat' dir='ltr'>alios</span> <span class='ocrx_word' id='word_1_535' title='bbox 1874 2515 1931 2537; x_wconf 86' lang='lat' dir='ltr'>au-</span> 
     </span>
     <span class='ocr_line' id='line_1_99' title="bbox 1182 2553 1928 2601; baseline -0.003 -13"><span class='ocrx_word' id='word_1_536' title='bbox 1182 2555 1261 2589; x_wconf 83' lang='lat' dir='ltr'>ferre</span> <span class='ocrx_word' id='word_1_537' title='bbox 1289 2555 1481 2601; x_wconf 79' lang='lat' dir='ltr'>permittant.</span> <span class='ocrx_word' id='word_1_538' title='bbox 1511 2554 1668 2596; x_wconf 86' lang='lat' dir='ltr'>Quoniam</span> <span class='ocrx_word' id='word_1_539' title='bbox 1697 2553 1785 2588; x_wconf 88' lang='lat' dir='ltr'>valde</span> <span class='ocrx_word' id='word_1_540' title='bbox 1813 2554 1928 2588; x_wconf 86' lang='lat' dir='ltr'>iustum</span> 
     </span>
     <span class='ocr_line' id='line_1_100' title="bbox 1180 2602 1930 2651; baseline -0.004 -12"><span class='ocrx_word' id='word_1_541' title='bbox 1180 2612 1302 2639; x_wconf 87' lang='lat' dir='ltr'>constat</span> <span class='ocrx_word' id='word_1_542' title='bbox 1323 2612 1415 2650; x_wconf 67' lang='lat' dir='ltr'>atque</span> <span class='ocrx_word' id='word_1_543' title='bbox 1433 2604 1628 2651; x_wconf 67' lang='lat' dir='ltr'>religiosum,</span> <span class='ocrx_word' id='word_1_544' title='bbox 1644 2611 1676 2638; x_wconf 94' lang='lat' dir='ltr'>ut</span> <span class='ocrx_word' id='word_1_545' title='bbox 1691 2603 1744 2651; x_wconf 88' lang='lat' dir='ltr'>qui</span> <span class='ocrx_word' id='word_1_546' title='bbox 1759 2615 1776 2638; x_wconf 86' lang='lat' dir='ltr'>a</span> <span class='ocrx_word' id='word_1_547' title='bbox 1792 2602 1930 2638; x_wconf 85' lang='lat' dir='ltr'>Domino</span> 
     </span>
    </p>
   </div>
   <div class='ocr_carea' id='block_1_15' title="bbox 1214 2665 1426 2701">
    <p class='ocr_par' dir='ltr' id='par_1_17' title="bbox 1214 2665 1426 2701">
     <span class='ocr_line' id='line_1_101' title="bbox 1214 2665 1426 2701; baseline 0.005 -10"><span class='ocrx_word' id='word_1_548' title='bbox 1214 2665 1255 2701; x_wconf 64' lang='lat' dir='ltr'>(a)</span> <span class='ocrx_word' id='word_1_549' title='bbox 1271 2666 1364 2692; x_wconf 68' lang='lat' dir='ltr'>maun.</span> <span class='ocrx_word' id='word_1_550' title='bbox 1385 2668 1426 2693; x_wconf 71' lang='lat' dir='ltr'>io.</span> 
     </span>
    </p>
   </div>
   <div class='ocr_carea' id='block_1_16' title="bbox 2000 268 2183 300">
    <p class='ocr_par' dir='ltr' id='par_1_18' title="bbox 2000 268 2183 300">
     <span class='ocr_line' id='line_1_102' title="bbox 2000 268 2183 300; baseline 0.022 -4"><span class='ocrx_word' id='word_1_551' title='bbox 2000 268 2050 298; x_wconf 64' lang='lat' dir='ltr'>An.</span> <span class='ocrx_word' id='word_1_552' title='bbox 2082 271 2110 299; x_wconf 85' lang='lat' dir='ltr'>C.</span> <span class='ocrx_word' id='word_1_553' title='bbox 2132 274 2183 300; x_wconf 69' lang='lat'>855</span> 
     </span>
    </p>
   </div>
   <div class='ocr_carea' id='block_1_17' title="bbox 1992 520 2179 830">
    <p class='ocr_par' dir='ltr' id='par_1_19' title="bbox 1992 520 2179 830">
     <span class='ocr_line' id='line_1_103' title="bbox 1997 520 2178 552; baseline 0.033 -13"><span class='ocrx_word' id='word_1_554' title='bbox 1997 520 2127 552; x_wconf 59' lang='lat' dir='ltr'>Fpiscnpus,</span> <span class='ocrx_word' id='word_1_555' title='bbox 2161 531 2178 545; x_wconf 69' lang='lat' dir='ltr'>Si</span> 
     </span>
     <span class='ocr_line' id='line_1_104' title="bbox 1995 559 2179 585; baseline 0.038 -10"><span class='ocrx_word' id='word_1_556' title='bbox 1995 562 2082 585; x_wconf 64' lang='lat' dir='ltr'>rugatus</span> <span class='ocrx_word' id='word_1_557' title='bbox 2114 559 2179 582; x_wconf 78' lang='lat' dir='ltr'>fuerit</span> 
     </span>
     <span class='ocr_line' id='line_1_105' title="bbox 2010 600 2151 623; baseline 0.028 -11"><span class='ocrx_word' id='word_1_558' title='bbox 2010 600 2151 623; x_wconf 59' lang='lat' dir='ltr'>‹mosaci-are,</span> 
     </span>
     <span class='ocr_line' id='line_1_106' title="bbox 1994 633 2175 656; baseline 0.039 -10"><span class='ocrx_word' id='word_1_559' title='bbox 1994 633 2063 656; x_wconf 75' lang='lat' dir='ltr'>possit</span> <span class='ocrx_word' id='word_1_560' title='bbox 2095 638 2175 653; x_wconf 77' lang='lat' dir='ltr'>mona—</span> 
     </span>
     <span class='ocr_line' id='line_1_107' title="bbox 1993 664 2176 696; baseline 0.033 -13"><span class='ocrx_word' id='word_1_561' title='bbox 1993 664 2054 685; x_wconf 68' lang='lat' dir='ltr'>sim-ii</span> <span class='ocrx_word' id='word_1_562' title='bbox 2090 666 2176 696; x_wconf 69' lang='lat' dir='ltr'>attan-ia,</span> 
     </span>
     <span class='ocr_line' id='line_1_108' title="bbox 1993 697 2176 723; baseline 0.033 -5"><span class='ocrx_word' id='word_1_563' title='bbox 1993 697 2087 722; x_wconf 78' lang='lat' dir='ltr'>chrisma</span> <span class='ocrx_word' id='word_1_564' title='bbox 2104 705 2125 722; x_wconf 69' lang='lat' dir='ltr'>et</span> <span class='ocrx_word' id='word_1_565' title='bbox 2136 710 2176 723; x_wconf 79' lang='lat' dir='ltr'>sa-</span> 
     </span>
     <span class='ocr_line' id='line_1_109' title="bbox 1994 737 2176 760; baseline 0.038 -7"><span class='ocrx_word' id='word_1_566' title='bbox 1994 742 2042 756; x_wconf 74' lang='lat' dir='ltr'>crus</span> <span class='ocrx_word' id='word_1_567' title='bbox 2086 737 2176 760; x_wconf 63' lang='lat' dir='ltr'>ordines</span> 
     </span>
     <span class='ocr_line' id='line_1_110' title="bbox 1992 771 2175 795; baseline 0.027 -5"><span class='ocrx_word' id='word_1_568' title='bbox 1992 771 2106 794; x_wconf 75' lang='lat' dir='ltr'>monacbis</span> <span class='ocrx_word' id='word_1_569' title='bbox 2125 782 2175 795; x_wconf 81' lang='lat' dir='ltr'>con-</span> 
     </span>
     <span class='ocr_line' id='line_1_111' title="bbox 1992 806 2057 830; baseline 0.046 -3"><span class='ocrx_word' id='word_1_570' title='bbox 1992 806 2057 830; x_wconf 75' lang='lat' dir='ltr'>ferre.</span> 
     </span>
    </p>
   </div>
   <div class='ocr_carea' id='block_1_18' title="bbox 1984 1274 2167 1403">
    <p class='ocr_par' dir='ltr' id='par_1_20' title="bbox 1984 1274 2167 1403">
     <span class='ocr_line' id='line_1_112' title="bbox 1987 1274 2167 1296; baseline 0.006 -1"><span class='ocrx_word' id='word_1_571' title='bbox 1987 1274 2098 1296; x_wconf 72' lang='lat' dir='ltr'>Minuit-liis</span> <span class='ocrx_word' id='word_1_572' title='bbox 2117 1283 2167 1296; x_wconf 76' lang='lat' dir='ltr'>ron-</span> 
     </span>
     <span class='ocr_line' id='line_1_113' title="bbox 1985 1310 2081 1332; baseline 0.021 -2"><span class='ocrx_word' id='word_1_573' title='bbox 1985 1310 2081 1332; x_wconf 75' lang='lat' dir='ltr'>lira-aun·</span> 
     </span>
     <span class='ocr_line' id='line_1_114' title="bbox 1984 1346 2166 1373; baseline 0.016 -7"><span class='ocrx_word' id='word_1_574' title='bbox 1984 1346 2078 1373; x_wconf 55' lang='lat' dir='ltr'>eligendi</span> <span class='ocrx_word' id='word_1_575' title='bbox 2096 1347 2166 1368; x_wconf 44' lang='lat' dir='ltr'>ubba*</span> 
     </span>
     <span class='ocr_line' id='line_1_115' title="bbox 1984 1385 2035 1403; baseline 0.039 -2"><span class='ocrx_word' id='word_1_576' title='bbox 1984 1385 2035 1403; x_wconf 71' lang='lat' dir='ltr'>teni.</span> 
     </span>
    </p>
   </div>
   <div class='ocr_carea' id='block_1_19' title="bbox 1976 1628 2162 1866">
    <p class='ocr_par' dir='ltr' id='par_1_21' title="bbox 1976 1628 2162 1866">
     <span class='ocr_line' id='line_1_116' title="bbox 1981 1628 2162 1651; baseline 0.006 -2"><span class='ocrx_word' id='word_1_577' title='bbox 1981 1628 2111 1651; x_wconf 67' lang='lat' dir='ltr'>Adam-tutto</span> <span class='ocrx_word' id='word_1_578' title='bbox 2137 1631 2162 1651; x_wconf 79' lang='lat' dir='ltr'>ad</span> 
     </span>
     <span class='ocr_line' id='line_1_117' title="bbox 1981 1665 2149 1688; baseline 0.012 -3"><span class='ocrx_word' id='word_1_579' title='bbox 1981 1665 2114 1686; x_wconf 71' lang='lat' dir='ltr'>Francorum</span> <span class='ocrx_word' id='word_1_580' title='bbox 2128 1675 2149 1688; x_wconf 71' lang='lat' dir='ltr'>re</span> 
     </span>
     <span class='ocr_line' id='line_1_118' title="bbox 1979 1704 2161 1727; baseline 0.016 -8"><span class='ocrx_word' id='word_1_581' title='bbox 1979 1708 2016 1727; x_wconf 60' lang='lat' dir='ltr'>„vs</span> <span class='ocrx_word' id='word_1_582' title='bbox 2034 1704 2055 1721; x_wconf 80' lang='lat' dir='ltr'>nt</span> <span class='ocrx_word' id='word_1_583' title='bbox 2079 1709 2161 1722; x_wconf 79' lang='lat' dir='ltr'>mona-</span> 
     </span>
     <span class='ocr_line' id='line_1_119' title="bbox 1978 1736 2161 1759; baseline 0.016 -4"><span class='ocrx_word' id='word_1_584' title='bbox 1978 1736 2030 1757; x_wconf 75' lang='lat' dir='ltr'>rbna</span> <span class='ocrx_word' id='word_1_585' title='bbox 2063 1738 2083 1758; x_wconf 91' lang='lat' dir='ltr'>in</span> <span class='ocrx_word' id='word_1_586' title='bbox 2117 1739 2161 1759; x_wconf 65' lang='lat' dir='ltr'>iuri·</span> 
     </span>
     <span class='ocr_line' id='line_1_120' title="bbox 1978 1772 2159 1794; baseline 0.006 -1"><span class='ocrx_word' id='word_1_587' title='bbox 1978 1772 2099 1794; x_wconf 76' lang='lat' dir='ltr'>liuiusnindi</span> <span class='ocrx_word' id='word_1_588' title='bbox 2117 1774 2159 1794; x_wconf 66' lang='lat' dir='ltr'>di·v</span> 
     </span>
     <span class='ocr_line' id='line_1_121' title="bbox 1977 1808 2159 1830; baseline 0.011 -2"><span class='ocrx_word' id='word_1_589' title='bbox 1977 1808 2066 1830; x_wconf 62' lang='lat' dir='ltr'>landant</span> <span class='ocrx_word' id='word_1_590' title='bbox 2139 1814 2159 1830; x_wconf 85' lang='lat' dir='ltr'>‹·t</span> 
     </span>
     <span class='ocr_line' id='line_1_122' title="bbox 1976 1848 2138 1866; baseline 0 -1"><span class='ocrx_word' id='word_1_591' title='bbox 1976 1848 2138 1866; x_wconf 75' lang='lat' dir='ltr'>manuteneant.</span> 
     </span>
    </p>
   </div>
  </div>
 </body>
</html>
