<?xml version="1.0" encoding="UTF-8"?>
<!DOCTYPE html PUBLIC "-//W3C//DTD XHTML 1.0 Transitional//EN"
    "http://www.w3.org/TR/xhtml1/DTD/xhtml1-transitional.dtd">
<html xmlns="http://www.w3.org/1999/xhtml" xml:lang="en" lang="en">
 <head>
  <title>
</title>
<meta http-equiv="Content-Type" content="text/html;charset=utf-8" />
  <meta name='ocr-system' content='tesseract 3.04.00' />
  <meta name='ocr-capabilities' content='ocr_page ocr_carea ocr_par ocr_line ocrx_word'/>
</head>
<body>
  <div class='ocr_page' id='page_1' title='image "./bullarumdiplomat01cath_0226.png"; bbox 0 0 2237 3127; ppageno 0'>
   <div class='ocr_carea' id='block_1_1' title="bbox 178 324 360 352">
    <p class='ocr_par' dir='ltr' id='par_1_1' title="bbox 178 324 360 352">
     <span class='ocr_line' id='line_1_1' title="bbox 178 324 360 352; baseline 0.005 -1"><span class='ocrx_word' id='word_1_1' title='bbox 178 325 229 351; x_wconf 78' lang='lat' dir='ltr'>An.</span> <span class='ocrx_word' id='word_1_2' title='bbox 251 325 279 352; x_wconf 87' lang='lat' dir='ltr'>C.</span> <span class='ocrx_word' id='word_1_3' title='bbox 309 324 360 352; x_wconf 74' lang='lat'>653</span> 
     </span>
    </p>
   </div>
   <div class='ocr_carea' id='block_1_2' title="bbox 177 511 360 532">
    <p class='ocr_par' dir='ltr' id='par_1_2' title="bbox 177 511 360 532">
     <span class='ocr_line' id='line_1_2' title="bbox 177 511 360 532; baseline 0 -1"><span class='ocrx_word' id='word_1_4' title='bbox 177 511 266 532; x_wconf 62' lang='lat' dir='ltr'>Abbati&lt;</span> <span class='ocrx_word' id='word_1_5' title='bbox 283 520 293 532; x_wconf 75' lang='lat' dir='ltr'>e</span> <span class='ocrx_word' id='word_1_6' title='bbox 304 519 327 531; x_wconf 70' lang='lat' dir='ltr'>ec</span> <span class='ocrx_word' id='word_1_7' title='bbox 341 511 360 531; x_wconf 55' lang='grc' dir='ltr'>ἕο</span> 
     </span>
    </p>
   </div>
   <div class='ocr_carea' id='block_1_3' title="bbox 177 535 1123 605">
    <p class='ocr_par' dir='ltr' id='par_1_3' title="bbox 177 535 1123 605">
     <span class='ocr_line' id='line_1_3' title="bbox 177 535 1123 579; baseline -0.008 -2"><span class='ocrx_word' id='word_1_8' title='bbox 177 555 244 577; x_wconf 59' lang='lat'>„0005</span> <span class='ocrx_word' id='word_1_9' title='bbox 284 555 360 567; x_wconf 54' lang='lat'>¹¹¹·‘112-</span> <span class='ocrx_word' id='word_1_10' title='bbox 386 543 496 579; x_wconf 82' lang='lat' dir='ltr'>abbate</span> <span class='ocrx_word' id='word_1_11' title='bbox 531 553 593 576; x_wconf 92' lang='lat' dir='ltr'>non</span> <span class='ocrx_word' id='word_1_12' title='bbox 627 548 820 579; x_wconf 84' lang='lat' dir='ltr'>extraneus,</span> <span class='ocrx_word' id='word_1_13' title='bbox 847 537 909 571; x_wconf 91' lang='lat' dir='ltr'>nisi</span> <span class='ocrx_word' id='word_1_14' title='bbox 942 536 981 570; x_wconf 92' lang='lat' dir='ltr'>de</span> <span class='ocrx_word' id='word_1_15' title='bbox 1014 535 1123 570; x_wconf 91' lang='lat' dir='ltr'>eadem</span> 
     </span>
     <span class='ocr_line' id='line_1_4' title="bbox 177 591 241 605; baseline 0 -1"><span class='ocrx_word' id='word_1_16' title='bbox 177 591 241 605; x_wconf 62' lang='grc'><strong>(105.</strong></span> 
     </span>
    </p>
   </div>
   <div class='ocr_carea' id='block_1_4' title="bbox 177 753 360 811">
    <p class='ocr_par' dir='ltr' id='par_1_4' title="bbox 177 753 360 811">
     <span class='ocr_line' id='line_1_5' title="bbox 234 753 360 775; baseline 0 0"><span class='ocrx_word' id='word_1_17' title='bbox 234 753 360 775; x_wconf 77' lang='lat' dir='ltr'>ordinandis</span> 
     </span>
     <span class='ocr_line' id='line_1_6' title="bbox 177 789 296 811; baseline -0.008 0"><span class='ocrx_word' id='word_1_18' title='bbox 177 789 296 811; x_wconf 76' lang='lat' dir='ltr'>uionarhis.</span> 
     </span>
    </p>
   </div>
   <div class='ocr_carea' id='block_1_5' title="bbox 179 1316 362 1447">
    <p class='ocr_par' dir='ltr' id='par_1_5' title="bbox 179 1316 362 1447">
     <span class='ocr_line' id='line_1_7' title="bbox 209 1316 330 1346; baseline -0.017 -8"><span class='ocrx_word' id='word_1_19' title='bbox 209 1316 330 1346; x_wconf 69' lang='lat' dir='ltr'>Episcopus</span> 
     </span>
     <span class='ocr_line' id='line_1_8' title="bbox 179 1352 362 1382; baseline -0.016 -7"><span class='ocrx_word' id='word_1_20' title='bbox 179 1354 259 1375; x_wconf 45' lang='lat' dir='ltr'>misas</span> <span class='ocrx_word' id='word_1_21' title='bbox 287 1352 362 1382; x_wconf 78' lang='lat' dir='ltr'>publi-</span> 
     </span>
     <span class='ocr_line' id='line_1_9' title="bbox 207 1389 361 1411; baseline -0.013 -2"><span class='ocrx_word' id='word_1_22' title='bbox 207 1398 215 1409; x_wconf 54' lang='grc' dir='ltr'>ἦ</span> <span class='ocrx_word' id='word_1_23' title='bbox 250 1389 277 1411; x_wconf 67' lang='lat'>111!</span> <span class='ocrx_word' id='word_1_24' title='bbox 319 1396 361 1410; x_wconf 68' lang='lat' dir='ltr'>nnn</span> 
     </span>
     <span class='ocr_line' id='line_1_10' title="bbox 179 1426 252 1447; baseline 0 0"><span class='ocrx_word' id='word_1_25' title='bbox 179 1426 252 1447; x_wconf 74' lang='lat' dir='ltr'>fai-iat.</span> 
     </span>
    </p>
   </div>
   <div class='ocr_carea' id='block_1_6' title="bbox 183 2112 366 2177">
    <p class='ocr_par' dir='ltr' id='par_1_6' title="bbox 183 2112 366 2177">
     <span class='ocr_line' id='line_1_11' title="bbox 199 2112 350 2136; baseline -0.007 -3"><span class='ocrx_word' id='word_1_26' title='bbox 199 2112 326 2136; x_wconf 75' lang='lat' dir='ltr'>lmmunitas</span> <span class='ocrx_word' id='word_1_27' title='bbox 339 2119 350 2132; x_wconf 82' lang='lat' dir='ltr'>a</span> 
     </span>
     <span class='ocr_line' id='line_1_12' title="bbox 183 2148 366 2177; baseline -0.005 -7"><span class='ocrx_word' id='word_1_28' title='bbox 183 2148 288 2171; x_wconf 67' lang='lat' dir='ltr'>narraturi</span> <span class='ocrx_word' id='word_1_29' title='bbox 302 2152 366 2177; x_wconf 74' lang='lat' dir='ltr'>putc-</span> 
     </span>
    </p>
   </div>
   <div class='ocr_carea' id='block_1_7' title="bbox 183 2190 247 2207">
    <p class='ocr_par' dir='ltr' id='par_1_7' title="bbox 183 2190 247 2207">
     <span class='ocr_line' id='line_1_13' title="bbox 183 2190 247 2207; baseline -0.031 0"><span class='ocrx_word' id='word_1_30' title='bbox 183 2190 247 2207; x_wconf 52' lang='lat' dir='ltr'>nutv.</span> 
     </span>
    </p>
   </div>
   <div class='ocr_carea' id='block_1_8' title="bbox 435 331 508 367">
    <p class='ocr_par' dir='ltr' id='par_1_8' title="bbox 435 331 508 367">
     <span class='ocr_line' id='line_1_14' title="bbox 435 331 508 367; baseline -0.027 0"><span class='ocrx_word' id='word_1_31' title='bbox 435 331 508 367; x_wconf 77' lang='lat' dir='ltr'>20ss</span> 
     </span>
    </p>
   </div>
   <div class='ocr_carea' id='block_1_9' title="bbox 387 388 1125 538">
    <p class='ocr_par' dir='ltr' id='par_1_9' title="bbox 387 388 1125 538">
     <span class='ocr_line' id='line_1_15' title="bbox 387 388 1121 436; baseline -0.015 -4"><span class='ocrx_word' id='word_1_32' title='bbox 387 397 531 436; x_wconf 77' lang='lat' dir='ltr'>abbates,</span> <span class='ocrx_word' id='word_1_33' title='bbox 557 401 588 429; x_wconf 90' lang='lat' dir='ltr'>ct</span> <span class='ocrx_word' id='word_1_34' title='bbox 607 392 684 428; x_wconf 88' lang='lat' dir='ltr'>alios</span> <span class='ocrx_word' id='word_1_35' title='bbox 704 389 814 426; x_wconf 85' lang='lat' dir='ltr'>Patres</span> <span class='ocrx_word' id='word_1_36' title='bbox 841 389 986 424; x_wconf 86' lang='lat' dir='ltr'>timentes</span> <span class='ocrx_word' id='word_1_37' title='bbox 1020 388 1121 422; x_wconf 88' lang='lat' dir='ltr'>Deum</span> 
     </span>
     <span class='ocr_line' id='line_1_16' title="bbox 387 438 1124 481; baseline -0.015 0"><span class='ocrx_word' id='word_1_38' title='bbox 387 448 454 481; x_wconf 89' lang='lat' dir='ltr'>sine</span> <span class='ocrx_word' id='word_1_39' title='bbox 477 442 648 478; x_wconf 83' lang='lat' dir='ltr'>voluntaria</span> <span class='ocrx_word' id='word_1_40' title='bbox 675 441 845 479; x_wconf 81' lang='lat' dir='ltr'>dilatione,</span> <span class='ocrx_word' id='word_1_41' title='bbox 873 438 985 472; x_wconf 89' lang='lat' dir='ltr'>mediis</span> <span class='ocrx_word' id='word_1_42' title='bbox 1018 449 1124 472; x_wconf 89' lang='lat' dir='ltr'>sacro-</span> 
     </span>
     <span class='ocr_line' id='line_1_17' title="bbox 387 487 1125 538; baseline -0.012 -9"><span class='ocrx_word' id='word_1_43' title='bbox 387 493 502 530; x_wconf 78' lang='lat' dir='ltr'>sanctis</span> <span class='ocrx_word' id='word_1_44' title='bbox 522 490 711 538; x_wconf 79' lang='lat' dir='ltr'>Evangeliis,</span> <span class='ocrx_word' id='word_1_45' title='bbox 728 489 863 523; x_wconf 86' lang='lat' dir='ltr'>liniatur.</span> <span class='ocrx_word' id='word_1_46' title='bbox 877 487 1034 522; x_wconf 79' lang='lat' dir='ltr'>Defuncto</span> <span class='ocrx_word' id='word_1_47' title='bbox 1053 498 1125 521; x_wconf 91' lang='lat' dir='ltr'>vero</span> 
     </span>
    </p>
   </div>
   <div class='ocr_carea' id='block_1_10' title="bbox 387 586 1149 2752">
    <p class='ocr_par' dir='ltr' id='par_1_10' title="bbox 387 586 1149 2752">
     <span class='ocr_line' id='line_1_18' title="bbox 387 586 1126 637; baseline -0.011 -11"><span class='ocrx_word' id='word_1_48' title='bbox 387 590 645 637; x_wconf 78' lang='lat' dir='ltr'>congregatione,</span> <span class='ocrx_word' id='word_1_49' title='bbox 682 601 774 636; x_wconf 90' lang='lat' dir='ltr'>quem</span> <span class='ocrx_word' id='word_1_50' title='bbox 802 586 861 621; x_wconf 90' lang='lat' dir='ltr'>sibi</span> <span class='ocrx_word' id='word_1_51' title='bbox 889 597 1021 620; x_wconf 79' lang='lat' dir='ltr'>concors</span> <span class='ocrx_word' id='word_1_52' title='bbox 1043 597 1126 620; x_wconf 90' lang='lat' dir='ltr'>con-</span> 
     </span>
     <span class='ocr_line' id='line_1_19' title="bbox 387 634 1125 688; baseline -0.009 -13"><span class='ocrx_word' id='word_1_53' title='bbox 387 641 526 688; x_wconf 82' lang='lat' dir='ltr'>gregatio</span> <span class='ocrx_word' id='word_1_54' title='bbox 548 638 701 685; x_wconf 73' lang='lat' dir='ltr'>elegerit,</span> <span class='ocrx_word' id='word_1_55' title='bbox 729 645 759 672; x_wconf 92' lang='lat' dir='ltr'>et</span> <span class='ocrx_word' id='word_1_56' title='bbox 786 636 839 683; x_wconf 91' lang='lat' dir='ltr'>qui</span> <span class='ocrx_word' id='word_1_57' title='bbox 867 635 984 670; x_wconf 88' lang='lat' dir='ltr'>electus</span> <span class='ocrx_word' id='word_1_58' title='bbox 1010 634 1125 675; x_wconf 84' lang='lat' dir='ltr'>fuerit,</span> 
     </span>
     <span class='ocr_line' id='line_1_20' title="bbox 387 683 1124 732; baseline -0.011 -7"><span class='ocrx_word' id='word_1_59' title='bbox 387 691 454 725; x_wconf 89' lang='lat' dir='ltr'>sine</span> <span class='ocrx_word' id='word_1_60' title='bbox 480 689 564 730; x_wconf 79' lang='lat' dir='ltr'>dolo,</span> <span class='ocrx_word' id='word_1_61' title='bbox 586 696 616 723; x_wconf 92' lang='lat' dir='ltr'>et</span> <span class='ocrx_word' id='word_1_62' title='bbox 646 686 807 722; x_wconf 74' lang='lat' dir='ltr'>venalitate</span> <span class='ocrx_word' id='word_1_63' title='bbox 828 684 930 732; x_wconf 91' lang='lat' dir='ltr'>aliqua</span> <span class='ocrx_word' id='word_1_64' title='bbox 953 683 1124 719; x_wconf 79' lang='lat' dir='ltr'><strong>ordinetur.</strong></span> 
     </span>
     <span class='ocr_line' id='line_1_21' title="bbox 387 733 1127 774; baseline -0.009 -1"><span class='ocrx_word' id='word_1_65' title='bbox 387 739 507 774; x_wconf 81' lang='lat' dir='ltr'>Pariter</span> <span class='ocrx_word' id='word_1_66' title='bbox 533 745 637 772; x_wconf 89' lang='lat' dir='ltr'>autem</span> <span class='ocrx_word' id='word_1_67' title='bbox 662 734 904 771; x_wconf 87' lang='lat' dir='ltr'>custodiendum</span> <span class='ocrx_word' id='word_1_68' title='bbox 928 741 985 774; x_wconf 87' lang='lat' dir='ltr'>est,</span> <span class='ocrx_word' id='word_1_69' title='bbox 1013 740 1046 767; x_wconf 86' lang='lat' dir='ltr'>ut</span> <span class='ocrx_word' id='word_1_70' title='bbox 1066 733 1127 767; x_wconf 82' lang='lat' dir='ltr'>in-</span> 
     </span>
     <span class='ocr_line' id='line_1_22' title="bbox 387 782 1127 823; baseline -0.009 0"><span class='ocrx_word' id='word_1_71' title='bbox 387 789 451 823; x_wconf 77' lang='lat' dir='ltr'>vito</span> <span class='ocrx_word' id='word_1_72' title='bbox 469 787 580 822; x_wconf 82' lang='lat' dir='ltr'>abbate</span> <span class='ocrx_word' id='word_1_73' title='bbox 601 786 638 821; x_wconf 88' lang='lat' dir='ltr'>ad</span> <span class='ocrx_word' id='word_1_74' title='bbox 658 784 831 821; x_wconf 90' lang='lat' dir='ltr'>ordinanda</span> <span class='ocrx_word' id='word_1_75' title='bbox 852 783 910 818; x_wconf 91' lang='lat' dir='ltr'>alia</span> <span class='ocrx_word' id='word_1_76' title='bbox 927 782 1127 821; x_wconf 83' lang='lat' dir='ltr'>monasteria,</span> 
     </span>
     <span class='ocr_line' id='line_1_23' title="bbox 387 831 1128 873; baseline -0.011 0"><span class='ocrx_word' id='word_1_77' title='bbox 387 846 441 873; x_wconf 86' lang='lat' dir='ltr'>aut</span> <span class='ocrx_word' id='word_1_78' title='bbox 462 837 501 872; x_wconf 88' lang='lat' dir='ltr'>ad</span> <span class='ocrx_word' id='word_1_79' title='bbox 524 836 650 871; x_wconf 81' lang='lat' dir='ltr'>ordines</span> <span class='ocrx_word' id='word_1_80' title='bbox 674 847 777 869; x_wconf 86' lang='lat' dir='ltr'>sacros</span> <span class='ocrx_word' id='word_1_81' title='bbox 798 833 846 868; x_wconf 78' lang='lat' dir='ltr'>vel</span> <span class='ocrx_word' id='word_1_82' title='bbox 874 832 1038 867; x_wconf 76' lang='lat' dir='ltr'>clericatus</span> <span class='ocrx_word' id='word_1_83' title='bbox 1060 831 1128 866; x_wconf 81' lang='lat' dir='ltr'>offi-</span> 
     </span>
     <span class='ocr_line' id='line_1_24' title="bbox 388 881 1125 922; baseline -0.011 0"><span class='ocrx_word' id='word_1_84' title='bbox 388 888 473 922; x_wconf 91' lang='lat' dir='ltr'>cium</span> <span class='ocrx_word' id='word_1_85' title='bbox 500 886 566 921; x_wconf 91' lang='lat' dir='ltr'>tolli</span> <span class='ocrx_word' id='word_1_86' title='bbox 588 884 702 920; x_wconf 81' lang='lat' dir='ltr'>exinde</span> <span class='ocrx_word' id='word_1_87' title='bbox 725 882 871 918; x_wconf 88' lang='lat' dir='ltr'>monachi</span> <span class='ocrx_word' id='word_1_88' title='bbox 898 894 960 916; x_wconf 92' lang='lat' dir='ltr'>non</span> <span class='ocrx_word' id='word_1_89' title='bbox 983 881 1125 916; x_wconf 88' lang='lat' dir='ltr'>debeant.</span> 
     </span>
     <span class='ocr_line' id='line_1_25' title="bbox 388 930 1129 978; baseline -0.009 -7"><span class='ocrx_word' id='word_1_90' title='bbox 388 936 452 971; x_wconf 94' lang='lat' dir='ltr'>Sed</span> <span class='ocrx_word' id='word_1_91' title='bbox 474 935 499 970; x_wconf 90' lang='lat' dir='ltr'>si</span> <span class='ocrx_word' id='word_1_92' title='bbox 520 934 717 970; x_wconf 78' lang='lat' dir='ltr'>abundantes</span> <span class='ocrx_word' id='word_1_93' title='bbox 753 932 866 967; x_wconf 84' lang='lat' dir='ltr'>fuerint</span> <span class='ocrx_word' id='word_1_94' title='bbox 881 958 889 972; x_wconf 79' lang='grc'>,</span> <span class='ocrx_word' id='word_1_95' title='bbox 912 931 964 978; x_wconf 93' lang='lat' dir='ltr'>qui</span> <span class='ocrx_word' id='word_1_96' title='bbox 986 930 1024 965; x_wconf 86' lang='lat' dir='ltr'>ad</span> <span class='ocrx_word' id='word_1_97' title='bbox 1046 931 1129 965; x_wconf 90' lang='lat' dir='ltr'>cele-</span> 
     </span>
     <span class='ocr_line' id='line_1_26' title="bbox 389 980 1126 1023; baseline -0.009 -3"><span class='ocrx_word' id='word_1_98' title='bbox 389 984 524 1020; x_wconf 89' lang='lat' dir='ltr'>brandas</span> <span class='ocrx_word' id='word_1_99' title='bbox 554 984 610 1019; x_wconf 89' lang='lat' dir='ltr'>Dei</span> <span class='ocrx_word' id='word_1_100' title='bbox 650 982 781 1023; x_wconf 85' lang='lat' dir='ltr'>laudes,</span> <span class='ocrx_word' id='word_1_101' title='bbox 813 981 860 1016; x_wconf 78' lang='lat' dir='ltr'>vel</span> <span class='ocrx_word' id='word_1_102' title='bbox 893 981 1040 1015; x_wconf 71' lang='lat' dir='ltr'>utilitates</span> <span class='ocrx_word' id='word_1_103' title='bbox 1070 980 1126 1014; x_wconf 70' lang='lat' dir='ltr'>loci</span> 
     </span>
     <span class='ocr_line' id='line_1_27' title="bbox 388 1029 1128 1081; baseline -0.011 -11"><span class='ocrx_word' id='word_1_104' title='bbox 388 1033 592 1081; x_wconf 85' lang='lat' dir='ltr'>complendas</span> <span class='ocrx_word' id='word_1_105' title='bbox 618 1032 781 1071; x_wconf 76' lang='lat' dir='ltr'>sufficiant,</span> <span class='ocrx_word' id='word_1_106' title='bbox 800 1030 838 1065; x_wconf 90' lang='lat' dir='ltr'>de</span> <span class='ocrx_word' id='word_1_107' title='bbox 861 1030 921 1071; x_wconf 88' lang='lat' dir='ltr'>his,</span> <span class='ocrx_word' id='word_1_108' title='bbox 943 1029 997 1077; x_wconf 91' lang='lat' dir='ltr'>qui</span> <span class='ocrx_word' id='word_1_109' title='bbox 1020 1041 1128 1075; x_wconf 89' lang='lat' dir='ltr'>super-</span> 
     </span>
     <span class='ocr_line' id='line_1_28' title="bbox 389 1078 1130 1125; baseline -0.008 -7"><span class='ocrx_word' id='word_1_110' title='bbox 389 1083 527 1123; x_wconf 77' lang='lat' dir='ltr'>fuerint,</span> <span class='ocrx_word' id='word_1_111' title='bbox 568 1082 677 1117; x_wconf 77' lang='lat' dir='ltr'>offerat</span> <span class='ocrx_word' id='word_1_112' title='bbox 714 1081 809 1115; x_wconf 89' lang='lat' dir='ltr'>abbas</span> <span class='ocrx_word' id='word_1_113' title='bbox 835 1091 941 1114; x_wconf 88' lang='lat' dir='ltr'>coram</span> <span class='ocrx_word' id='word_1_114' title='bbox 974 1091 1054 1125; x_wconf 89' lang='lat' dir='ltr'>quos</span> <span class='ocrx_word' id='word_1_115' title='bbox 1080 1078 1130 1112; x_wconf 88' lang='lat' dir='ltr'>di-</span> 
     </span>
     <span class='ocr_line' id='line_1_29' title="bbox 389 1130 1131 1179; baseline -0.008 -12"><span class='ocrx_word' id='word_1_116' title='bbox 389 1145 469 1179; x_wconf 86' lang='lat' dir='ltr'>gnos</span> <span class='ocrx_word' id='word_1_117' title='bbox 492 1131 636 1179; x_wconf 88' lang='lat' dir='ltr'>potuerit.</span> <span class='ocrx_word' id='word_1_118' title='bbox 660 1130 812 1176; x_wconf 81' lang='lat' dir='ltr'>Quisquis</span> <span class='ocrx_word' id='word_1_119' title='bbox 834 1136 937 1163; x_wconf 90' lang='lat' dir='ltr'>autem</span> <span class='ocrx_word' id='word_1_120' title='bbox 960 1140 998 1162; x_wconf 83' lang='lat' dir='ltr'>ex</span> <span class='ocrx_word' id='word_1_121' title='bbox 1020 1140 1131 1162; x_wconf 88' lang='lat' dir='ltr'>mona-</span> 
     </span>
     <span class='ocr_line' id='line_1_30' title="bbox 390 1177 1131 1221; baseline -0.008 -5"><span class='ocrx_word' id='word_1_122' title='bbox 390 1182 484 1216; x_wconf 91' lang='lat' dir='ltr'>sterio</span> <span class='ocrx_word' id='word_1_123' title='bbox 512 1180 550 1215; x_wconf 88' lang='lat' dir='ltr'>ad</span> <span class='ocrx_word' id='word_1_124' title='bbox 582 1179 829 1215; x_wconf 88' lang='lat' dir='ltr'>ecclesiasticum</span> <span class='ocrx_word' id='word_1_125' title='bbox 852 1177 995 1212; x_wconf 86' lang='lat' dir='ltr'>ordinem</span> <span class='ocrx_word' id='word_1_126' title='bbox 1021 1189 1131 1221; x_wconf 80' lang='lat' dir='ltr'>perve-</span> 
     </span>
     <span class='ocr_line' id='line_1_31' title="bbox 392 1228 1131 1273; baseline -0.008 -8"><span class='ocrx_word' id='word_1_127' title='bbox 392 1231 485 1270; x_wconf 82' lang='lat' dir='ltr'>nerit,</span> <span class='ocrx_word' id='word_1_128' title='bbox 517 1229 649 1264; x_wconf 91' lang='lat' dir='ltr'>ulterius</span> <span class='ocrx_word' id='word_1_129' title='bbox 687 1228 749 1262; x_wconf 86' lang='lat' dir='ltr'>illic</span> <span class='ocrx_word' id='word_1_130' title='bbox 777 1239 834 1262; x_wconf 90' lang='lat' dir='ltr'>nec</span> <span class='ocrx_word' id='word_1_131' title='bbox 860 1234 1046 1273; x_wconf 86' lang='lat' dir='ltr'>potestatem</span> <span class='ocrx_word' id='word_1_132' title='bbox 1075 1238 1131 1260; x_wconf 86' lang='lat' dir='ltr'>nec</span> 
     </span>
     <span class='ocr_line' id='line_1_32' title="bbox 391 1276 1131 1322; baseline -0.008 -7"><span class='ocrx_word' id='word_1_133' title='bbox 391 1279 553 1315; x_wconf 84' lang='lat' dir='ltr'>licentiam</span> <span class='ocrx_word' id='word_1_134' title='bbox 578 1278 691 1313; x_wconf 88' lang='lat' dir='ltr'>habeat</span> <span class='ocrx_word' id='word_1_135' title='bbox 717 1276 890 1311; x_wconf 88' lang='lat' dir='ltr'>habitandi.</span> <span class='ocrx_word' id='word_1_136' title='bbox 914 1276 1026 1310; x_wconf 84' lang='lat' dir='ltr'>Missas</span> <span class='ocrx_word' id='word_1_137' title='bbox 1051 1288 1131 1322; x_wconf 91' lang='lat' dir='ltr'>quo-</span> 
     </span>
     <span class='ocr_line' id='line_1_33' title="bbox 392 1324 1131 1377; baseline -0.008 -13"><span class='ocrx_word' id='word_1_138' title='bbox 392 1341 453 1377; x_wconf 90' lang='lat' dir='ltr'>que</span> <span class='ocrx_word' id='word_1_139' title='bbox 476 1328 616 1376; x_wconf 88' lang='lat' dir='ltr'>publicas</span> <span class='ocrx_word' id='word_1_140' title='bbox 631 1328 670 1362; x_wconf 90' lang='lat' dir='ltr'>ab</span> <span class='ocrx_word' id='word_1_141' title='bbox 692 1327 840 1373; x_wconf 83' lang='lat' dir='ltr'>episcopo</span> <span class='ocrx_word' id='word_1_142' title='bbox 862 1326 892 1360; x_wconf 93' lang='lat' dir='ltr'>in</span> <span class='ocrx_word' id='word_1_143' title='bbox 918 1324 1030 1360; x_wconf 90' lang='lat' dir='ltr'>eodem</span> <span class='ocrx_word' id='word_1_144' title='bbox 1053 1336 1131 1359; x_wconf 89' lang='lat' dir='ltr'>coe-</span> 
     </span>
     <span class='ocr_line' id='line_1_34' title="bbox 391 1374 1130 1422; baseline -0.008 -9"><span class='ocrx_word' id='word_1_145' title='bbox 391 1378 489 1413; x_wconf 89' lang='lat' dir='ltr'>nobio</span> <span class='ocrx_word' id='word_1_146' title='bbox 527 1377 591 1411; x_wconf 81' lang='lat' dir='ltr'>fieri</span> <span class='ocrx_word' id='word_1_147' title='bbox 626 1377 755 1411; x_wconf 89' lang='lat' dir='ltr'>omnino</span> <span class='ocrx_word' id='word_1_148' title='bbox 784 1375 1005 1422; x_wconf 89' lang='lat' dir='ltr'>prohibemus,</span> <span class='ocrx_word' id='word_1_149' title='bbox 1029 1386 1068 1408; x_wconf 90' lang='lat' dir='ltr'>ne</span> <span class='ocrx_word' id='word_1_150' title='bbox 1102 1374 1130 1407; x_wconf 93' lang='lat' dir='ltr'>in</span> 
     </span>
     <span class='ocr_line' id='line_1_35' title="bbox 393 1425 1133 1464; baseline -0.009 -1"><span class='ocrx_word' id='word_1_151' title='bbox 393 1439 555 1463; x_wconf 81' lang='lat' dir='ltr'>servorum</span> <span class='ocrx_word' id='word_1_152' title='bbox 582 1426 641 1461; x_wconf 88' lang='lat' dir='ltr'>Dei</span> <span class='ocrx_word' id='word_1_153' title='bbox 677 1425 869 1464; x_wconf 82' lang='lat' dir='ltr'>recessibus,</span> <span class='ocrx_word' id='word_1_154' title='bbox 898 1432 1059 1458; x_wconf 90' lang='lat' dir='ltr'>eteorum</span> <span class='ocrx_word' id='word_1_155' title='bbox 1084 1436 1133 1457; x_wconf 83' lang='lat' dir='ltr'>re-</span> 
     </span>
     <span class='ocr_line' id='line_1_36' title="bbox 393 1473 1132 1524; baseline -0.009 -12"><span class='ocrx_word' id='word_1_156' title='bbox 393 1476 562 1524; x_wconf 88' lang='lat' dir='ltr'>ceptaculis</span> <span class='ocrx_word' id='word_1_157' title='bbox 578 1476 639 1510; x_wconf 91' lang='lat' dir='ltr'>ulla</span> <span class='ocrx_word' id='word_1_158' title='bbox 662 1474 866 1522; x_wconf 88' lang='lat' dir='ltr'>popularibus</span> <span class='ocrx_word' id='word_1_159' title='bbox 888 1473 1071 1520; x_wconf 81' lang='lat' dir='ltr'>praebeatur</span> <span class='ocrx_word' id='word_1_160' title='bbox 1084 1485 1132 1506; x_wconf 82' lang='lat' dir='ltr'>oc-</span> 
     </span>
     <span class='ocr_line' id='line_1_37' title="bbox 393 1521 1131 1564; baseline -0.009 -3"><span class='ocrx_word' id='word_1_161' title='bbox 393 1527 478 1561; x_wconf 88' lang='lat' dir='ltr'>casio</span> <span class='ocrx_word' id='word_1_162' title='bbox 492 1524 712 1564; x_wconf 74' lang='lat' dir='ltr'>conventiculi,</span> <span class='ocrx_word' id='word_1_163' title='bbox 736 1535 792 1558; x_wconf 90' lang='lat' dir='ltr'>nec</span> <span class='ocrx_word' id='word_1_164' title='bbox 818 1523 930 1557; x_wconf 82' lang='lat' dir='ltr'>audeat</span> <span class='ocrx_word' id='word_1_165' title='bbox 955 1521 1131 1556; x_wconf 80' lang='lat' dir='ltr'>cathedram</span> 
     </span>
     <span class='ocr_line' id='line_1_38' title="bbox 393 1572 1132 1619; baseline -0.009 -9"><span class='ocrx_word' id='word_1_166' title='bbox 393 1575 436 1610; x_wconf 90' lang='lat' dir='ltr'>ibi</span> <span class='ocrx_word' id='word_1_167' title='bbox 464 1574 638 1618; x_wconf 88' lang='lat' dir='ltr'>collocare,</span> <span class='ocrx_word' id='word_1_168' title='bbox 673 1573 720 1607; x_wconf 87' lang='lat' dir='ltr'>vel</span> <span class='ocrx_word' id='word_1_169' title='bbox 757 1572 927 1619; x_wconf 82' lang='lat' dir='ltr'>quamlibet</span> <span class='ocrx_word' id='word_1_170' title='bbox 950 1579 1132 1617; x_wconf 77' lang='lat' dir='ltr'>potestatem</span> 
     </span>
     <span class='ocr_line' id='line_1_39' title="bbox 394 1620 1132 1671; baseline -0.008 -12"><span class='ocrx_word' id='word_1_171' title='bbox 394 1623 600 1671; x_wconf 85' lang='lat' dir='ltr'>imperandi,</span> <span class='ocrx_word' id='word_1_172' title='bbox 639 1635 697 1657; x_wconf 92' lang='lat' dir='ltr'>nec</span> <span class='ocrx_word' id='word_1_173' title='bbox 734 1622 868 1668; x_wconf 85' lang='lat' dir='ltr'>aliquam</span> <span class='ocrx_word' id='word_1_174' title='bbox 903 1620 1132 1655; x_wconf 83' lang='lat' dir='ltr'>ordinationem</span> 
     </span>
     <span class='ocr_line' id='line_1_40' title="bbox 394 1669 1133 1720; baseline -0.008 -12"><span class='ocrx_word' id='word_1_175' title='bbox 394 1674 536 1720; x_wconf 79' lang='lat' dir='ltr'>quamvis</span> <span class='ocrx_word' id='word_1_176' title='bbox 564 1672 719 1707; x_wconf 85' lang='lat' dir='ltr'>levissima</span> <span class='ocrx_word' id='word_1_177' title='bbox 755 1670 887 1705; x_wconf 76' lang='lat' dir='ltr'>faciendi</span> <span class='ocrx_word' id='word_1_178' title='bbox 921 1669 1048 1710; x_wconf 87' lang='lat' dir='ltr'>habeat,</span> <span class='ocrx_word' id='word_1_179' title='bbox 1078 1669 1133 1702; x_wconf 82' lang='lat' dir='ltr'>uisi</span> 
     </span>
     <span class='ocr_line' id='line_1_41' title="bbox 393 1719 1134 1764; baseline -0.008 -7"><span class='ocrx_word' id='word_1_180' title='bbox 393 1723 433 1758; x_wconf 87' lang='lat' dir='ltr'>ab</span> <span class='ocrx_word' id='word_1_181' title='bbox 459 1722 569 1757; x_wconf 82' lang='lat' dir='ltr'>abbate</span> <span class='ocrx_word' id='word_1_182' title='bbox 602 1721 745 1756; x_wconf 88' lang='lat' dir='ltr'>eiusdem</span> <span class='ocrx_word' id='word_1_183' title='bbox 773 1719 833 1754; x_wconf 86' lang='lat' dir='ltr'>loci</span> <span class='ocrx_word' id='word_1_184' title='bbox 861 1719 955 1753; x_wconf 87' lang='lat' dir='ltr'>fuerit</span> <span class='ocrx_word' id='word_1_185' title='bbox 982 1726 1134 1764; x_wconf 83' lang='lat' dir='ltr'>rogatus,</span> 
     </span>
     <span class='ocr_line' id='line_1_42' title="bbox 394 1768 1134 1819; baseline -0.008 -13"><span class='ocrx_word' id='word_1_186' title='bbox 394 1781 549 1819; x_wconf 87' lang='lat' dir='ltr'>quatenus</span> <span class='ocrx_word' id='word_1_187' title='bbox 581 1770 724 1805; x_wconf 89' lang='lat' dir='ltr'>monachi</span> <span class='ocrx_word' id='word_1_188' title='bbox 766 1781 891 1814; x_wconf 81' lang='lat' dir='ltr'>semper</span> <span class='ocrx_word' id='word_1_189' title='bbox 924 1776 1070 1801; x_wconf 86' lang='lat' dir='ltr'>maneant</span> <span class='ocrx_word' id='word_1_190' title='bbox 1106 1768 1134 1800; x_wconf 90' lang='lat' dir='ltr'>in</span> 
     </span>
     <span class='ocr_line' id='line_1_43' title="bbox 394 1817 1136 1867; baseline -0.008 -11"><span class='ocrx_word' id='word_1_191' title='bbox 394 1821 516 1856; x_wconf 89' lang='lat' dir='ltr'>abbatis</span> <span class='ocrx_word' id='word_1_192' title='bbox 546 1820 594 1854; x_wconf 90' lang='lat' dir='ltr'>sui</span> <span class='ocrx_word' id='word_1_193' title='bbox 632 1826 795 1867; x_wconf 81' lang='lat' dir='ltr'>potestate.</span> <span class='ocrx_word' id='word_1_194' title='bbox 831 1818 921 1852; x_wconf 86' lang='lat' dir='ltr'>Hauc</span> <span class='ocrx_word' id='word_1_195' title='bbox 948 1829 1021 1862; x_wconf 89' lang='lat' dir='ltr'>ergo</span> <span class='ocrx_word' id='word_1_196' title='bbox 1057 1817 1136 1851; x_wconf 88' lang='lat' dir='ltr'>scri-</span> 
     </span>
     <span class='ocr_line' id='line_1_44' title="bbox 395 1866 1138 1918; baseline -0.009 -13"><span class='ocrx_word' id='word_1_197' title='bbox 395 1879 520 1918; x_wconf 89' lang='lat' dir='ltr'>ptorum</span> <span class='ocrx_word' id='word_1_198' title='bbox 544 1877 721 1904; x_wconf 88' lang='lat' dir='ltr'>nostrorum</span> <span class='ocrx_word' id='word_1_199' title='bbox 750 1868 906 1914; x_wconf 85' lang='lat' dir='ltr'>paginam,</span> <span class='ocrx_word' id='word_1_200' title='bbox 928 1867 1013 1901; x_wconf 90' lang='lat' dir='ltr'>omni</span> <span class='ocrx_word' id='word_1_201' title='bbox 1038 1866 1066 1900; x_wconf 89' lang='lat' dir='ltr'>in</span> <span class='ocrx_word' id='word_1_202' title='bbox 1090 1866 1138 1899; x_wconf 90' lang='lat' dir='ltr'>su—</span> 
     </span>
     <span class='ocr_line' id='line_1_45' title="bbox 395 1915 1139 1965; baseline -0.008 -11"><span class='ocrx_word' id='word_1_203' title='bbox 395 1929 467 1955; x_wconf 89' lang='lat' dir='ltr'>turo</span> <span class='ocrx_word' id='word_1_204' title='bbox 495 1927 647 1965; x_wconf 83' lang='lat' dir='ltr'>tempore,</span> <span class='ocrx_word' id='word_1_205' title='bbox 670 1918 708 1952; x_wconf 88' lang='lat' dir='ltr'>ab</span> <span class='ocrx_word' id='word_1_206' title='bbox 729 1916 877 1951; x_wconf 84' lang='lat' dir='ltr'>omnibus</span> <span class='ocrx_word' id='word_1_207' title='bbox 898 1915 1056 1963; x_wconf 84' lang='lat' dir='ltr'>episcopis</span> <span class='ocrx_word' id='word_1_208' title='bbox 1085 1916 1139 1949; x_wconf 84' lang='lat' dir='ltr'>lir—</span> 
     </span>
     <span class='ocr_line' id='line_1_46' title="bbox 396 1965 1139 2012; baseline -0.007 -9"><span class='ocrx_word' id='word_1_209' title='bbox 396 1981 478 2003; x_wconf 84' lang='lat' dir='ltr'>mam</span> <span class='ocrx_word' id='word_1_210' title='bbox 502 1968 668 2002; x_wconf 86' lang='lat' dir='ltr'>statuimus</span> <span class='ocrx_word' id='word_1_211' title='bbox 696 1966 907 2012; x_wconf 83' lang='lat' dir='ltr'>illibatamque</span> <span class='ocrx_word' id='word_1_212' title='bbox 933 1965 1066 2005; x_wconf 89' lang='lat' dir='ltr'>servari,</span> <span class='ocrx_word' id='word_1_213' title='bbox 1095 1973 1139 2003; x_wconf 85' lang='lat' dir='ltr'>ut,</span> 
     </span>
     <span class='ocr_line' id='line_1_47' title="bbox 398 2014 1139 2057; baseline -0.008 -4"><span class='ocrx_word' id='word_1_214' title='bbox 398 2026 429 2053; x_wconf 88' lang='lat' dir='ltr'>et</span> <span class='ocrx_word' id='word_1_215' title='bbox 451 2019 512 2052; x_wconf 89' lang='lat' dir='ltr'>iam</span> <span class='ocrx_word' id='word_1_216' title='bbox 539 2029 614 2052; x_wconf 86' lang='lat' dir='ltr'>suae</span> <span class='ocrx_word' id='word_1_217' title='bbox 647 2015 806 2051; x_wconf 85' lang='lat' dir='ltr'>Ecclesiae</span> <span class='ocrx_word' id='word_1_218' title='bbox 834 2016 956 2049; x_wconf 88' lang='lat' dir='ltr'>iuvante</span> <span class='ocrx_word' id='word_1_219' title='bbox 980 2014 1139 2057; x_wconf 76' lang='lat' dir='ltr'>Domino,</span> 
     </span>
     <span class='ocr_line' id='line_1_48' title="bbox 398 2063 1141 2107; baseline -0.008 -5"><span class='ocrx_word' id='word_1_220' title='bbox 398 2080 456 2102; x_wconf 87' lang='lat' dir='ltr'>suo</span> <span class='ocrx_word' id='word_1_221' title='bbox 480 2075 601 2101; x_wconf 90' lang='lat' dir='ltr'>tantum</span> <span class='ocrx_word' id='word_1_222' title='bbox 629 2067 690 2101; x_wconf 92' lang='lat' dir='ltr'>sint</span> <span class='ocrx_word' id='word_1_223' title='bbox 713 2066 779 2099; x_wconf 88' lang='lat' dir='ltr'>iure</span> <span class='ocrx_word' id='word_1_224' title='bbox 813 2071 978 2099; x_wconf 87' lang='lat' dir='ltr'>contentae</span> <span class='ocrx_word' id='word_1_225' title='bbox 993 2091 1002 2107; x_wconf 85' lang='lat'>,</span> <span class='ocrx_word' id='word_1_226' title='bbox 1030 2071 1060 2097; x_wconf 90' lang='lat' dir='ltr'>et</span> <span class='ocrx_word' id='word_1_227' title='bbox 1082 2063 1141 2097; x_wconf 91' lang='lat' dir='ltr'>ab-</span> 
     </span>
     <span class='ocr_line' id='line_1_49' title="bbox 400 2112 1139 2160; baseline -0.008 -9"><span class='ocrx_word' id='word_1_228' title='bbox 400 2117 454 2151; x_wconf 88' lang='lat' dir='ltr'>bas</span> <span class='ocrx_word' id='word_1_229' title='bbox 478 2117 539 2151; x_wconf 89' lang='lat' dir='ltr'>iam</span> <span class='ocrx_word' id='word_1_230' title='bbox 566 2116 639 2150; x_wconf 91' lang='lat' dir='ltr'>dicti</span> <span class='ocrx_word' id='word_1_231' title='bbox 667 2114 848 2149; x_wconf 87' lang='lat' dir='ltr'>monasterii</span> <span class='ocrx_word' id='word_1_232' title='bbox 875 2122 968 2160; x_wconf 85' lang='lat' dir='ltr'>atque</span> <span class='ocrx_word' id='word_1_233' title='bbox 995 2112 1139 2147; x_wconf 90' lang='lat' dir='ltr'>monachi</span> 
     </span>
     <span class='ocr_line' id='line_1_50' title="bbox 399 2161 1141 2207; baseline -0.008 -7"><span class='ocrx_word' id='word_1_234' title='bbox 399 2165 618 2201; x_wconf 85' lang='lat' dir='ltr'>ecclesiasticis</span> <span class='ocrx_word' id='word_1_235' title='bbox 640 2163 872 2199; x_wconf 89' lang='lat' dir='ltr'>conditionibus</span> <span class='ocrx_word' id='word_1_236' title='bbox 887 2190 896 2207; x_wconf 83' lang='lat'>,</span> <span class='ocrx_word' id='word_1_237' title='bbox 914 2175 971 2197; x_wconf 88' lang='lat' dir='ltr'>seu</span> <span class='ocrx_word' id='word_1_238' title='bbox 994 2161 1141 2207; x_wconf 76' lang='lat' dir='ltr'>angariis,</span> 
     </span>
     <span class='ocr_line' id='line_1_51' title="bbox 400 2211 1144 2261; baseline -0.007 -12"><span class='ocrx_word' id='word_1_239' title='bbox 400 2215 448 2250; x_wconf 92' lang='lat' dir='ltr'>vel</span> <span class='ocrx_word' id='word_1_240' title='bbox 493 2214 686 2261; x_wconf 85' lang='lat' dir='ltr'>quibuslibet</span> <span class='ocrx_word' id='word_1_241' title='bbox 733 2213 891 2259; x_wconf 84' lang='lat' dir='ltr'>obsequiis</span> <span class='ocrx_word' id='word_1_242' title='bbox 932 2211 1144 2246; x_wconf 84' lang='lat' dir='ltr'>saecularibus</span> 
     </span>
     <span class='ocr_line' id='line_1_52' title="bbox 400 2260 1144 2302; baseline -0.008 -3"><span class='ocrx_word' id='word_1_243' title='bbox 400 2264 489 2299; x_wconf 89' lang='lat' dir='ltr'>nullo</span> <span class='ocrx_word' id='word_1_244' title='bbox 512 2262 608 2298; x_wconf 90' lang='lat' dir='ltr'>modo</span> <span class='ocrx_word' id='word_1_245' title='bbox 629 2263 821 2302; x_wconf 88' lang='lat' dir='ltr'>subiaceant,</span> <span class='ocrx_word' id='word_1_246' title='bbox 843 2262 937 2296; x_wconf 92' lang='lat' dir='ltr'>nullis</span> <span class='ocrx_word' id='word_1_247' title='bbox 959 2260 1046 2295; x_wconf 88' lang='lat' dir='ltr'>laicis</span> <span class='ocrx_word' id='word_1_248' title='bbox 1070 2260 1144 2293; x_wconf 76' lang='lat' dir='ltr'>viris</span> 
     </span>
     <span class='ocr_line' id='line_1_53' title="bbox 401 2309 1145 2352; baseline -0.007 -4"><span class='ocrx_word' id='word_1_249' title='bbox 401 2312 605 2352; x_wconf 77' lang='lat' dir='ltr'>deserviant,</span> <span class='ocrx_word' id='word_1_250' title='bbox 628 2311 683 2346; x_wconf 88' lang='lat' dir='ltr'>sed</span> <span class='ocrx_word' id='word_1_251' title='bbox 714 2312 842 2345; x_wconf 84' lang='lat' dir='ltr'>remotis</span> <span class='ocrx_word' id='word_1_252' title='bbox 869 2309 1085 2345; x_wconf 69' lang='lat' dir='ltr'>vexationibus</span> <span class='ocrx_word' id='word_1_253' title='bbox 1110 2321 1145 2343; x_wconf 90' lang='lat' dir='ltr'>ac</span> 
     </span>
     <span class='ocr_line' id='line_1_54' title="bbox 405 2360 1145 2408; baseline -0.007 -11"><span class='ocrx_word' id='word_1_254' title='bbox 405 2362 528 2397; x_wconf 90' lang='lat' dir='ltr'>cunctis</span> <span class='ocrx_word' id='word_1_255' title='bbox 549 2361 780 2408; x_wconf 75' lang='lat' dir='ltr'>gravaminibus</span> <span class='ocrx_word' id='word_1_256' title='bbox 808 2360 947 2394; x_wconf 76' lang='lat' dir='ltr'>divinum</span> <span class='ocrx_word' id='word_1_257' title='bbox 970 2371 1050 2406; x_wconf 89' lang='lat' dir='ltr'>opus</span> <span class='ocrx_word' id='word_1_258' title='bbox 1075 2370 1145 2393; x_wconf 91' lang='lat' dir='ltr'>cum</span> 
     </span>
     <span class='ocr_line' id='line_1_55' title="bbox 405 2407 1147 2455; baseline -0.007 -9"><span class='ocrx_word' id='word_1_259' title='bbox 405 2423 528 2447; x_wconf 89' lang='lat' dir='ltr'>summa</span> <span class='ocrx_word' id='word_1_260' title='bbox 556 2410 649 2445; x_wconf 91' lang='lat' dir='ltr'>animi</span> <span class='ocrx_word' id='word_1_261' title='bbox 674 2409 839 2444; x_wconf 69' lang='lat' dir='ltr'>devotione</span> <span class='ocrx_word' id='word_1_262' title='bbox 866 2409 1037 2455; x_wconf 82' lang='lat' dir='ltr'>perficiant.</span> <span class='ocrx_word' id='word_1_263' title='bbox 1067 2407 1147 2449; x_wconf 86' lang='lat' dir='ltr'>Qui-</span> 
     </span>
     <span class='ocr_line' id='line_1_56' title="bbox 405 2457 1149 2508; baseline -0.007 -13"><span class='ocrx_word' id='word_1_264' title='bbox 405 2472 544 2508; x_wconf 90' lang='lat' dir='ltr'>cumque</span> <span class='ocrx_word' id='word_1_265' title='bbox 582 2460 613 2494; x_wconf 91' lang='lat' dir='ltr'>in</span> <span class='ocrx_word' id='word_1_266' title='bbox 647 2458 827 2506; x_wconf 86' lang='lat' dir='ltr'>apostolicis</span> <span class='ocrx_word' id='word_1_267' title='bbox 873 2457 1149 2492; x_wconf 82' lang='lat' dir='ltr'>constitutionibus</span> 
     </span>
     <span class='ocr_line' id='line_1_57' title="bbox 405 2506 1148 2549; baseline -0.007 -5"><span class='ocrx_word' id='word_1_268' title='bbox 405 2511 528 2545; x_wconf 89' lang='lat' dir='ltr'>sincera</span> <span class='ocrx_word' id='word_1_269' title='bbox 566 2509 733 2543; x_wconf 84' lang='lat' dir='ltr'>dilectione</span> <span class='ocrx_word' id='word_1_270' title='bbox 774 2507 952 2542; x_wconf 78' lang='lat' dir='ltr'>observator</span> <span class='ocrx_word' id='word_1_271' title='bbox 991 2506 1148 2549; x_wconf 77' lang='lat' dir='ltr'>extiterit,</span> 
     </span>
     <span class='ocr_line' id='line_1_58' title="bbox 407 2554 1149 2594; baseline -0.007 -1"><span class='ocrx_word' id='word_1_272' title='bbox 407 2558 662 2594; x_wconf 87' lang='lat' dir='ltr'>benedictionem</span> <span class='ocrx_word' id='word_1_273' title='bbox 696 2566 726 2592; x_wconf 88' lang='lat' dir='ltr'>et</span> <span class='ocrx_word' id='word_1_274' title='bbox 759 2556 1007 2591; x_wconf 89' lang='lat' dir='ltr'>misericordiam</span> <span class='ocrx_word' id='word_1_275' title='bbox 1034 2567 1049 2589; x_wconf 90' lang='lat' dir='ltr'>a</span> <span class='ocrx_word' id='word_1_276' title='bbox 1083 2554 1149 2589; x_wconf 89' lang='lat' dir='ltr'>Do—</span> 
     </span>
     <span class='ocr_line' id='line_1_59' title="bbox 408 2604 1148 2655; baseline -0.007 -13"><span class='ocrx_word' id='word_1_277' title='bbox 408 2608 494 2645; x_wconf 88' lang='lat' dir='ltr'>mino</span> <span class='ocrx_word' id='word_1_278' title='bbox 514 2607 681 2655; x_wconf 89' lang='lat' dir='ltr'>percipiat:</span> <span class='ocrx_word' id='word_1_279' title='bbox 703 2606 801 2654; x_wconf 89' lang='lat' dir='ltr'>atqui</span> <span class='ocrx_word' id='word_1_280' title='bbox 822 2618 869 2645; x_wconf 89' lang='lat' dir='ltr'>ea,</span> <span class='ocrx_word' id='word_1_281' title='bbox 884 2617 964 2652; x_wconf 91' lang='lat' dir='ltr'>quae</span> <span class='ocrx_word' id='word_1_282' title='bbox 980 2604 1148 2651; x_wconf 88' lang='lat' dir='ltr'>apostolica</span> 
     </span>
     <span class='ocr_line' id='line_1_60' title="bbox 408 2655 1149 2703; baseline -0.005 -12"><span class='ocrx_word' id='word_1_283' title='bbox 408 2657 501 2691; x_wconf 87' lang='lat' dir='ltr'>sedes</span> <span class='ocrx_word' id='word_1_284' title='bbox 523 2657 688 2696; x_wconf 74' lang='lat' dir='ltr'>stabilivit,</span> <span class='ocrx_word' id='word_1_285' title='bbox 713 2668 768 2703; x_wconf 92' lang='lat' dir='ltr'>pro</span> <span class='ocrx_word' id='word_1_286' title='bbox 795 2655 894 2690; x_wconf 83' lang='lat' dir='ltr'>nihilo</span> <span class='ocrx_word' id='word_1_287' title='bbox 916 2655 1030 2688; x_wconf 89' lang='lat' dir='ltr'>ducere</span> <span class='ocrx_word' id='word_1_288' title='bbox 1055 2661 1149 2700; x_wconf 82' lang='lat' dir='ltr'>atque</span> 
     </span>
     <span class='ocr_line' id='line_1_61' title="bbox 409 2703 1146 2752; baseline -0.004 -11"><span class='ocrx_word' id='word_1_289' title='bbox 409 2707 524 2743; x_wconf 79' lang='lat' dir='ltr'>violare</span> <span class='ocrx_word' id='word_1_290' title='bbox 552 2705 739 2751; x_wconf 77' lang='lat' dir='ltr'>tentaverit,</span> <span class='ocrx_word' id='word_1_291' title='bbox 761 2705 797 2739; x_wconf 90' lang='lat' dir='ltr'>B.</span> <span class='ocrx_word' id='word_1_292' title='bbox 822 2704 905 2740; x_wconf 91' lang='lat' dir='ltr'>Petri</span> <span class='ocrx_word' id='word_1_293' title='bbox 936 2703 1146 2752; x_wconf 82' lang='lat' dir='ltr'>apostolorum</span> 
     </span>
    </p>
   </div>
   <div class='ocr_carea' id='block_1_11' title="bbox 978 331 1353 357">
    <p class='ocr_par' dir='ltr' id='par_1_11' title="bbox 978 331 1353 357">
     <span class='ocr_line' id='line_1_62' title="bbox 978 331 1353 357; baseline -0.011 1"><span class='ocrx_word' id='word_1_294' title='bbox 978 332 1166 357; x_wconf 72' lang='lat' dir='ltr'>BULLARtUM</span> <span class='ocrx_word' id='word_1_295' title='bbox 1193 331 1353 355; x_wconf 65' lang='lat' dir='ltr'>nouaxtm</span> 
     </span>
    </p>
   </div>
   <div class='ocr_carea' id='block_1_12' title="bbox 1165 382 1918 1062">
    <p class='ocr_par' dir='ltr' id='par_1_12' title="bbox 1165 382 1918 1062">
     <span class='ocr_line' id='line_1_63' title="bbox 1167 382 1917 433; baseline -0.004 -13"><span class='ocrx_word' id='word_1_296' title='bbox 1167 386 1342 433; x_wconf 85' lang='lat' dir='ltr'>principis,</span> <span class='ocrx_word' id='word_1_297' title='bbox 1375 384 1534 431; x_wconf 89' lang='lat' dir='ltr'>nostrique</span> <span class='ocrx_word' id='word_1_298' title='bbox 1561 382 1752 430; x_wconf 85' lang='lat' dir='ltr'>apostolatus</span> <span class='ocrx_word' id='word_1_299' title='bbox 1779 383 1917 418; x_wconf 86' lang='lat' dir='ltr'>auctori-</span> 
     </span>
     <span class='ocr_line' id='line_1_64' title="bbox 1167 431 1914 475; baseline -0.007 -5"><span class='ocrx_word' id='word_1_300' title='bbox 1167 442 1247 475; x_wconf 84' lang='lat' dir='ltr'>tate,</span> <span class='ocrx_word' id='word_1_301' title='bbox 1283 434 1491 469; x_wconf 86' lang='lat' dir='ltr'>anathematis</span> <span class='ocrx_word' id='word_1_302' title='bbox 1525 432 1658 466; x_wconf 89' lang='lat' dir='ltr'>vinculis</span> <span class='ocrx_word' id='word_1_303' title='bbox 1692 431 1850 474; x_wconf 82' lang='lat' dir='ltr'>irretitus,</span> <span class='ocrx_word' id='word_1_304' title='bbox 1879 440 1914 466; x_wconf 89' lang='lat' dir='ltr'>ut</span> 
     </span>
     <span class='ocr_line' id='line_1_65' title="bbox 1165 480 1914 530; baseline -0.004 -11"><span class='ocrx_word' id='word_1_305' title='bbox 1165 485 1334 530; x_wconf 77' lang='lat' dir='ltr'>sacrilegus</span> <span class='ocrx_word' id='word_1_306' title='bbox 1365 496 1381 518; x_wconf 94' lang='lat' dir='ltr'>a</span> <span class='ocrx_word' id='word_1_307' title='bbox 1412 483 1481 517; x_wconf 89' lang='lat' dir='ltr'>sinu</span> <span class='ocrx_word' id='word_1_308' title='bbox 1520 481 1627 516; x_wconf 89' lang='lat' dir='ltr'>matris</span> <span class='ocrx_word' id='word_1_309' title='bbox 1666 480 1850 525; x_wconf 79' lang='lat' dir='ltr'>Ecclesiae,</span> <span class='ocrx_word' id='word_1_310' title='bbox 1882 488 1914 516; x_wconf 88' lang='lat' dir='ltr'>et</span> 
     </span>
     <span class='ocr_line' id='line_1_66' title="bbox 1168 530 1915 580; baseline -0.003 -13"><span class='ocrx_word' id='word_1_311' title='bbox 1168 533 1405 580; x_wconf 76' lang='lat' dir='ltr'>participatione</span> <span class='ocrx_word' id='word_1_312' title='bbox 1420 531 1560 578; x_wconf 88' lang='lat' dir='ltr'>corporis</span> <span class='ocrx_word' id='word_1_313' title='bbox 1574 538 1604 565; x_wconf 90' lang='lat' dir='ltr'>et</span> <span class='ocrx_word' id='word_1_314' title='bbox 1616 530 1777 576; x_wconf 83' lang='lat' dir='ltr'>sanguinis</span> <span class='ocrx_word' id='word_1_315' title='bbox 1798 530 1915 565; x_wconf 83' lang='lat' dir='ltr'>Christi</span> 
     </span>
     <span class='ocr_line' id='line_1_67' title="bbox 1167 579 1916 628; baseline -0.004 -11"><span class='ocrx_word' id='word_1_316' title='bbox 1167 591 1326 628; x_wconf 83' lang='lat' dir='ltr'>separatus</span> <span class='ocrx_word' id='word_1_317' title='bbox 1341 609 1350 625; x_wconf 87' lang='lat'>,</span> <span class='ocrx_word' id='word_1_318' title='bbox 1372 593 1444 616; x_wconf 90' lang='lat' dir='ltr'>eum</span> <span class='ocrx_word' id='word_1_319' title='bbox 1466 580 1615 625; x_wconf 80' lang='lat' dir='ltr'>diabolo,</span> <span class='ocrx_word' id='word_1_320' title='bbox 1643 588 1673 614; x_wconf 90' lang='lat' dir='ltr'>et</span> <span class='ocrx_word' id='word_1_321' title='bbox 1702 579 1822 624; x_wconf 80' lang='lat' dir='ltr'>angelis</span> <span class='ocrx_word' id='word_1_322' title='bbox 1848 579 1916 614; x_wconf 89' lang='lat' dir='ltr'>eius</span> 
     </span>
     <span class='ocr_line' id='line_1_68' title="bbox 1168 628 1916 675; baseline -0.005 -9"><span class='ocrx_word' id='word_1_323' title='bbox 1168 632 1351 666; x_wconf 88' lang='lat' dir='ltr'>sententiam</span> <span class='ocrx_word' id='word_1_324' title='bbox 1367 630 1577 664; x_wconf 89' lang='lat' dir='ltr'>damnationis</span> <span class='ocrx_word' id='word_1_325' title='bbox 1593 628 1735 675; x_wconf 87' lang='lat' dir='ltr'>accipiat.</span> <span class='ocrx_word' id='word_1_326' title='bbox 1756 628 1916 675; x_wconf 86' lang='lat' dir='ltr'>Scriptum</span> 
     </span>
     <span class='ocr_line' id='line_1_69' title="bbox 1170 677 1916 727; baseline -0.005 -12"><span class='ocrx_word' id='word_1_327' title='bbox 1170 693 1224 727; x_wconf 89' lang='lat' dir='ltr'>per</span> <span class='ocrx_word' id='word_1_328' title='bbox 1237 692 1364 714; x_wconf 84' lang='lat' dir='ltr'>manum</span> <span class='ocrx_word' id='word_1_329' title='bbox 1386 678 1536 725; x_wconf 80' lang='lat' dir='ltr'>Stephani</span> <span class='ocrx_word' id='word_1_330' title='bbox 1558 678 1667 712; x_wconf 88' lang='lat' dir='ltr'>notarii</span> <span class='ocrx_word' id='word_1_331' title='bbox 1692 686 1721 712; x_wconf 88' lang='lat' dir='ltr'>ct</span> <span class='ocrx_word' id='word_1_332' title='bbox 1738 677 1916 722; x_wconf 71' lang='lat' dir='ltr'>regionarii,</span> 
     </span>
     <span class='ocr_line' id='line_1_70' title="bbox 1169 726 1918 764; baseline -0.003 0"><span class='ocrx_word' id='word_1_333' title='bbox 1169 738 1198 764; x_wconf 91' lang='lat' dir='ltr'>et</span> <span class='ocrx_word' id='word_1_334' title='bbox 1220 729 1407 764; x_wconf 86' lang='lat' dir='ltr'>sacriscrinii</span> <span class='ocrx_word' id='word_1_335' title='bbox 1430 736 1554 762; x_wconf 88' lang='lat' dir='ltr'>sanctae</span> <span class='ocrx_word' id='word_1_336' title='bbox 1581 739 1727 762; x_wconf 88' lang='lat' dir='ltr'>romanae</span> <span class='ocrx_word' id='word_1_337' title='bbox 1757 726 1918 762; x_wconf 85' lang='lat' dir='ltr'>Ecclesiae</span> 
     </span>
     <span class='ocr_line' id='line_1_71' title="bbox 1170 776 1916 820; baseline -0.005 -7"><span class='ocrx_word' id='word_1_338' title='bbox 1170 780 1199 813; x_wconf 90' lang='lat' dir='ltr'>in</span> <span class='ocrx_word' id='word_1_339' title='bbox 1237 790 1345 813; x_wconf 88' lang='lat' dir='ltr'>mense</span> <span class='ocrx_word' id='word_1_340' title='bbox 1386 777 1550 817; x_wconf 89' lang='lat' dir='ltr'>ianuario,</span> <span class='ocrx_word' id='word_1_341' title='bbox 1600 776 1770 810; x_wconf 86' lang='lat' dir='ltr'>indictione</span> <span class='ocrx_word' id='word_1_342' title='bbox 1801 788 1826 810; x_wconf 85' lang='lat'>11</span> <span class='ocrx_word' id='word_1_343' title='bbox 1859 778 1916 820; x_wconf 77' lang='grc'>(1).</span> 
     </span>
     <span class='ocr_line' id='line_1_72' title="bbox 1170 825 1918 872; baseline -0.007 -9"><span class='ocrx_word' id='word_1_344' title='bbox 1170 829 1284 863; x_wconf 86' lang='lat' dir='ltr'>Datum</span> <span class='ocrx_word' id='word_1_345' title='bbox 1324 839 1383 861; x_wconf 80' lang='lat' dir='ltr'>xw</span> <span class='ocrx_word' id='word_1_346' title='bbox 1421 829 1464 870; x_wconf 72' lang='lat'>(⁶2)</span> <span class='ocrx_word' id='word_1_347' title='bbox 1502 825 1671 866; x_wconf 80' lang='lat' dir='ltr'>februarii,</span> <span class='ocrx_word' id='word_1_348' title='bbox 1707 837 1763 872; x_wconf 87' lang='lat' dir='ltr'>per</span> <span class='ocrx_word' id='word_1_349' title='bbox 1788 837 1918 859; x_wconf 88' lang='lat' dir='ltr'>manum</span> 
     </span>
     <span class='ocr_line' id='line_1_73' title="bbox 1171 874 1918 923; baseline -0.004 -12"><span class='ocrx_word' id='word_1_350' title='bbox 1171 877 1305 911; x_wconf 61' lang='lat' dir='ltr'>Amandi</span> <span class='ocrx_word' id='word_1_351' title='bbox 1340 876 1502 923; x_wconf 73' lang='lat' dir='ltr'>episcopi,</span> <span class='ocrx_word' id='word_1_352' title='bbox 1538 874 1765 909; x_wconf 88' lang='lat' dir='ltr'>bibliothecarii</span> <span class='ocrx_word' id='word_1_353' title='bbox 1792 882 1918 909; x_wconf 89' lang='lat' dir='ltr'>sanctae</span> 
     </span>
     <span class='ocr_line' id='line_1_74' title="bbox 1170 926 1482 972; baseline -0.01 -10"><span class='ocrx_word' id='word_1_354' title='bbox 1170 927 1255 962; x_wconf 81' lang='lat' dir='ltr'>sedis</span> <span class='ocrx_word' id='word_1_355' title='bbox 1281 926 1482 972; x_wconf 87' lang='lat' dir='ltr'>apostolicae.</span> 
     </span>
     <span class='ocr_line' id='line_1_75' title="bbox 1229 980 1864 1018; baseline -0.005 -5"><span class='ocrx_word' id='word_1_356' title='bbox 1229 983 1291 1013; x_wconf 83' lang='lat' dir='ltr'>Dat.</span> <span class='ocrx_word' id='word_1_357' title='bbox 1310 983 1356 1012; x_wconf 88' lang='lat' dir='ltr'>die</span> <span class='ocrx_word' id='word_1_358' title='bbox 1379 983 1411 1012; x_wconf 69' lang='lat'>19</span> <span class='ocrx_word' id='word_1_359' title='bbox 1427 981 1552 1011; x_wconf 90' lang='lat' dir='ltr'>ianuarii</span> <span class='ocrx_word' id='word_1_360' title='bbox 1571 990 1646 1010; x_wconf 90' lang='lat' dir='ltr'>anno</span> <span class='ocrx_word' id='word_1_361' title='bbox 1664 980 1779 1010; x_wconf 87' lang='lat' dir='ltr'>Domini</span> <span class='ocrx_word' id='word_1_362' title='bbox 1797 980 1864 1018; x_wconf 72' lang='lat'>053,</span> 
     </span>
     <span class='ocr_line' id='line_1_76' title="bbox 1344 1020 1752 1062; baseline -0.005 -11"><span class='ocrx_word' id='word_1_363' title='bbox 1344 1022 1447 1062; x_wconf 79' lang='lat' dir='ltr'>pontif.</span> <span class='ocrx_word' id='word_1_364' title='bbox 1466 1021 1579 1051; x_wconf 84' lang='lat' dir='ltr'>Martini</span> <span class='ocrx_word' id='word_1_365' title='bbox 1598 1020 1609 1049; x_wconf 94' lang='lat' dir='ltr'>l</span> <span class='ocrx_word' id='word_1_366' title='bbox 1625 1029 1701 1050; x_wconf 87' lang='lat' dir='ltr'>anuo</span> <span class='ocrx_word' id='word_1_367' title='bbox 1716 1028 1752 1050; x_wconf 84' lang='lat' dir='ltr'>tv.</span> 
     </span>
    </p>
   </div>
   <div class='ocr_carea' id='block_1_13' title="bbox 1475 1076 1588 1084">
    <p class='ocr_par' dir='ltr' id='par_1_13' title="bbox 1475 1076 1588 1084">
     <span class='ocr_line' id='line_1_77' title="bbox 1475 1076 1588 1084; baseline 0 2043"><span class='ocrx_word' id='word_1_368' title='bbox 1475 1076 1588 1084; x_wconf 95' lang='lat' dir='ltr'> </span> 
     </span>
    </p>
   </div>
   <div class='ocr_carea' id='block_1_14' title="bbox 1510 1122 1563 1158">
    <p class='ocr_par' dir='ltr' id='par_1_14' title="bbox 1510 1122 1563 1158">
     <span class='ocr_line' id='line_1_78' title="bbox 1510 1122 1563 1158; baseline -0.019 0"><span class='ocrx_word' id='word_1_369' title='bbox 1510 1122 1563 1158; x_wconf 79' lang='lat' dir='ltr'>Vt.</span> 
     </span>
    </p>
   </div>
   <div class='ocr_carea' id='block_1_15' title="bbox 1293 1195 1779 1287">
    <p class='ocr_par' dir='ltr' id='par_1_15' title="bbox 1293 1195 1779 1287">
     <span class='ocr_line' id='line_1_79' title="bbox 1293 1195 1779 1240; baseline -0.004 -9"><span class='ocrx_word' id='word_1_370' title='bbox 1293 1198 1404 1231; x_wconf 77' lang='lat' dir='ltr'>Simile</span> <span class='ocrx_word' id='word_1_371' title='bbox 1423 1197 1617 1240; x_wconf 71' lang='lat' dir='ltr'>privileqz&#39;um</span> <span class='ocrx_word' id='word_1_372' title='bbox 1639 1195 1779 1229; x_wconf 82' lang='lat' dir='ltr'>coenobio</span> 
     </span>
     <span class='ocr_line' id='line_1_80' title="bbox 1397 1246 1700 1287; baseline -0.007 -8"><span class='ocrx_word' id='word_1_373' title='bbox 1397 1246 1615 1279; x_wconf 55' lang='lat' dir='ltr'>Blttndiniensi</span> <span class='ocrx_word' id='word_1_374' title='bbox 1638 1246 1700 1287; x_wconf 79' lang='lat'><em>(5).</em></span> 
     </span>
    </p>
   </div>
   <div class='ocr_carea' id='block_1_16' title="bbox 1174 1313 1925 1457">
    <p class='ocr_par' dir='ltr' id='par_1_16' title="bbox 1174 1313 1925 1457">
     <span class='ocr_line' id='line_1_81' title="bbox 1439 1313 1654 1345; baseline -0.009 0"><span class='ocrx_word' id='word_1_375' title='bbox 1439 1313 1654 1345; x_wconf 75' lang='lat' dir='ltr'><strong>SUMMARIUM</strong></span> 
     </span>
     <span class='ocr_line' id='line_1_82' title="bbox 1174 1375 1923 1409; baseline -0.005 0"><span class='ocrx_word' id='word_1_376' title='bbox 1174 1379 1341 1409; x_wconf 63' lang='lat' dir='ltr'>Exordium.</span> <span class='ocrx_word' id='word_1_377' title='bbox 1372 1395 1412 1401; x_wconf 90' lang='lat'>—</span> <span class='ocrx_word' id='word_1_378' title='bbox 1435 1377 1643 1407; x_wconf 82' lang='lat' dir='ltr'>Monasterium</span> <span class='ocrx_word' id='word_1_379' title='bbox 1670 1375 1879 1405; x_wconf 85' lang='lat' dir='ltr'>Blandiniense</span> <span class='ocrx_word' id='word_1_380' title='bbox 1906 1385 1923 1406; x_wconf 90' lang='lat' dir='ltr'>a</span> 
     </span>
     <span class='ocr_line' id='line_1_83' title="bbox 1214 1416 1925 1457; baseline -0.007 -8"><span class='ocrx_word' id='word_1_381' title='bbox 1214 1420 1364 1457; x_wconf 67' lang='lat' dir='ltr'>Sigeberto</span> <span class='ocrx_word' id='word_1_382' title='bbox 1384 1416 1562 1447; x_wconf 80' lang='lat' dir='ltr'>Francorum</span> <span class='ocrx_word' id='word_1_383' title='bbox 1589 1426 1657 1454; x_wconf 80' lang='lat' dir='ltr'>rege</span> <span class='ocrx_word' id='word_1_384' title='bbox 1674 1416 1874 1450; x_wconf 84' lang='lat' dir='ltr'>constitutum,</span> <span class='ocrx_word' id='word_1_385' title='bbox 1893 1419 1925 1444; x_wconf 89' lang='lat' dir='ltr'>et</span> 
     </span>
    </p>
   </div>
   <div class='ocr_carea' id='block_1_17' title="bbox 1213 1454 1924 1534">
    <p class='ocr_par' dir='ltr' id='par_1_17' title="bbox 1213 1454 1924 1534">
     <span class='ocr_line' id='line_1_84' title="bbox 1214 1454 1924 1488; baseline -0.007 0"><span class='ocrx_word' id='word_1_386' title='bbox 1214 1460 1351 1488; x_wconf 76' lang='lat' dir='ltr'>dicatum.</span> <span class='ocrx_word' id='word_1_387' title='bbox 1369 1475 1409 1480; x_wconf 92' lang='lat'>——</span> <span class='ocrx_word' id='word_1_388' title='bbox 1425 1456 1610 1487; x_wconf 82' lang='lat' dir='ltr'>Confirmatio</span> <span class='ocrx_word' id='word_1_389' title='bbox 1628 1456 1783 1485; x_wconf 91' lang='lat' dir='ltr'>bonorum.</span> <span class='ocrx_word' id='word_1_390' title='bbox 1811 1472 1849 1477; x_wconf 98' lang='lat'><strong>—</strong></span> <span class='ocrx_word' id='word_1_391' title='bbox 1870 1454 1924 1484; x_wconf 91' lang='lat' dir='ltr'>Li-</span> 
     </span>
     <span class='ocr_line' id='line_1_85' title="bbox 1213 1495 1870 1534; baseline -0.005 -7"><span class='ocrx_word' id='word_1_392' title='bbox 1213 1499 1309 1527; x_wconf 84' lang='lat' dir='ltr'>bertas</span> <span class='ocrx_word' id='word_1_393' title='bbox 1326 1497 1465 1527; x_wconf 89' lang='lat' dir='ltr'>abbatum</span> <span class='ocrx_word' id='word_1_394' title='bbox 1482 1497 1511 1525; x_wconf 91' lang='lat' dir='ltr'>in</span> <span class='ocrx_word' id='word_1_395' title='bbox 1527 1496 1670 1534; x_wconf 80' lang='lat' dir='ltr'>regimine</span> <span class='ocrx_word' id='word_1_396' title='bbox 1690 1495 1870 1524; x_wconf 87' lang='lat' dir='ltr'>monasterii.</span> 
     </span>
    </p>
   </div>
   <div class='ocr_carea' id='block_1_18' title="bbox 1210 1560 1888 1643">
    <p class='ocr_par' dir='ltr' id='par_1_18' title="bbox 1210 1560 1888 1643">
     <span class='ocr_line' id='line_1_86' title="bbox 1210 1560 1888 1599; baseline -0.007 -6"><span class='ocrx_word' id='word_1_397' title='bbox 1210 1565 1342 1593; x_wconf 82' lang='lat' dir='ltr'>Martinus</span> <span class='ocrx_word' id='word_1_398' title='bbox 1367 1564 1520 1599; x_wconf 81' lang='lat' dir='ltr'>episcopus,</span> <span class='ocrx_word' id='word_1_399' title='bbox 1536 1562 1650 1590; x_wconf 89' lang='lat' dir='ltr'>ultimus</span> <span class='ocrx_word' id='word_1_400' title='bbox 1671 1568 1809 1590; x_wconf 83' lang='lat' dir='ltr'>servorum</span> <span class='ocrx_word' id='word_1_401' title='bbox 1828 1560 1888 1594; x_wconf 84' lang='lat' dir='ltr'>Dei.</span> 
     </span>
     <span class='ocr_line' id='line_1_87' title="bbox 1265 1606 1835 1643; baseline -0.007 -6"><span class='ocrx_word' id='word_1_402' title='bbox 1265 1609 1385 1637; x_wconf 83' lang='lat' dir='ltr'>omnibus</span> <span class='ocrx_word' id='word_1_403' title='bbox 1413 1607 1588 1643; x_wconf 84' lang='lat' dir='ltr'>diligentibus</span> <span class='ocrx_word' id='word_1_404' title='bbox 1607 1607 1687 1635; x_wconf 84' lang='lat' dir='ltr'>Deum</span> <span class='ocrx_word' id='word_1_405' title='bbox 1709 1606 1835 1634; x_wconf 81' lang='lat' dir='ltr'>satutem.</span> 
     </span>
    </p>
   </div>
   <div class='ocr_carea' id='block_1_19' title="bbox 1179 1667 1935 2650">
    <p class='ocr_par' dir='ltr' id='par_1_19' title="bbox 1179 1667 1935 2650">
     <span class='ocr_line' id='line_1_88' title="bbox 1228 1667 1926 1718; baseline -0.006 -12"><span class='ocrx_word' id='word_1_406' title='bbox 1228 1671 1274 1706; x_wconf 90' lang='lat' dir='ltr'>De</span> <span class='ocrx_word' id='word_1_407' title='bbox 1303 1671 1484 1718; x_wconf 84' lang='lat' dir='ltr'>quotidiano</span> <span class='ocrx_word' id='word_1_408' title='bbox 1517 1679 1642 1704; x_wconf 89' lang='lat' dir='ltr'>sanctae</span> <span class='ocrx_word' id='word_1_409' title='bbox 1671 1669 1781 1703; x_wconf 88' lang='lat' dir='ltr'>matris</span> <span class='ocrx_word' id='word_1_410' title='bbox 1814 1667 1926 1703; x_wconf 75' lang='lat' dir='ltr'>catho—</span> 
     </span>
     <span class='ocr_line' id='line_1_89' title="bbox 1179 1717 1925 1767; baseline -0.005 -12"><span class='ocrx_word' id='word_1_411' title='bbox 1179 1722 1254 1756; x_wconf 89' lang='lat' dir='ltr'>licae</span> <span class='ocrx_word' id='word_1_412' title='bbox 1274 1728 1366 1767; x_wconf 89' lang='lat' dir='ltr'>atque</span> <span class='ocrx_word' id='word_1_413' title='bbox 1389 1719 1577 1766; x_wconf 88' lang='lat' dir='ltr'>apostolicae</span> <span class='ocrx_word' id='word_1_414' title='bbox 1599 1718 1759 1753; x_wconf 87' lang='lat' dir='ltr'>Ecclesiae</span> <span class='ocrx_word' id='word_1_415' title='bbox 1783 1717 1925 1765; x_wconf 83' lang='lat' dir='ltr'>prosectu</span> 
     </span>
     <span class='ocr_line' id='line_1_90' title="bbox 1179 1767 1926 1816; baseline -0.008 -10"><span class='ocrx_word' id='word_1_416' title='bbox 1179 1783 1214 1806; x_wconf 88' lang='lat' dir='ltr'>ac</span> <span class='ocrx_word' id='word_1_417' title='bbox 1236 1769 1496 1816; x_wconf 83' lang='lat' dir='ltr'>multiplicatione</span> <span class='ocrx_word' id='word_1_418' title='bbox 1523 1768 1661 1814; x_wconf 83' lang='lat' dir='ltr'>gaudere</span> <span class='ocrx_word' id='word_1_419' title='bbox 1683 1767 1853 1810; x_wconf 88' lang='lat' dir='ltr'>debemus,</span> <span class='ocrx_word' id='word_1_420' title='bbox 1875 1773 1926 1801; x_wconf 88' lang='lat' dir='ltr'>at-</span> 
     </span>
     <span class='ocr_line' id='line_1_91' title="bbox 1180 1815 1926 1867; baseline -0.007 -13"><span class='ocrx_word' id='word_1_421' title='bbox 1180 1833 1240 1867; x_wconf 87' lang='lat' dir='ltr'>que</span> <span class='ocrx_word' id='word_1_422' title='bbox 1263 1820 1292 1853; x_wconf 91' lang='lat' dir='ltr'>in</span> <span class='ocrx_word' id='word_1_423' title='bbox 1313 1820 1400 1854; x_wconf 68' lang='lat' dir='ltr'>vinea</span> <span class='ocrx_word' id='word_1_424' title='bbox 1423 1818 1549 1853; x_wconf 91' lang='lat' dir='ltr'>Domini</span> <span class='ocrx_word' id='word_1_425' title='bbox 1574 1830 1628 1864; x_wconf 89' lang='lat' dir='ltr'>pro</span> <span class='ocrx_word' id='word_1_426' title='bbox 1647 1816 1792 1851; x_wconf 86' lang='lat' dir='ltr'>mercede</span> <span class='ocrx_word' id='word_1_427' title='bbox 1809 1815 1926 1850; x_wconf 89' lang='lat' dir='ltr'>laboris</span> 
     </span>
     <span class='ocr_line' id='line_1_92' title="bbox 1181 1865 1924 1915; baseline -0.005 -12"><span class='ocrx_word' id='word_1_428' title='bbox 1181 1868 1385 1915; x_wconf 81' lang='lat' dir='ltr'>operantibus</span> <span class='ocrx_word' id='word_1_429' title='bbox 1428 1867 1580 1902; x_wconf 79' lang='lat' dir='ltr'>auxilium</span> <span class='ocrx_word' id='word_1_430' title='bbox 1627 1866 1708 1901; x_wconf 84' lang='lat' dir='ltr'>ferre</span> <span class='ocrx_word' id='word_1_431' title='bbox 1759 1865 1924 1900; x_wconf 77' lang='lat' dir='ltr'>debemus.</span> 
     </span>
     <span class='ocr_line' id='line_1_93' title="bbox 1183 1913 1927 1953; baseline -0.007 0"><span class='ocrx_word' id='word_1_432' title='bbox 1183 1918 1273 1953; x_wconf 88' lang='lat' dir='ltr'>Unde</span> <span class='ocrx_word' id='word_1_433' title='bbox 1296 1926 1404 1952; x_wconf 88' lang='lat' dir='ltr'>notum</span> <span class='ocrx_word' id='word_1_434' title='bbox 1441 1917 1505 1951; x_wconf 89' lang='lat' dir='ltr'>sore</span> <span class='ocrx_word' id='word_1_435' title='bbox 1533 1915 1677 1950; x_wconf 73' lang='lat' dir='ltr'>volumus</span> <span class='ocrx_word' id='word_1_436' title='bbox 1703 1923 1828 1950; x_wconf 89' lang='lat' dir='ltr'>sanctae</span> <span class='ocrx_word' id='word_1_437' title='bbox 1855 1913 1927 1948; x_wconf 92' lang='lat' dir='ltr'>uni-</span> 
     </span>
     <span class='ocr_line' id='line_1_94' title="bbox 1182 1963 1926 2011; baseline -0.007 -9"><span class='ocrx_word' id='word_1_438' title='bbox 1182 1968 1309 2002; x_wconf 77' lang='lat' dir='ltr'>versalis</span> <span class='ocrx_word' id='word_1_439' title='bbox 1332 1967 1492 2001; x_wconf 86' lang='lat' dir='ltr'>Ecclesiae</span> <span class='ocrx_word' id='word_1_440' title='bbox 1515 1965 1596 2004; x_wconf 81' lang='lat' dir='ltr'>filiis,</span> <span class='ocrx_word' id='word_1_441' title='bbox 1620 1973 1680 1999; x_wconf 91' lang='lat' dir='ltr'>tam</span> <span class='ocrx_word' id='word_1_442' title='bbox 1697 1963 1926 2011; x_wconf 86' lang='lat' dir='ltr'>praesentibus,</span> 
     </span>
     <span class='ocr_line' id='line_1_95' title="bbox 1183 2012 1929 2064; baseline -0.007 -13"><span class='ocrx_word' id='word_1_443' title='bbox 1183 2029 1276 2064; x_wconf 86' lang='lat' dir='ltr'>quam</span> <span class='ocrx_word' id='word_1_444' title='bbox 1299 2025 1330 2050; x_wconf 90' lang='lat' dir='ltr'>ct</span> <span class='ocrx_word' id='word_1_445' title='bbox 1364 2016 1500 2055; x_wconf 82' lang='lat' dir='ltr'>suturis,</span> <span class='ocrx_word' id='word_1_446' title='bbox 1523 2015 1656 2061; x_wconf 89' lang='lat' dir='ltr'>qualiter</span> <span class='ocrx_word' id='word_1_447' title='bbox 1685 2021 1810 2048; x_wconf 89' lang='lat' dir='ltr'>sanctae</span> <span class='ocrx_word' id='word_1_448' title='bbox 1842 2012 1929 2047; x_wconf 87' lang='lat' dir='ltr'>dile-</span> 
     </span>
     <span class='ocr_line' id='line_1_96' title="bbox 1183 2063 1930 2101; baseline -0.008 0"><span class='ocrx_word' id='word_1_449' title='bbox 1183 2066 1295 2101; x_wconf 84' lang='lat' dir='ltr'>ctionis</span> <span class='ocrx_word' id='word_1_450' title='bbox 1314 2074 1436 2100; x_wconf 86' lang='lat' dir='ltr'>nostrae</span> <span class='ocrx_word' id='word_1_451' title='bbox 1464 2064 1546 2098; x_wconf 88' lang='lat' dir='ltr'>filius</span> <span class='ocrx_word' id='word_1_452' title='bbox 1567 2063 1743 2101; x_wconf 83' lang='lat' dir='ltr'>Amandus,</span> <span class='ocrx_word' id='word_1_453' title='bbox 1767 2074 1837 2096; x_wconf 89' lang='lat' dir='ltr'>cum</span> <span class='ocrx_word' id='word_1_454' title='bbox 1857 2074 1930 2096; x_wconf 92' lang='lat' dir='ltr'>con-</span> 
     </span>
     <span class='ocr_line' id='line_1_97' title="bbox 1185 2110 1932 2161; baseline -0.008 -11"><span class='ocrx_word' id='word_1_455' title='bbox 1185 2128 1292 2159; x_wconf 82' lang='lat' dir='ltr'>sensu,</span> <span class='ocrx_word' id='word_1_456' title='bbox 1314 2125 1344 2150; x_wconf 86' lang='lat' dir='ltr'>ct</span> <span class='ocrx_word' id='word_1_457' title='bbox 1368 2114 1516 2161; x_wconf 85' lang='lat' dir='ltr'>petitione</span> <span class='ocrx_word' id='word_1_458' title='bbox 1531 2112 1680 2147; x_wconf 85' lang='lat' dir='ltr'>carissimi</span> <span class='ocrx_word' id='word_1_459' title='bbox 1705 2112 1757 2145; x_wconf 86' lang='lat' dir='ltr'>lilii</span> <span class='ocrx_word' id='word_1_460' title='bbox 1774 2111 1871 2145; x_wconf 87' lang='lat' dir='ltr'>nostri</span> <span class='ocrx_word' id='word_1_461' title='bbox 1887 2110 1932 2144; x_wconf 87' lang='lat' dir='ltr'>di·</span> 
     </span>
     <span class='ocr_line' id='line_1_98' title="bbox 1187 2159 1930 2207; baseline -0.007 -8"><span class='ocrx_word' id='word_1_462' title='bbox 1187 2177 1240 2199; x_wconf 84' lang='lat' dir='ltr'>vae</span> <span class='ocrx_word' id='word_1_463' title='bbox 1259 2163 1427 2199; x_wconf 87' lang='lat' dir='ltr'>memoriae</span> <span class='ocrx_word' id='word_1_464' title='bbox 1437 2162 1606 2207; x_wconf 82' lang='lat' dir='ltr'>Dagoberti</span> <span class='ocrx_word' id='word_1_465' title='bbox 1622 2161 1816 2196; x_wconf 90' lang='lat' dir='ltr'>Francorum</span> <span class='ocrx_word' id='word_1_466' title='bbox 1835 2159 1930 2206; x_wconf 80' lang='lat' dir='ltr'>regis,</span> 
     </span>
     <span class='ocr_line' id='line_1_99' title="bbox 1187 2210 1932 2258; baseline -0.007 -10"><span class='ocrx_word' id='word_1_467' title='bbox 1187 2214 1250 2248; x_wconf 77' lang='lat' dir='ltr'>sire</span> <span class='ocrx_word' id='word_1_468' title='bbox 1273 2213 1327 2247; x_wconf 80' lang='lat' dir='ltr'>filii</span> <span class='ocrx_word' id='word_1_469' title='bbox 1342 2213 1410 2247; x_wconf 86' lang='lat' dir='ltr'>eius</span> <span class='ocrx_word' id='word_1_470' title='bbox 1431 2211 1588 2257; x_wconf 83' lang='lat' dir='ltr'>Sigeberti</span> <span class='ocrx_word' id='word_1_471' title='bbox 1612 2210 1809 2258; x_wconf 76' lang='lat' dir='ltr'>privilegium</span> <span class='ocrx_word' id='word_1_472' title='bbox 1827 2217 1932 2243; x_wconf 88' lang='lat' dir='ltr'>aucto-</span> 
     </span>
     <span class='ocr_line' id='line_1_100' title="bbox 1190 2259 1931 2307; baseline -0.008 -9"><span class='ocrx_word' id='word_1_473' title='bbox 1190 2263 1287 2297; x_wconf 87' lang='lat' dir='ltr'>ritatis</span> <span class='ocrx_word' id='word_1_474' title='bbox 1313 2269 1437 2297; x_wconf 89' lang='lat' dir='ltr'>nostrae</span> <span class='ocrx_word' id='word_1_475' title='bbox 1464 2259 1682 2307; x_wconf 83' lang='lat' dir='ltr'>expetieritde</span> <span class='ocrx_word' id='word_1_476' title='bbox 1703 2259 1840 2306; x_wconf 89' lang='lat' dir='ltr'>quodam</span> <span class='ocrx_word' id='word_1_477' title='bbox 1865 2270 1931 2293; x_wconf 90' lang='lat' dir='ltr'>coe-</span> 
     </span>
     <span class='ocr_line' id='line_1_101' title="bbox 1189 2307 1931 2358; baseline -0.008 -11"><span class='ocrx_word' id='word_1_478' title='bbox 1189 2312 1307 2356; x_wconf 79' lang='lat' dir='ltr'>nobio,</span> <span class='ocrx_word' id='word_1_479' title='bbox 1337 2310 1420 2358; x_wconf 89' lang='lat' dir='ltr'>quod</span> <span class='ocrx_word' id='word_1_480' title='bbox 1450 2310 1516 2357; x_wconf 90' lang='lat' dir='ltr'>ipse</span> <span class='ocrx_word' id='word_1_481' title='bbox 1551 2309 1741 2344; x_wconf 87' lang='lat' dir='ltr'>deliminatis</span> <span class='ocrx_word' id='word_1_482' title='bbox 1767 2307 1931 2354; x_wconf 77' lang='lat' dir='ltr'>gentilium</span> 
     </span>
     <span class='ocr_line' id='line_1_102' title="bbox 1189 2356 1934 2409; baseline -0.008 -13"><span class='ocrx_word' id='word_1_483' title='bbox 1189 2360 1348 2409; x_wconf 86' lang='lat' dir='ltr'>spurcitiis</span> <span class='ocrx_word' id='word_1_484' title='bbox 1375 2359 1472 2394; x_wconf 87' lang='lat' dir='ltr'>fundo</span> <span class='ocrx_word' id='word_1_485' title='bbox 1501 2367 1591 2394; x_wconf 88' lang='lat' dir='ltr'>tenus</span> <span class='ocrx_word' id='word_1_486' title='bbox 1617 2358 1790 2393; x_wconf 83' lang='lat' dir='ltr'>extruxisse</span> <span class='ocrx_word' id='word_1_487' title='bbox 1817 2356 1934 2403; x_wconf 87' lang='lat' dir='ltr'>digno-</span> 
     </span>
     <span class='ocr_line' id='line_1_103' title="bbox 1190 2405 1933 2451; baseline -0.008 -6"><span class='ocrx_word' id='word_1_488' title='bbox 1190 2411 1309 2451; x_wconf 88' lang='lat' dir='ltr'>scitur,</span> <span class='ocrx_word' id='word_1_489' title='bbox 1344 2409 1393 2444; x_wconf 91' lang='lat' dir='ltr'>cui</span> <span class='ocrx_word' id='word_1_490' title='bbox 1428 2420 1543 2443; x_wconf 91' lang='lat' dir='ltr'>nomen</span> <span class='ocrx_word' id='word_1_491' title='bbox 1577 2407 1782 2443; x_wconf 79' lang='lat' dir='ltr'>Blanditiium</span> <span class='ocrx_word' id='word_1_492' title='bbox 1809 2405 1933 2446; x_wconf 88' lang='lat' dir='ltr'>indidit,</span> 
     </span>
     <span class='ocr_line' id='line_1_104' title="bbox 1190 2457 1934 2508; baseline -0.008 -13"><span class='ocrx_word' id='word_1_493' title='bbox 1190 2459 1337 2508; x_wconf 90' lang='lat' dir='ltr'>quodque</span> <span class='ocrx_word' id='word_1_494' title='bbox 1365 2458 1457 2493; x_wconf 90' lang='lat' dir='ltr'>etiam</span> <span class='ocrx_word' id='word_1_495' title='bbox 1490 2457 1528 2492; x_wconf 89' lang='lat' dir='ltr'>ab</span> <span class='ocrx_word' id='word_1_496' title='bbox 1551 2457 1618 2504; x_wconf 88' lang='lat' dir='ltr'>ipso</span> <span class='ocrx_word' id='word_1_497' title='bbox 1644 2463 1862 2492; x_wconf 89' lang='lat' dir='ltr'>consecratum</span> <span class='ocrx_word' id='word_1_498' title='bbox 1886 2462 1934 2489; x_wconf 89' lang='lat' dir='ltr'>est</span> 
     </span>
     <span class='ocr_line' id='line_1_105' title="bbox 1191 2504 1935 2554; baseline -0.009 -10"><span class='ocrx_word' id='word_1_499' title='bbox 1191 2510 1222 2544; x_wconf 91' lang='lat' dir='ltr'>in</span> <span class='ocrx_word' id='word_1_500' title='bbox 1234 2509 1352 2543; x_wconf 90' lang='lat' dir='ltr'>honore</span> <span class='ocrx_word' id='word_1_501' title='bbox 1367 2507 1538 2542; x_wconf 87' lang='lat' dir='ltr'>beatissimi</span> <span class='ocrx_word' id='word_1_502' title='bbox 1558 2506 1769 2554; x_wconf 88' lang='lat' dir='ltr'>apostolorum</span> <span class='ocrx_word' id='word_1_503' title='bbox 1785 2504 1935 2551; x_wconf 87' lang='lat' dir='ltr'>principis</span> 
     </span>
     <span class='ocr_line' id='line_1_106' title="bbox 1191 2554 1934 2603; baseline -0.009 -10"><span class='ocrx_word' id='word_1_504' title='bbox 1191 2559 1293 2599; x_wconf 89' lang='lat' dir='ltr'>Petri,</span> <span class='ocrx_word' id='word_1_505' title='bbox 1321 2557 1522 2603; x_wconf 87' lang='lat' dir='ltr'>doctorisque</span> <span class='ocrx_word' id='word_1_506' title='bbox 1543 2556 1683 2602; x_wconf 85' lang='lat' dir='ltr'>gentium</span> <span class='ocrx_word' id='word_1_507' title='bbox 1711 2554 1817 2595; x_wconf 84' lang='lat' dir='ltr'>Pauti;</span> <span class='ocrx_word' id='word_1_508' title='bbox 1839 2554 1934 2588; x_wconf 89' lang='lat' dir='ltr'>situm</span> 
     </span>
     <span class='ocr_line' id='line_1_107' title="bbox 1192 2602 1935 2650; baseline -0.008 -8"><span class='ocrx_word' id='word_1_509' title='bbox 1192 2608 1271 2642; x_wconf 87' lang='lat' dir='ltr'>inter</span> <span class='ocrx_word' id='word_1_510' title='bbox 1292 2606 1459 2641; x_wconf 86' lang='lat' dir='ltr'>decursum</span> <span class='ocrx_word' id='word_1_511' title='bbox 1475 2607 1606 2640; x_wconf 80' lang='lat' dir='ltr'>(luorum</span> <span class='ocrx_word' id='word_1_512' title='bbox 1626 2603 1791 2638; x_wconf 86' lang='lat' dir='ltr'>fluminum</span> <span class='ocrx_word' id='word_1_513' title='bbox 1813 2602 1935 2650; x_wconf 81' lang='lat' dir='ltr'>Scaldis</span> 
     </span>
    </p>
   </div>
   <div class='ocr_carea' id='block_1_20' title="bbox 1191 2672 1935 2748">
    <p class='ocr_par' dir='ltr' id='par_1_20' title="bbox 1191 2672 1935 2748">
     <span class='ocr_line' id='line_1_108' title="bbox 1226 2672 1935 2713; baseline -0.007 -9"><span class='ocrx_word' id='word_1_514' title='bbox 1226 2677 1265 2713; x_wconf 85' lang='lat' dir='ltr'>(t)</span> <span class='ocrx_word' id='word_1_515' title='bbox 1281 2678 1346 2712; x_wconf 80' lang='lat' dir='ltr'>Lege</span> <span class='ocrx_word' id='word_1_516' title='bbox 1366 2685 1404 2702; x_wconf 82' lang='lat' dir='ltr'>ix.</span> <span class='ocrx_word' id='word_1_517' title='bbox 1443 2676 1491 2712; x_wconf 46' lang='grc' dir='ltr'>(ἢ</span> <span class='ocrx_word' id='word_1_518' title='bbox 1504 2676 1576 2703; x_wconf 68' lang='lat' dir='ltr'>Adde</span> <span class='ocrx_word' id='word_1_519' title='bbox 1592 2677 1722 2702; x_wconf 70' lang='lat' dir='ltr'>kalendas.</span> <span class='ocrx_word' id='word_1_520' title='bbox 1762 2673 1800 2710; x_wconf 83' lang='lat'>(5)</span> <span class='ocrx_word' id='word_1_521' title='bbox 1817 2673 1856 2700; x_wconf 79' lang='lat' dir='ltr'>Ex</span> <span class='ocrx_word' id='word_1_522' title='bbox 1875 2672 1935 2702; x_wconf 82' lang='lat' dir='ltr'>Rol-</span> 
     </span>
     <span class='ocr_line' id='line_1_109' title="bbox 1191 2712 1538 2748; baseline -0.009 -7"><span class='ocrx_word' id='word_1_523' title='bbox 1191 2713 1278 2747; x_wconf 80' lang='lat' dir='ltr'>lando,</span> <span class='ocrx_word' id='word_1_524' title='bbox 1295 2712 1351 2740; x_wconf 87' lang='lat' dir='ltr'>loco</span> <span class='ocrx_word' id='word_1_525' title='bbox 1370 2712 1460 2744; x_wconf 75' lang='lat' dir='ltr'>citato,</span> <span class='ocrx_word' id='word_1_526' title='bbox 1479 2714 1495 2748; x_wconf 62' lang='lat'>{3</span> <span class='ocrx_word' id='word_1_527' title='bbox 1512 2719 1538 2738; x_wconf 88' lang='lat' dir='ltr'>v.</span> 
     </span>
    </p>
   </div>
   <div class='ocr_carea' id='block_1_21' title="bbox 1955 311 2136 340">
    <p class='ocr_par' dir='ltr' id='par_1_21' title="bbox 1955 311 2136 340">
     <span class='ocr_line' id='line_1_110' title="bbox 1955 311 2136 340; baseline 0.006 -2"><span class='ocrx_word' id='word_1_528' title='bbox 1955 311 2007 340; x_wconf 83' lang='lat' dir='ltr'>An.</span> <span class='ocrx_word' id='word_1_529' title='bbox 2030 311 2058 340; x_wconf 90' lang='lat' dir='ltr'>C.</span> <span class='ocrx_word' id='word_1_530' title='bbox 2084 311 2136 339; x_wconf 75' lang='lat'>653</span> 
     </span>
    </p>
   </div>
   <div class='ocr_carea' id='block_1_22' title="bbox 1953 430 2137 525">
    <p class='ocr_par' dir='ltr' id='par_1_22' title="bbox 1953 430 2137 525">
     <span class='ocr_line' id='line_1_111' title="bbox 1982 430 2101 452; baseline -0.008 0"><span class='ocrx_word' id='word_1_531' title='bbox 1982 430 2101 452; x_wconf 73' lang='lat' dir='ltr'>Anathema</span> 
     </span>
     <span class='ocr_line' id='line_1_112' title="bbox 1954 466 2137 489; baseline -0.005 0"><span class='ocrx_word' id='word_1_532' title='bbox 1954 472 2030 489; x_wconf 73' lang='lat' dir='ltr'>contra</span> <span class='ocrx_word' id='word_1_533' title='bbox 2074 466 2137 489; x_wconf 87' lang='lat' dir='ltr'>inob-</span> 
     </span>
     <span class='ocr_line' id='line_1_113' title="bbox 1953 506 2074 525; baseline 0.008 -1"><span class='ocrx_word' id='word_1_534' title='bbox 1953 506 2074 525; x_wconf 74' lang='lat' dir='ltr'>servantes.</span> 
     </span>
    </p>
   </div>
   <div class='ocr_carea' id='block_1_23' title="bbox 1994 1675 2111 1698">
    <p class='ocr_par' dir='ltr' id='par_1_23' title="bbox 1994 1675 2111 1698">
     <span class='ocr_line' id='line_1_114' title="bbox 1994 1675 2111 1698; baseline 0 0"><span class='ocrx_word' id='word_1_535' title='bbox 1994 1675 2111 1698; x_wconf 84' lang='lat' dir='ltr'>Exordium</span> 
     </span>
    </p>
   </div>
   <div class='ocr_carea' id='block_1_24' title="bbox 1958 2094 2146 2298">
    <p class='ocr_par' dir='ltr' id='par_1_24' title="bbox 1960 2094 2143 2152">
     <span class='ocr_line' id='line_1_115' title="bbox 1984 2094 2143 2116; baseline 0.006 -1"><span class='ocrx_word' id='word_1_536' title='bbox 1984 2094 2143 2116; x_wconf 67' lang='lat' dir='ltr'>monasterinm</span> 
     </span>
     <span class='ocr_line' id='line_1_116' title="bbox 1960 2130 2143 2152; baseline -0.005 0"><span class='ocrx_word' id='word_1_537' title='bbox 1960 2130 2114 2152; x_wconf 69' lang='lat' dir='ltr'>Blanditiis-nse</span> <span class='ocrx_word' id='word_1_538' title='bbox 2132 2138 2143 2151; x_wconf 82' lang='lat' dir='ltr'>a</span> 
     </span>
    </p>

    <p class='ocr_par' dir='ltr' id='par_1_25' title="bbox 1958 2166 2146 2298">
     <span class='ocr_line' id='line_1_117' title="bbox 1988 2166 2104 2195; baseline 0 -7"><span class='ocrx_word' id='word_1_539' title='bbox 1988 2166 2104 2195; x_wconf 51' lang='lat' dir='ltr'>Sigeia-rto</span> 
     </span>
     <span class='ocr_line' id='line_1_118' title="bbox 1958 2203 2146 2225; baseline -0.005 0"><span class='ocrx_word' id='word_1_540' title='bbox 1958 2203 2093 2225; x_wconf 81' lang='lat' dir='ltr'>Francorum</span> <span class='ocrx_word' id='word_1_541' title='bbox 2112 2209 2146 2224; x_wconf 81' lang='lat' dir='ltr'>re-</span> 
     </span>
     <span class='ocr_line' id='line_1_119' title="bbox 1958 2239 2145 2268; baseline 0 -8"><span class='ocrx_word' id='word_1_542' title='bbox 1958 2246 1984 2268; x_wconf 77' lang='lat' dir='ltr'>ge</span> <span class='ocrx_word' id='word_1_543' title='bbox 2001 2239 2145 2263; x_wconf 80' lang='lat' dir='ltr'>coustitutum</span> 
     </span>
     <span class='ocr_line' id='line_1_120' title="bbox 1958 2274 2104 2298; baseline 0 0"><span class='ocrx_word' id='word_1_544' title='bbox 1958 2278 1980 2298; x_wconf 80' lang='lat' dir='ltr'>et</span> <span class='ocrx_word' id='word_1_545' title='bbox 1996 2274 2104 2298; x_wconf 83' lang='lat' dir='ltr'>dicatum.</span> 
     </span>
    </p>
   </div>
  </div>
 </body>
</html>
