2237 3127
160 322 210 347 An.
236 322 262 347 tl.
290 321 337 348 531

157 404 214 429 Qwo
252 405 341 433 propria

178 439 318 461 humanitatis

157 471 236 500 fflrristi

157 513 208 536 riti(⁷

181 544 212 564 alix

287 475 338 495 sue-

243 517 340 539 qllflflsluss

221 546 309 573 tsi-tatis,

172 580 322 609 explanantur.

157 1022 209 1034 ======

229 987 233 999 l
285 986 340 1006 [ΜΤ-

261 1013 341 1035 Christi

190 1057 212 1069 η(
233 1055 253 1070 el
266 1049 339 1070 humo.

423 310 492 349 ΜΟ

369 376 401 411 in
424 387 518 411 cruce
537 374 670 422 positus,
699 378 730 406 et
751 369 831 405 coeli
858 381 954 416 regua
975 369 1122 416 largitus;

369 426 412 460 ita
433 432 558 459 nostrae
579 420 771 456 infirmitatis
797 419 968 466 particepS,
996 426 1030 452 ut
1053 430 1124 465 pos-

368 474 408 509 sit
431 471 580 513 interimi,
607 471 648 505 ita
681 468 840 515 ingenitae
867 468 1026 514 potentiae
1053 467 1124 502 Do-

369 523 486 562 minus,
507 531 546 555 ne
568 519 668 566 possit
696 525 796 552 morte
822 516 978 556 consumi,
1014 516 1123 563 sepul-

369 579 418 605 tus
436 578 483 604 est
505 570 589 603 iuxta
612 567 655 609 id,
677 566 763 613 quod
785 566 882 601 homo
903 565 1001 600 voluit
1023 565 1121 606 nasci,

367 627 397 654 et
423 619 508 653 iuxta
526 617 557 652 id
579 615 663 664 quod
688 615 772 650 Patri
794 623 860 650 erat
876 613 1000 658 similis,
1016 626 1123 648 resur-

368 667 459 708 rexit,
482 666 607 714 patiens
620 664 798 705 vulnerum,
813 671 845 698 et
866 663 1002 698 salvator
1016 675 1123 708 aegro-

369 728 459 756 rum,
486 727 570 750 unus
607 714 851 757 defunctorum,
886 720 917 746 et
950 711 1122 746 vivificator

368 764 572 804 obeuntium,
594 763 633 798 ad
660 762 783 797 inferna
810 760 1020 801 descendens,
1047 767 1078 795 et
1104 773 1121 796 a

367 813 471 847 Patris
492 812 615 859 gremio
637 823 701 847 non
725 810 887 850 recedens,
907 809 991 844 unde
1013 817 1044 844 et
1059 809 1122 844 ani-

369 874 464 906 mam,
487 874 582 908 quam
605 873 662 908 pro
688 860 849 894 communi
874 858 1055 893 conditione
1069 870 1122 904 po-

367 911 441 950 suit,
467 923 523 957 pro
544 910 696 956 singulari
731 909 854 947 virtute,
876 917 907 941 et
941 907 1120 942 admirabili

369 957 619 1006 patientia‘mox
642 958 825 1004 resumpsit.
853 956 940 990 Haec
967 956 1007 990 ita
1038 968 1119 999 esse,

368 1021 427 1043 nec
449 1008 543 1043 ullam
558 1007 788 1043 dubitationem
802 1013 949 1052 oportere
965 1005 1117 1051 recipere,

368 1057 452 1092 idem
474 1057 630 1092 Dominus
652 1064 758 1090 noster
779 1054 867 1089 lesus
894 1053 1059 1093 Christus,
1081 1065 1120 1088 ne

369 1106 452 1141 {nter
478 1106 621 1153 corporis
649 1105 812 1151 passiones
842 1103 930 1137 Deus
957 1114 1019 1136 non
1050 1114 1120 1137 esse

368 1154 562 1198 crederetur,
608 1161 661 1188 aut
699 1165 738 1187 ne
768 1152 855 1186 Deus
895 1158 1016 1185 tantum
1055 1163 1119 1185 non

369 1204 464 1238 etiam
486 1203 594 1246 homo,
616 1203 697 1236 inter
718 1212 811 1247 opera
839 1199 1029 1233 mirabilium
1052 1207 1121 1233 stu-

368 1252 473 1298 penda
508 1252 659 1286 virtutum
695 1249 856 1296 proposito
893 1259 952 1282 nos
982 1247 1118 1282 duorum

367 1301 582 1348 apostolorum
605 1298 784 1333 informavit
816 1296 974 1343 exemplo,
1016 1296 1119 1330 Deum

368 1361 438 1384 esse
468 1349 631 1384 Christum
659 1348 832 1382 Dominum
868 1354 1012 1380 nostrum
1034 1345 1118 1379 Petri

370 1398 449 1439 fide;
471 1398 635 1433 hominem
663 1397 804 1431 Tliomae
831 1394 1028 1429 dubitatione
1063 1394 1120 1428 de-

368 1447 527 1482 clarantis.
550 1446 635 1488 Quid
663 1446 745 1480 enini
775 1445 935 1483 intererat,
970 1450 1004 1477 ut
1025 1455 1118 1489 quem

368 1508 402 1530 se
423 1496 568 1531 homines
589 1495 742 1533 dicerent,
765 1492 940 1538 discipulos
962 1504 1036 1525 suos
1054 1491 1120 1525 vel-

367 1545 411 1579 let
432 1545 609 1591 inquerere,
643 1543 701 1577 nisi
724 1550 759 1576 ut
780 1540 990 1587 respondente
1013 1539 1118 1574 Petro:

367 1593 417 1628 Tu
443 1605 477 1628 es
503 1593 650 1628 Christus
676 1591 758 1625 silius
780 1590 837 1624 Dei
866 1589 985 1631 vivite&
1010 1597 1118 1623 notum

368 1642 495 1683 faceret,
522 1642 582 1677 hoc
616 1653 677 1675 uon
708 1640 746 1674 de
782 1650 893 1676 carne,
914 1645 945 1671 et
965 1638 1119 1683 sanguine

369 1691 541 1738 proditum,
567 1690 622 1724 sed
650 1689 746 1723 Patre
778 1687 845 1721 Deo
870 1686 1042 1731 inspirante
1069 1698 1119 1720 re-

368 1739 516 1778 velatum,
539 1747 568 1773 et
591 1750 646 1784 per
669 1736 882 1771 testimonium
911 1734 1052 1768 laudatae
1075 1746 1121 1769 re-

367 1788 547 1834 sponsionis
573 1787 651 1821 fides
679 1786 850 1832 patefactae
878 1784 966 1817 fieret
1001 1783 1120 1817 verita—

367 1837 417 1871 tis.
457 1836 540 1878 Quid
577 1836 740 1874 intererat,
782 1842 814 1868 ut
846 1838 1017 1878 apparente
1049 1840 1119 1878 post

367 1885 635 1920 resurrectionem
662 1883 811 1921 Domino,
844 1881 984 1915 Thomas
1012 1888 1118 1915 tamen

367 1942 419 1968 aut
441 1934 553 1969 deesse
574 1933 718 1972 caeteris,
740 1939 795 1966 aut
827 1930 914 1964 solus
941 1929 1118 1975 ambigere,

367 1983 427 2017 nisi
457 1991 488 2018 ut
511 1981 650 2016 mundus
668 1980 825 2018 crederet,
847 1978 930 2025 quod
955 1978 1120 2024 ambigens

369 2031 548 2077 discipulus
580 2030 796 2076 explorasset,
837 2037 870 2061 ut
914 2027 991 2061 dum
1025 2027 1120 2062 unius

369 2080 518 2114 manibus
539 2092 573 2114 se
600 2086 759 2126 pateretur
782 2076 879 2122 tangi,
901 2075 941 2110 ad
968 2075 1120 2110 universi-

367 2136 461 2163 tatem
481 2128 633 2167 fidelium,
656 2127 731 2173 quid
754 2133 848 2169 esset,
868 2125 967 2171 possit
988 2125 1117 2170 agnosci

369 2179 419 2221 (b).
441 2177 510 2212 Non
531 2189 604 2222 ergo
627 2173 910 2222 adimplorandum
927 2173 1119 2218 discipulum

368 2226 551 2272 interposita
578 2232 625 2259 est
646 2224 812 2267 dubitatio,
835 2222 890 2257 sed
906 2222 1045 2268 quaesita
1061 2234 1121 2268 po-

367 2274 516 2309 steritatis
542 2273 716 2307 instructio.
735 2272 784 2306 An
808 2284 846 2306 ne
874 2271 961 2305 aliud
983 2278 1117 2317 spectat,

369 2322 456 2369 quod
495 2334 528 2357 se
564 2321 648 2355 idem
674 2321 832 2355 Dominus
865 2319 1026 2366 Cleophae
1048 2331 1120 2354 cum

369 2372 428 2406 alio
450 2370 617 2417 discipulo,
641 2382 712 2404 cum
740 2369 779 2403 ad
807 2369 926 2403 Emaus
955 2367 1122 2402 tendentes

369 2420 408 2454 de
429 2431 462 2454 se
477 2420 693 2466 loquerentur,
710 2418 857 2452 inseruit:
880 2425 909 2451 et
928 2428 1119 2463 quamquam

369 2468 408 2502 de
446 2468 676 2503 resurreetione
710 2466 837 2501 Domini
873 2478 928 2512 per
960 2465 1121 2509 mulieres,

369 2529 449 2563 quae
473 2517 590 2563 primae
625 2516 663 2550 ad
692 2522 936 2549 monumentum
958 2525 1121 2549 convene-

370 2574 449 2606 rant,
476 2566 677 2611 agnovissent
704 2567 756 2607 (c);
785 2571 888 2598 tamen
921 2570 955 2597 ut
976 2564 1039 2608 ‘per
1064 2573 1122 2597 eo-

369 2626 437 2648 rum
462 2613 693 2648 dubitationem
721 2612 810 2646 daret
833 2611 983 2646 credendi
1008 2610 1121 2646 suturis

403 2673 444 2709 (ιι)
463 2673 556 2702 attiuh.
577 2673 616 2700 te.
656 2673 695 2708 (b)
711 2673 783 2700 loan.
800 2672 844 2700 20.
882 2672 920 2708 (c)
935 2672 999 2699 Luc.
1017 2671 1062 2699 27¹.

964 316 1152 340 mmmmm!
1180 316 1271 339 ROMA
1277 317 1346 340 Ntm

1164 369 1300 405 saeculis
1325 369 1517 410 firmitatem,
1540 369 1694 417 incipiens
1716 381 1731 404 a
1750 369 1869 417 Moyse,
1886 378 1914 404 et

1163 423 1312 458 omnihus
1334 423 1496 471 prophetis
1525 422 1705 470 oportuisse
1728 423 1791 470 pati
1814 422 1915 457 Chri-

1163 483 1260 521 stum,
1281 484 1312 511 et
1334 478 1375 512 ita
1396 477 1514 511 intrare
1536 476 1567 511 in
1591 476 1724 522 gloriam
1750 487 1853 516 suam,
1870 476 1914 509 in-

1163 536 1355 577 terpretatus
1391 530 1547 570 ostendit,
1585 537 1616 564 et
1651 541 1706 576 per
1732 528 1912 575 passionem

1163 582 1333 618 humanam
1355 592 1498 618 naturam
1520 591 1551 618 et
1571 583 1709 618 divinam
1731 582 1764 616 in
1785 593 1823 617 eo
1846 594 1915 616 esse

1162 647 1220 682 per
1241 637 1386 683 gloriam.
1414 636 1646 684 Multiplicibus
1686 636 1764 671 haec
1790 643 1916 670 sancta-

1163 701 1232 724 rum
1259 690 1487 737 scripturarum
1514 690 1722 725 testificantur
1744 689 1913 736 exemplis:

1162 754 1221 777 nee
1241 744 1328 790 apud
1358 744 1537 789 religiosam
1564 742 1789 778 conscientiam
1817 749 1914 782 tuam,

1162 797 1349 832 venerabilis
1382 798 1577 844 imperator,
1615 804 1775 842 tamquam
1809 795 1915 841 ignota

1162 848 1322 885 dicuntur.
1344 851 1440 885 Fides
1461 851 1547 886 enim
1561 850 1641 897 ipsa,
1657 861 1738 896 quae
1759 860 1776 883 a
1792 855 1820 888 te
1835 860 1915 883 con—

1162 913 1281 941 stanter
1302 905 1465 949 asseritur,
1487 904 1549 939 sibi
1576 903 1679 938 reddit
1706 902 1767 937 hoc
1799 913 1914 936 mune-

1162 960 1216 1001 ris,
1240 967 1274 993 ut
1299 958 1446 993 sensibus
1467 957 1541 996 tuis,
1565 965 1596 992 et
1617 957 1762 991 affectum
1786 955 1835 990 sui
1862 955 1913 989 in-

1161 1020 1256 1054 serat,
1278 1019 1309 1047 et
1341 1011 1505 1046 scientiam
1529 1022 1586 1058 per
1611 1022 1707 1057 quam
1729 1009 1916 1055 diligentius

1161 1072 1329 1105 asseratur,
1365 1063 1529 1098 infundat:
1556 1070 1587 1098 et
1621 1070 1743 1097 tantum
1784 1062 1916 1097 interest

1162 1118 1409 1165 dispensationis
1428 1117 1506 1151 mihi
1528 1116 1678 1161 creditae,
1705 1123 1739 1150 ut
1761 1127 1818 1162 ego
1835 1127 1916 1162 quo-

1162 1183 1224 1218 que
1247 1171 1293 1205 vel
1319 1170 1403 1217 apud
1426 1170 1562 1205 scientes
1583 1176 1690 1204 notam
1705 1180 1767 1203 nou
1781 1176 1914 1208 taceam,

1162 1231 1196 1258 ut
1221 1223 1412 1258 succedente
1438 1222 1496 1257 sibi
1521 1234 1577 1269 per
1607 1222 1692 1256 vices
1718 1229 1915 1268 temporum,

1161 1277 1389 1312 catholicorum
1405 1275 1638 1324 praedicatione
1648 1287 1814 1319 sensuum,
1829 1274 1915 1321 quod

1162 1330 1381 1365 indeficienter
1402 1330 1563 1370 asseritur,
1577 1328 1645 1363 sine
1672 1328 1735 1363 line
1757 1327 1914 1363 credatur.

1162 1384 1270 1418 Latius
1298 1384 1387 1422 haec,
1409 1395 1490 1430 quae
1513 1382 1552 1417 ad
1573 1382 1744 1420 Deitatem,
1760 1381 1917 1416 humani-

1162 1445 1322 1484 tatemque
1342 1437 1472 1471 Domini
1489 1436 1586 1471 nostri
1609 1435 1681 1470 Iesu
1703 1434 1821 1470 Christi
1837 1446 1913 1482 per-

1161 1491 1272 1531 tinent,
1300 1498 1331 1524 et
1358 1490 1389 1524 in
1411 1502 1450 1525 eo
1477 1490 1582 1524 unitas
1608 1489 1687 1524 duas
1714 1488 1783 1523 sine
1804 1487 1915 1523 confu-

1161 1545 1251 1579 sione
1273 1551 1412 1588 naturas,
1440 1543 1538 1591 potui,
1573 1542 1750 1578 secundum
1774 1549 1914 1576 veterum

1160 1597 1288 1632 delinita
1310 1597 1476 1640 disserere,
1500 1596 1526 1630 si
1560 1596 1728 1631 adversum
1767 1605 1833 1635 eos,
1860 1593 1914 1640 qui

1161 1651 1210 1685 his
1231 1650 1423 1685 dissentiunt
1449 1649 1692 1697 disputandum:
1716 1647 1771 1683 sed
1793 1658 1866 1682 cum
1883 1647 1915 1681 in

1161 1705 1308 1739 manibus
1329 1704 1472 1738 omnium
1493 1704 1566 1748 sint,
1594 1710 1625 1738 et
1651 1701 1801 1749 synodica
1829 1712 1914 1735 con—

1160 1758 1280 1802 stituta,
1302 1766 1332 1792 et
1368 1757 1450 1792 beati
1477 1769 1577 1804 papae
1603 1756 1723 1791 Leonis
1754 1753 1914 1800 dogmata,

1162 1811 1381 1858 perstrinxisse
1405 1811 1510 1857 potius
1525 1821 1637 1857 pauca,
1659 1819 1753 1856 quam
1769 1806 1915 1842 evolvere

1161 1864 1278 1899 credidi
1293 1863 1532 1905 convenientius
1545 1862 1702 1897 universa.
1724 1861 1820 1896 Hunc
1840 1871 1914 1895 vero

1160 1929 1331 1964 agnoscere
1353 1917 1428 1951 satis
1449 1924 1508 1960 est,
1523 1923 1553 1950 et
1574 1926 1684 1950 cavere
1705 1914 1745 1949 ita
1769 1912 1914 1961 proprie-

1162 1978 1267 2012 tatem,
1293 1978 1325 2005 et
1343 1969 1512 2005 essentiam
1539 1966 1738 2014 cogitandam
1765 1973 1800 2000 ut
1830 1964 1914 2000 scia-

1161 2032 1221 2068 tur,
1248 2023 1322 2071 quid
1364 2034 1540 2070 personae,
1568 2021 1645 2068 quid
1680 2032 1738 2055 uos
1770 2026 1913 2066 oporteat

1161 2078 1283 2113 deferre
1304 2075 1510 2116 substantiae,
1539 2085 1620 2121 quae
1646 2073 1700 2120 qui
1728 2072 1914 2107 indecenter

1161 2132 1317 2178 ignorant,
1344 2137 1397 2164 aut
1431 2127 1541 2163 callida
1578 2127 1738 2173 impietate
1768 2124 1915 2160 dissimu-

1161 2184 1238 2225 lant,
1265 2183 1341 2218 dum
1374 2181 1542 2224 omittunt,
1577 2179 1654 2226 quid
1679 2178 1720 2213 sit
1747 2177 1913 2226 proprium

1162 2237 1247 2279 Filii,
1270 2237 1369 2271 trinae
1395 2234 1529 2270 tendunt
1548 2233 1676 2268 insidias
1703 2232 1830 2267 unitati:
1857 2234 1913 2269 sed

1161 2291 1188 2326 si
1209 2302 1289 2338 quae
1312 2288 1471 2336 praedicta
1492 2295 1584 2331 sunt,
1606 2286 1716 2321 validis
1746 2293 1915 2322 teneantur

1163 2344 1222 2379 lixa
1249 2342 1420 2383 radicibus,
1447 2353 1507 2376 nec
1537 2353 1555 2376 a
1589 2348 1720 2388 paterna
1746 2340 1916 2376 traditione

1164 2397 1332 2437 receditur,
1348 2403 1378 2431 et
1399 2402 1581 2430 constanter
1601 2394 1841 2441 quaestionibus
1855 2393 1915 2429 ob-

1163 2451 1274 2486 viatur.
1300 2449 1380 2484 Data
1402 2460 1450 2483 vu
1488 2448 1550 2482 lial.
1580 2447 1700 2495 aprilis,
1722 2446 1848 2482 Valerio
1874 2446 1914 2482 V.

1162 2503 1201 2539 C.
1221 2515 1286 2539 cos.

1241 2568 1304 2599 Dat.
1321 2566 1369 2598 die
1385 2566 1425 2597 25
1440 2565 1537 2596 martii
1553 2574 1629 2595 anno
1640 2564 1756 2596 Domini
1767 2563 1836 2604 521,

1408 2618 1513 2659 pontis.
1531 2627 1607 2649 aimo
1624 2626 1671 2648 vu.

1943 316 1983 341 An
2022 315 2048 342 C.
2077 315 2123 341 5⁶2¹

1943 853 2017 873 Sermo
2036 852 2061 873 ad
2081 852 2126 872 ini-

1944 896 1951 916 1,
1960 892 2078 909 oratorem.
