2237 3127
209 317 262 345 An.
285 317 313 345 C.
340 318 354 345 ἴ

211 487 241 508 lle
269 485 280 506 d
294 486 337 507 tini
361 486 392 507 iu-

227 530 261 542 ιι-ιι
284 531 300 542 ,ιι
312 522 394 550 quitata

242 567 252 578 n
286 558 393 579 όιῖὓιῐση

210 532 222 615 =..=·

225 523 237 614 cz·

481 314 550 350 156
1019 322 1099 345 nou
1105 322 1209 344 inum
1235 321 1400 345 Romanu

428 380 563 416 libenter
575 391 610 414 ea
625 388 762 425 quoque,
776 388 856 423 quae
871 385 1058 423 sequuntur,
1072 376 1179 410 adiuu-

427 442 521 477 gens:
555 428 602 462 Ne
638 426 834 461 obliviscaris
867 438 975 460 vocem
1021 437 1178 472 quaeren-

427 480 505 513 tium
528 485 575 512 te:
592 476 748 523 Superbia
765 488 887 514 eor,um
910 475 964 522 qui
986 482 1015 509 te
1031 475 1177 519 oder,unt

425 527 575 563 ascendat
595 538 722 572 semper
744 525 782 560 ad
811 534 850 560 te.
874 524 954 559 Nam
982 525 1063 559 sicut
1089 537 1178 579 opor

425 585 468 611 tet
495 588 553 610 nos
585 575 785 610 stabilitatem
821 574 894 608 fidei
920 573 1103 614 custodire,
1137 574 1177 608 ita

424 637 487 660 non
510 625 658 660 convenit
690 624 730 659 de
761 623 858 658 divini
886 623 994 658 iudicii
1021 623 1178 670 aequitate

424 674 578 709 diffidere.
600 673 672 708 Non
695 685 796 708 novus
817 673 881 713 hic,
904 672 1027 716 fratres,
1063 673 1178 708 Eccle-

423 725 488 758 siae
515 723 627 764 labor,
663 732 693 758 et
727 732 829 757 tamen
862 722 938 757 dum
969 722 1176 764 humiliatur,

423 773 565 819 erigitur,
587 784 623 807 ac
645 784 700 819 per
721 784 769 816 ea,
787 771 903 819 quibus
922 771 1010 806 alteri
1026 771 1176 813 creditur,

423 823 537 857 damna
559 822 706 856 vitantur.
728 821 778 855 Ex
799 834 857 856 usu
881 829 925 855 est
946 820 1092 855 fidelibus
1105 821 1176 863 Dei,

422 880 457 907 ut
481 884 538 919 per
559 879 677 906 mortes
699 883 867 917 corporum
902 870 981 905 titas
1015 870 1177 905 lucrentur

422 921 615 956 animarum:
635 920 793 955 Amittunt
815 919 944 967 quidem
967 919 1097 965 caduca,
1120 920 1175 955 sed

421 978 585 1005 merentur
631 978 768 1005 aeterna.
814 970 855 1004 Et
890 969 965 1003 dum
998 970 1176 1017 persecutio

422 1020 504 1054 viam
526 1019 599 1054 facit
620 1019 813 1067 probationi,
840 1019 982 1066 probatio
1017 1031 1111 1054 causa
1138 1020 1177 1054 sit

422 1069 548 1114 meriti,
576 1076 606 1104 et
639 1068 698 1104 sub
733 1068 882 1103 caecitate
915 1068 1090 1103 saevientes
1118 1081 1177 1103 ne—

421 1119 538 1162 sciunt,
561 1118 634 1165 quia
656 1129 737 1164 quos
759 1118 989 1152 conversationi
1006 1118 1174 1152 hominnm

422 1168 610 1202 subtrahere
628 1179 661 1201 se
676 1179 769 1214 posse
785 1167 929 1210 credunt,
949 1166 987 1201 ad
1004 1166 1059 1201 Dei
1080 1180 1175 1213 regna

422 1217 613 1264 perducunt.
636 1216 720 1250 Hinc
742 1216 772 1250 in
789 1216 866 1263 ipsis
881 1216 1032 1262 periculis
1048 1217 1175 1261 gaudia,

421 1274 452 1301 et
470 1266 607 1301 ambitus
629 1265 828 1312 passionum:
848 1273 991 1312 expectat
1004 1267 1087 1299 enim
1106 1278 1177 1312 ago-

421 1328 479 1350 nes
500 1327 644 1356 snorum,
667 1315 720 1362 qui
744 1327 929 1361 magnorum
943 1315 1114 1349 retributor
1128 1323 1175 1349 est

422 1376 603 1399 munerum.
618 1364 697 1398 Nam
711 1365 782 1411 quis
795 1377 857 1398 non
868 1364 1065 1410 frangeretur
1074 1364 1174 1404 malis,

425 1414 488 1448 nisi
521 1414 738 1448 consolaretur
775 1413 904 1448 adversa
937 1414 976 1447 de
1012 1414 1174 1461 praemiis.

380 1463 505 1510 Spes
527 1463 578 1497 illa
601 1471 659 1504 est,
681 1475 761 1510 quae
784 1475 845 1497 non
875 1463 951 1497 sinit
973 1463 1002 1496 in
1026 1463 1176 1510 despera-

423 1513 508 1547 tione
531 1512 683 1552 deficere;
711 1512 848 1546 excludit
871 1511 1027 1558 siquidem
1060 1513 1177 1548 amari-

424 1562 569 1596 tudinem
596 1561 834 1596 tribulationum
866 1561 948 1595 dulci
971 1574 1083 1608 sapore
1114 1563 1177 1596 vir—

422 1619 539 1646 tutum.
562 1610 643 1652 Quis
665 1612 748 1645 enim
768 1611 871 1657 magni
896 1610 1007 1645 habeat
1032 1624 1176 1658 praescn-

423 1661 464 1695 tia
500 1660 604 1695 sciens
639 1661 805 1695 aestimare
840 1662 991 1694 ventura?
1022 1661 1102 1702 Quis
1128 1661 1177 1695 di-

423 1710 554 1757 spendia
582 1710 662 1744 vitae
689 1717 831 1753 renovat,
859 1711 884 1743 si
911 1722 991 1756 quae
1018 1718 1093 1744 sunt
1127 1722 1178 1744 re-

297 1778 338 1790 ..η-
363 1771 385 1790 ³-
423 1758 581 1805 eipienda,
604 1759 807 1793 considerat?
833 1758 996 1793 Persistite
1023 1759 1175 1793 carissimi

334 1814 395 1857 '‘js'‘
424 1809 500 1842 mihi
518 1835 527 1852 ,
554 1815 584 1842 et
611 1808 831 1843 inconcussam
868 1807 960 1842 fidem
989 1809 1049 1843 sixa
1080 1809 1175 1843 animi

424 1858 540 1892 virtute
562 1865 732 1897 servantes,
768 1858 1018 1905 perseverantiae
1040 1858 1176 1899 laudem,

424 1907 455 1941 in
479 1919 540 1954 qua
563 1914 610 1941 est
631 1907 727 1947 salus,
759 1915 789 1941 et
823 1907 979 1942 bonorum
1011 1886 1176 1942 hominuni

424 1956 540 2003 palma,
563 1957 764 2003 praesumite.
790 1957 903 2003 Magna
925 1964 1010 1997 sunt,
1033 1957 1071 1991 ad
1095 1969 1176 2004 quae

426 2017 575 2040 vocamur
601 2006 738 2052 indigni3
755 2018 817 2041 non
840 2006 976 2041 retardet
999 2006 1176 2047 infirmitas,

425 2056 498 2102 quia
522 2055 576 2102 qui
601 2064 701 2095 vocat,
720 2056 888 2090 retributor
910 2056 1022 2096 fidelis,
1044 2064 1074 2090 et
1089 2056 1177 2091 sortis

425 2104 550 2138 adiutor
567 2112 625 2139 est.
649 2104 718 2139 Non
748 2117 971 2152 prosperorum
1000 2117 1055 2152 spe
1089 2105 1177 2140 deci-

425 2153 563 2200 piamur,
591 2161 643 2188 aut
665 2154 822 2188 mollium:
847 2167 905 2189 nee
928 2154 1026 2189 facilia
1062 2167 1178 2202 propo-

428 2215 557 2237 namus:
583 2215 644 2237 non
670 2203 811 2238 delitiosa
835 2204 926 2238 nobis
947 2204 1105 2239 Dominus
1123 2217 1178 2239 no-

425 2259 500 2295 ster,
524 2264 586 2286 non
610 2260 656 2287 est
688 2252 802 2287 blanda
829 2253 999 2300 pollicitus;
1027 2254 1176 2300 praemia,

427 2301 571 2348 promisit
594 2301 658 2341 ille,
681 2314 743 2336 non
771 2302 850 2336 ocia.
884 2302 983 2337 Laudi
1017 2304 1176 2348 convenit,

425 2358 456 2384 et
482 2350 598 2397 quieti,
633 2351 686 2398 qui
715 2351 802 2386 locus
829 2351 887 2385 erit
920 2353 1176 2398 remunerationi,

425 2400 450 2435 si
472 2399 557 2434 nulla
584 2407 630 2434 est
653 2412 726 2434 cura
749 2401 892 2435 xiitutis‘?
916 2401 1058 2447 Angusta
1077 2411 1177 2448 porta,

424 2449 481 2483 sed
504 2461 599 2494 regna
621 2449 752 2484 diffusa:
770 2450 880 2497 paucis
901 2450 1016 2491 aditus,
1037 2451 1090 2485 sed
1108 2463 1178 2506 pro-

427 2499 518 2533 batis.
541 2497 653 2533 Nonne
675 2499 752 2533 haec
779 2507 851 2533 sunt
877 2499 917 2533 ad
951 2511 1005 2534 cos
1038 2501 1176 2555 praem-ia

425 2547 518 2582 verba
547 2560 628 2595 quos
654 2547 786 2582 docuit?
816 2548 1055 2595 Persequentur
1081 2557 1111 2583 et
1145 2550 1175 2584 in

429 2597 590 2643 sinagogis
612 2597 797 2643 flagitabunt
815 2610 887 2632 tos:
910 2610 967 2645 per
995 2599 1176 2645 patientiam

425 2645 506 2679 sient
525 2646 676 2692 scriptum
699 2655 768 2689 est,
804 2647 1023 2693 possideamus
1056 2649 1177 2683 animas

426 2703 559 2737 nostras,
578 2707 618 2730 ne
631 2708 684 2731 eas
701 2709 755 2743 per
771 2697 998 2746 impatientiam
1013 2697 1176 2734 doleamus

1994 297 2046 325 An.
2073 296 2101 325 C.
2126 296 2178 325 5¹8

1221 375 1352 410 amissas
1374 379 1405 420 (α
1406 379 1428 420 ).
1450 375 1577 410 Primus
1599 388 1725 411 erucem
1744 376 1901 414 Dominus
1919 391 1974 414 no·
1995 372 2116 430 J‘J'ss
2118 380 2177 429 ΜΗ...

1219 432 1295 470 ster,
1309 433 1340 460 et
1355 425 1522 472 patientiae
1538 426 1637 472 ipsius
1652 426 1799 472 magister
1817 428 1970 473 ascendit,
2041 420 2056 430 '⁵
2034 426 2100 468 ..,,,’,,
2123 417 2176 477 μιν

1219 486 1276 508 suo
1299 474 1524 510 informaturus
1539 475 1694 522 exemplO,
1709 488 1789 522 quos
1803 484 1868 511 erat
1883 477 1972 512 adiu
1996 491 2030 504 ⁵·
2047 487 2087 504 *Α

1220 531 1310 558 turus
1336 524 1461 559 auxilio.
1492 524 1562 571 Ipse
1587 525 1667 559 inter
1688 525 1818 559 virtutes
1845 526 1967 561 lancem

1220 573 1345 614 retinet,
1373 581 1403 608 et
1428 573 1564 618 labores,
1597 581 1683 608 stans
1711 582 1819 609 contra
1851 587 1970 611 venena

1220 622 1405 667 furentium,
1427 631 1460 657 ut
1474 622 1650 658 secundum
1667 623 1898 670 perstcutionis
1912 625 1973 660 iras

1220 671 1271 706 ille
1293 672 1412 706 aeterni
1435 672 1555 719 imperii
1571 672 1622 707 det
1637 685 1780 707 coronas.
1797 673 1971 718 Ηειοίιῑιυ,
1996 701 2012 722 ¹
2014 700 2062 722 m,

1218 733 1297 767 quas
1306 721 1569 757 Machabaeorum
1587 730 1690 756 esitus
1699 730 1874 769 pertinaces
1883 731 1971 758 vetus
1995 736 2042 759 ta·
2031 745 2053 758 ι.

1219 770 1348 805 historia
1374 770 1484 805 laudes
1511 771 1736 818 prosequitur,
1763 784 1825 819 quo
1851 771 1970 813 Iudas,

1218 827 1248 854 et
1270 819 1321 854 illa
1349 832 1496 867 suprema
1522 820 1661 855 fidelium
1695 821 1831 867 phalanx
1860 823 1969 856 mortis

1219 869 1337 904 honore
1364 869 1526 904 reseratur.
1549 869 1584 904 In
1607 878 1726 916 quanto
1753 882 1806 905 ore
1833 871 1872 905 sit
1893 883 1971 906 con-

1217 925 1302 953 stans
1327 919 1466 966 populus
1488 919 1520 953 in
1544 927 1651 953 monte
1681 929 1913 967 consumptus,
1940 928 1969 955 et

1218 967 1275 1002 hae
1298 980 1409 1003 omnes
1439 981 1493 1015 pro
1515 968 1721 1003 custodienda
1744 969 1811 1014 lege
1847 970 1970 1004 virtutis

1217 1017 1351 1064 species,
1366 1027 1395 1052 et
1409 1017 1522 1052 umbra
1537 1017 1712 1052 futurorum
1730 1025 1813 1052 tanta
1825 1020 1968 1066 exempla

1218 1076 1411 1101 meruerunt.
1435 1066 1499 1101 Nos
1522 1067 1552 1101 in
1577 1067 1723 1101 Patribus
1737 1067 1885 1109 vidimus,
1903 1068 1969 1115 pal-

1219 1116 1374 1162 parimns,
1403 1116 1618 1163 probavimus,
1657 1129 1752 1163 quem
1784 1129 1967 1164 sequamur.

1216 1165 1300 1206 Quid
1325 1178 1385 1200 non
1415 1165 1621 1200 deserendum
1645 1175 1692 1200 est
1714 1167 1784 1211 rei,
1812 1166 1886 1213 quid
1911 1166 1968 1201 dc-

1218 1215 1395 1260 negandum
1420 1222 1465 1248 est
1491 1215 1621 1251 veritati.
1644 1215 1719 1262 quid
1744 1229 1805 1250 non
1825 1215 1967 1250 debitum

1216 1263 1608 1310 Redemptori‘?Libenter
1629 1265 1866 1299 comunicamus
1888 1264 1970 1311 dog-

1218 1321 1297 1346 mata
1322 1313 1378 1347 ista
1406 1312 1580 1347 vobiscum.
1605 1312 1691 1348 Dicit
1723 1314 1808 1349 enim
1842 1315 1970 1361 sapien-

1218 1362 1359 1397 tissimus
1383 1361 1551 1396 Salomon:
1580 1362 1707 1403 Beatus,
1735 1365 1787 1410 qui
1813 1363 1972 1411 praedicat

1218 1411 1346 1446 terbum
1372 1412 1403 1445 in
1419 1423 1525 1446 aurem
1549 1411 1743 1447 obedientis:
1761 1412 1910 1460 gaudium
1924 1421 1969 1448 est

1217 1461 1374 1507 siquidem
1398 1461 1538 1495 volentes
1559 1461 1688 1508 alloqui,
1723 1470 1755 1497 et
1761 1440 1825 1497 vad
1853 1470 1968 1497 rectam

1219 1510 1296 1544 viam
1315 1522 1368 1544 eos
1378 1510 1454 1557 ,qui
1478 1523 1540 1544 non
1556 1510 1761 1553 reluctentur,
1785 1511 1902 1546 hortari
1917 1513 1965 1556 (b)

1216 1559 1376 1594 Tenemus
1399 1560 1482 1594 enim
1506 1559 1647 1594 obsidem
1671 1560 1743 1595 fidei
1759 1568 1892 1601 vestrae,
1909 1561 1968 1596 sub

1217 1608 1376 1643 literarum
1399 1608 1594 1656 professione
1612 1610 1831 1652 constantiam,
1846 1622 1907 1657 qna
1919 1623 1969 1657 ag-

1217 1670 1397 1703 gressorum
1436 1658 1623 1704 contagione
1651 1659 1744 1694 dirisi
1775 1659 1813 1694 ad
1842 1668 1970 1706 aposto-

1218 1707 1294 1742 lieae
1317 1707 1402 1742 sedis
1429 1707 1595 1753 dogmata,
1619 1717 1649 1743 et
1671 1709 1816 1743 mandata
1839 1709 1970 1744 recurri-

1219 1769 1300 1801 mus,
1323 1769 1393 1791 sero
1416 1757 1542 1803 quidem
1566 1757 1647 1792 viam
1666 1758 1803 1793 veritatis
1821 1758 1966 1804 ingressi.

1217 1806 1279 1840 Sed
1308 1806 1492 1840 benedictus
1520 1806 1617 1851 Deus,
1644 1807 1696 1854 qui
1724 1820 1787 1842 non
1818 1808 1848 1841 in
1856 1786 1967 1843 ἰ’Ῐίιιθιιι

1218 1855 1423 1895 obliviscitur
1446 1856 1498 1902 qui
1526 1856 1668 1911 corripit,
1691 1865 1720 1891 et
1740 1857 1895 1897 medetur,
1914 1870 1972 1892 nec

1218 1905 1368 1939 continue
1394 1905 1499 1951 gregis
1517 1918 1564 1940 sui
1588 1919 1661 1941 oxes
1684 1907 1799 1953 patitur
1821 1906 1972 1941 insidian-

1219 1954 1294 1988 tium
1318 1954 1465 2001 luporum
1488 1955 1657 2001 rapacitate
1673 1956 1823 2003 discerpi,
1845 1956 1898 2003 qui
1918 1969 1971 2003 pcr

1218 2003 1431 2038 distinctionis
1453 2005 1690 2051 temperantiam
1707 2033 1714 2046 ,
1743 2017 1801 2040 nec
1832 2006 1971 2040 coertio-

1219 2065 1290 2087 nem
1314 2065 1444 2087 suorum
1476 2054 1619 2100 negligit,
1648 2066 1706 2089 nec
1732 2054 1877 2089 salutem.
1907 2055 1971 2090 Sed

1218 2102 1294 2149 quid
1322 2102 1437 2136 mirum
1472 2103 1497 2136 si
1525 2115 1599 2137 oves
1621 2103 1729 2138 relicto
1756 2103 1809 2138 illo
1831 2116 1906 2145 uno,
1941 2113 1971 2139 et

1219 2164 1291 2186 vero
1314 2159 1437 2198 pastore
1460 2151 1631 2199 dispersaS,
1653 2152 1796 2194 callidus,
1810 2162 1971 2195 cruentus,

1219 2208 1249 2235 et
1274 2213 1369 2248 rapax
1403 2200 1538 2235 turbarit
1570 2202 1713 2237 insidiis?
1740 2202 1802 2244 Qui
1842 2203 1971 2238 tutelam

1218 2262 1306 2285 suam
1334 2250 1501 2295 deserunt,
1527 2250 1585 2298 ipsi
1609 2264 1642 2286 sc
1666 2252 1827 2298 periculis,
1854 2252 1972 2299 quibus

1219 2300 1398 2339 lanientur,
1427 2308 1601 2346 exponunt.
1636 2301 1722 2347 Ergo
1749 2313 1834 2335 nunc
1855 2302 1967 2336 saltem

1219 2349 1330 2384 solidis
1354 2349 1500 2395 passibus
1523 2350 1551 2383 in
1568 2350 1649 2384 riam
1666 2350 1808 2392 Patrum,
1823 2351 1861 2385 ad
1876 2363 1970 2398 qnam

1219 2398 1407 2439 recurristis,
1431 2398 1581 2433 insistite:
1605 2407 1719 2446 potens
1750 2400 1810 2434 crit
1835 2401 1972 2436 »miseri-

1218 2448 1324 2482 cordia
1348 2447 1421 2491 Dei,
1444 2448 1573 2482 aliorum
1597 2461 1724 2496 qnoque
1741 2450 1970 2485 correctionem

1218 2497 1356 2532 mercedi
1385 2506 1525 2537 vestrae,
1553 2498 1577 2532 si
1613 2510 1628 2532 a
1661 2498 1748 2533 vobis
1781 2498 1821 2533 ad
1848 2509 1969 2534 rectum

1219 2546 1427 2590 deducantur,
1450 2547 1641 2582 adscribere.
1664 2547 1726 2582 Sed
1751 2548 1896 2582 intotum
1915 2561 1972 2584 vos

1218 2608 1233 2630 a
1267 2608 1379 2634 coeno,
1409 2596 1627 2643 quoimmersi
1651 2596 1797 2631 haeretici
1812 2605 1970 2640 tenentur,

1219 2645 1341 2680 avellite
1369 2655 1398 2680 et
1425 2646 1622 2680 excutientes
1650 2646 1881 2680 immunditiam
1906 2647 1971 2696 pul-

1253 2711 1292 2747 (η)
1310 2711 1404 2738 ,ιι-ιιιιιι.
1426 2712 1466 2738 ιο.
1507 2711 1545 2747 (ο)
1563 2711 1692 2739 tuorem.
1713 2712 1757 2739 25.
1779 2711 1820 2738 ιι).

2094 701 2181 722 ὶ”ιυῦε-
