2237 3127
43 291 93 323 An.
110 293 139 321 C.
157 294 227 323 10119

36 1001 123 1024 Prnoem
127 1002 146 1024 iu
150 1010 178 1024 nii

36 1414 95 1436 Bona
108 1414 182 1435 omnia
194 1413 221 1435 ad

30 1448 58 1472 ad
75 1448 220 1472 Cluniacense

44 1486 206 1507 monastestum

60 1522 184 1552 spectantia

38 1556 206 1583 confirmantur.

47 2094 208 2118 Confirmantur

31 2138 118 2161 quoque
141 2132 216 2162 privi-

32 2167 89 2197 legia
143 2169 216 2190 omnia

31 2202 154 2233 pontificia.

61 2293 194 2316 Omnimoaa

31 2332 128 2352 monast.
148 2329 216 2352 liber-

31 2367 65 2386 tas
81 2363 107 2388 ab
135 2364 216 2387 eccle-

31 2400 120 2422 siastiea
182 2400 217 2422 vel

31 2436 107 2459 laicali
156 2440 217 2467 pote-

31 2476 96 2495 state.

30 2588 121 2612 Abbatis
133 2589 216 2612 electio

31 2631 72 2654 pei·
97 2625 216 2648 monachos

31 2660 141 2691 faciendu3

911 311 938 334 S.
964 311 1027 335 LEO
1054 311 1091 334 tx
1118 311 1168 336 PP.

294 363 372 394 rium
391 368 420 394 et
446 364 640 394 eeclesiarum
663 364 945 395 consecrationibus
971 382 1011 387 --

295 403 490 434 cluniacense
506 406 717 435 monasterium
734 406 790 434 iuri
805 409 914 435 tantum
929 405 1008 435 sedis

295 449 387 482 apost.
411 444 576 474 subiectum
606 445 782 475 declaratur.
805 463 845 467 —
872 445 950 474 Idem
973 445 1008 474 de

295 485 454 514 chrismate
478 494 529 523 per
546 485 757 524 quemlihuerit
774 485 943 524 episcopum
963 494 1009 514 re-

295 524 441 563 cipiendo.
470 542 510 546 —
541 525 700 554 Anathema
735 530 830 554 contra
864 534 934 559 cos,
957 525 1007 564 qui

294 564 467 594 huiusmodi
485 566 700 604 praerogativas
722 565 830 594 violare
847 565 906 594 ullo
922 565 1006 594 modo

294 605 480 634 tentaverint.

253 669 302 698 Leo
322 670 461 706 episcopus
485 676 579 698 servus
603 676 740 698 servorum
756 670 810 703 Dei,
829 670 1004 698 dilectissimo

298 715 327 742 in
355 715 462 743 Christo
484 714 539 742 filio
567 714 669 749 Hugoni
697 715 789 743 abbati
820 715 1003 743 cluniacensis

298 759 458 788 monasterii
473 759 562 787 nostri
584 759 612 786 in
629 759 756 787 honorem
772 760 912 787 beatorum
940 767 1002 795 apo·

297 804 429 833 stolorum
448 804 520 832 Petri
539 805 567 831 et
585 804 659 832 Pauli
677 803 795 837 fundati,
815 805 923 840 tuisque
943 812 1001 832 suc·

296 849 447 877 cessoribus
484 848 627 877 abbatibus
655 850 816 884 perpetuam
842 849 870 876 in
895 849 1002 877 Domino

296 894 423 922 salutem.

300 955 456 992 Convenit
492 956 665 1003 apostolico
700 955 905 990 moderamini
951 957 999 1002 pia

251 1005 402 1052 religione
415 1005 607 1053 pollentibus
621 1005 762 1039 benivola
780 1006 1000 1051 compassione

250 1068 434 1091 succurrere
455 1063 485 1090 et
519 1055 689 1102 petentium
725 1055 887 1089 desideriis
920 1068 1000 1089 con-

250 1117 362 1152 gruum
386 1105 538 1152 impertiri
553 1104 755 1150 suffraginum
780 1117 817 1138 ex
835 1104 894 1139 hoc
914 1106 997 1139 enim

250 1155 329 1191 lucri
357 1155 554 1202 potissimum
583 1155 756 1202 praemium
794 1166 809 1187 a
837 1155 999 1189 conditore

249 1205 391 1240 omnium
419 1204 498 1245 Deo,
521 1205 551 1238 in
579 1204 717 1251 sydereis
739 1203 862 1238 arcibus
877 1216 999 1250 prome-

249 1254 401 1298 rebimur7
417 1254 442 1289 si
457 1253 643 1288 venerabilia
660 1254 725 1288 loca
740 1261 844 1287 nostro
856 1261 997 1300 tempore

249 1313 301 1339 aut
328 1304 365 1338 ad
389 1304 550 1338 meliorem
567 1303 681 1337 fuerint
700 1310 812 1336 statum
837 1303 997 1349 perducta,

248 1361 313 1398 aut,
335 1366 374 1388 ne
402 1365 538 1400 unquam
557 1354 587 1386 in
604 1353 708 1399 aliquo
722 1353 998 1396 niiiiuaiitui‘,c‹)1·—

248 1403 403 1438 roborata.
439 1402 640 1449 Quapropter
679 1403 817 1436 inclinati
851 1404 996 1448 precibus

248 1453 323 1493 tuis,
350 1452 552 1487 dilectissime
575 1452 627 1486 tili,
651 1452 707 1497 ipsi
732 1452 920 1485 monasterio
939 1465 996 1486 no-

247 1509 312 1537 stro
334 1501 548 1541 Cluniacensi‚
571 1501 622 1535 cui
642 1501 995 1548 Deoauctoreprteesse

246 1551 372 1592 videris,
400 1563 455 1598 per
478 1551 536 1584 hoc
563 1559 686 1585 nostrae
719 1551 908 1597 apostolicae
939 1565 996 1585 au-

247 1600 404 1636 thoritatis
441 1600 653 1647 privilegium,
691 1601 771 1633 sicut
797 1608 827 1634 et
853 1600 994 1635 fecerunt

245 1650 419 1697 privilegiis
445 1650 511 1684 suis
532 1658 745 1684 antecessores
782 1651 890 1694 nostri,
917 1664 995 1684 con—

245 1699 409 1734 firmamus
442 1707 536 1746 atque
570 1699 811 1733 corroboramus
844 1701 992 1747 quicquid

245 1761 351 1783 rerum
373 1757 403 1783 et
424 1748 605 1783 facultatum
632 1748 726 1782 modo
743 1749 878 1782 habetet
896 1762 993 1797 nsque

246 1798 277 1833 in
301 1807 488 1846 perpetuum
517 1806 563 1832 est
587 1798 784 1831 habiturum:
810 1811 848 1832 ne
874 1799 912 1833 ab
935 1800 995 1833 ali—

246 1860 306 1895 qua
333 1847 469 1882 humana
506 1848 678 1881 temeritate
709 1847 824 1893 aliquid
854 1861 992 1895 uuquam

246 1896 362 1932 exinde
390 1896 567 1937 mutiletur3
594 1897 647 1931 sed
677 1897 707 1930 in
735 1909 789 1931 sua
817 1897 994 1943 integritate

245 1947 351 1981 omnia
393 1946 590 1980 custodiente
628 1946 694 1980 Deo
726 1956 927 1992 permaneant
963 1949 993 1982 iu

245 2008 341 2030 usum
364 2003 393 2030 et
416 1995 561 2029 salarium
593 1996 720 2029 fratrum
757 1996 872 2030 ibidem
909 2010 994 2032 nuuc

245 2045 448 2079 servientium
472 2053 501 2079 et
526 2057 580 2091 per
608 2045 731 2079 saecula
754 2046 992 2081 serviturtuum.

244 2093 280 2128 In
308 2107 367 2142 qua
391 2095 577 2141 apostolicae
601 2095 785 2129 munitionis
803 2096 933 2131 tuitione
949 2097 995 2131 lo-

244 2155 315 2178 cum
344 2145 438 2178 etiam
462 2145 564 2190 ipsum
592 2147 731 2191 antiqua,
765 2154 794 2179 et
816 2158 871 2192 per
899 2159 994 2192 prae—

246 2193 434 2228 decessores
461 2202 583 2228 nostros
608 2194 634 2228 ei
674 2207 822 2229 concessa
855 2195 994 2230 libertate

245 2242 414 2287 donamus,
438 2255 498 2277 nou
524 2255 600 2277 nova
622 2242 783 2284 facientes
812 2244 867 2279 sed
891 2255 993 2280 vetera

245 2292 480 2327 confirmantes.
497 2292 544 2327 Ne
566 2293 683 2328 scilicet
701 2294 782 2328 ullus
800 2295 992 2336 mortalium,

246 2341 313 2375 sive
335 2342 374 2376 sit
407 2342 590 2389 imperator,
629 2343 694 2378 site
723 2356 786 2385 res,
828 2344 893 2379 sive
920 2346 993 2384 dux,

244 2402 300 2424 seu
323 2391 475 2432 marchio,
494 2391 543 2426 vel
570 2392 839 2440 archiepiscopus,
861 2394 909 2427 vel
932 2395 995 2441 epi-

245 2451 373 2487 scopus,
400 2449 453 2475 aut
480 2440 583 2488 aliqua
605 2441 664 2476 alia
688 2444 823 2477 humana
848 2452 994 2490 potestas,

244 2501 341 2536 super
363 2490 445 2525 idem
470 2490 679 2526 cluniacense
699 2493 923 2527 monasterium
938 2494 996 2528 ali-

245 2550 340 2586 quam
369 2540 398 2573 in
422 2540 528 2587 aliquo
543 2548 728 2588 potestatem
742 2554 888 2577 exercere
904 2555 995 2590 prae-

244 2597 357 2623 sumat.
380 2589 446 2623 Nec
468 2598 537 2636 post
559 2591 747 2625 solutionem
777 2592 822 2625 tui
854 2594 995 2639 corporis

245 2638 379 2685 aliquem
403 2638 445 2673 ibi
470 2640 637 2686 praeferre,
653 2649 683 2674 et
696 2640 841 2675 ordinare
864 2643 993 2677 audeat:

246 2687 302 2723 sed
325 2688 356 2722 in
383 2688 513 2723 arbitrio
539 2702 665 2738 semper
691 2699 720 2726 et
754 2691 905 2728 electione
932 2692 995 2728 sra-

1676 301 1750 333 583

1053 374 1134 400 trum
1161 366 1325 404 consistat,
1346 377 1579 414 quemcumque
1601 365 1640 400 de
1658 378 1713 401 sua
1733 378 1802 401 con·

1050 416 1229 462 gregatione
1251 416 1425 449 secundum
1462 416 1576 457 Deum,
1607 424 1637 450 et
1659 417 1799 461 regulam

1049 466 1147 499 sancti
1176 465 1338 499 Benedicti
1367 464 1425 498 sibi
1457 465 1611 511 praeferre
1641 474 1671 500 et
1697 466 1801 513 impo-

1050 527 1123 549 nere
1141 515 1284 549 abbatem
1305 515 1475 549 voluerint:
1491 515 1580 549 cuius
1606 518 1800 550 consecratio

1048 576 1110 598 non
1134 576 1149 598 a
1169 564 1337 598 constituto
1356 564 1518 610 episcopo,
1540 564 1595 598 sed
1615 577 1630 598 a
1645 565 1798 611 quolibet,

1048 614 1239 661 quicumque
1268 614 1324 660 ipsi
1359 614 1594 659 congregationi
1630 615 1798 661 placuerit,

1047 671 1222 707 expetatur,
1246 675 1306 696 non
1338 662 1441 709 aliquo
1466 664 1565 708 pretio
1601 664 1795 710 redimenda,

1046 713 1100 745 sed
1129 713 1223 757 gratis
1242 712 1435 758 accipienda.
1463 712 1556 754 Quod
1572 713 1665 747 etiam
1681 714 1719 748 de
1733 726 1796 749 om-

1046 760 1140 795 nibus
1162 762 1442 796 ecclesiasticorum
1459 762 1611 807 graduum
1629 763 1797 799 ordinatio-

1046 810 1148 853 nibus7
1170 818 1200 845 et
1222 811 1377 848 altarium,
1406 813 1471 845 sive
1493 812 1695 846 ecclesiarum
1718 825 1797 848 con-

1044 860 1493 907 secrationibuspraecipimus
1508 868 1537 896 et
1551 862 1793 897 confirmamus:

1045 916 1078 942 ut
1105 909 1193 943 liceat
1229 909 1315 943 vobis
1340 910 1520 956 westrisque
1546 912 1793 952 successoribus,

1042 971 1058 993 a
1087 970 1289 1005 quocumque
1326 971 1361 992 ea
1394 960 1495 993 velitis
1521 961 1671 1007 episeopo
1697 963 1794 1008 gratis

1042 1020 1223 1055 exposcere,
1246 1008 1414 1054 nullusque
1436 1009 1548 1043 audeat
1566 1010 1654 1045 vobis
1667 1019 1793 1046 contra-

1042 1058 1158 1092 dicere.
1181 1057 1283 1098 Quam
1308 1059 1549 1104 praemgzstiram
1573 1072 1588 1093 a
1606 1060 1793 1106 praedeces-

1041 1107 1166 1141 soribus
1188 1108 1304 1141 nostris
1323 1108 1512 1143 monasterio
1536 1118 1636 1143 vestro
1653 1122 1792 1145 conces-

1041 1170 1119 1201 sam,
1155 1165 1185 1190 et
1220 1169 1235 1190 a
1277 1156 1367 1191 nobis
1410 1158 1521 1192 merito
1561 1159 1787 1202 confirmatam,

1042 1207 1159 1241 idcirco
1182 1206 1283 1240 eidem
1307 1207 1505 1241 contribuere
1528 1208 1741 1249 decrevimus3
1758 1218 1791 1244 ut

1040 1256 1119 1291 sicut
1144 1256 1296 1290 hactenus
1315 1256 1372 1289 sub
1394 1257 1564 1302 apostolico
1586 1266 1706 1293 tantum
1722 1260 1789 1295 iure

1039 1313 1070 1339 et
1103 1306 1221 1340 ditione
1257 1306 1406 1344 constitit,
1441 1306 1480 1340 ita
1515 1307 1628 1341 amodo
1664 1320 1791 1355 semper

1039 1356 1200 1395 consistat7
1223 1367 1281 1389 uec
1308 1356 1457 1389 aliorsum
1493 1357 1653 1402 respciat:
1682 1359 1785 1404 quati-

1039 1417 1098 1439 nus
1117 1404 1176 1439 sub
1189 1405 1377 1450 apostolicae
1395 1404 1587 1440 detensionis
1603 1406 1787 1443 umbraculo

1038 1455 1187 1500 positum7
1203 1467 1328 1500 semper
1340 1463 1469 1491 crescat,
1484 1467 1610 1502 semper
1622 1465 1781 1502 augescat,

1039 1505 1155 1537 nullam
1183 1516 1348 1550 pravorum
1379 1504 1542 1538 homiuum
1573 1506 1784 1553 tyrannidem,

1040 1553 1156 1587 nullam
1196 1554 1362 1587 humanam
1399 1562 1584 1600 potestatem
1622 1564 1786 1597 metuens,

1038 1611 1070 1636 ut
1097 1602 1278 1649 quotidiana
1311 1602 1378 1637 Deo
1413 1603 1563 1650 obsequia
1600 1604 1723 1646 devote7
1754 1614 1786 1640 ut

1037 1653 1150 1696 solent7
1177 1661 1207 1686 et
1228 1653 1332 1699 quiete
1355 1652 1396 1686 ibi
1423 1662 1572 1697 agninum
1600 1666 1656 1688 nec
1679 1667 1786 1700 agen-

1038 1711 1083 1736 tes
1116 1702 1145 1736 in
1179 1701 1284 1748 aliquo
1319 1714 1373 1747 per
1405 1703 1541 1748 aliquem
1576 1703 1785 1746 solicitorum,

1037 1755 1252 1793 molestentur7
1269 1751 1493 1797 inquietentur.
1517 1752 1550 1786 In
1574 1764 1635 1799 qua
1656 1765 1784 1799 praero—

1036 1802 1134 1846 gaura
1168 1801 1259 1834 etiam
1294 1801 1472 1835 chrismatis
1506 1801 1602 1836 libera
1631 1803 1785 1848 receptio,

1035 1862 1051 1884 a
1079 1863 1206 1897 quoquo
1228 1850 1331 1884 velitis
1345 1852 1506 1897 episcopo,
1522 1852 1674 1886 consistit.
1696 1852 1785 1893 Quae

1036 1901 1152 1943 omnia,
1175 1900 1253 1933 sicut
1271 1901 1497 1946 praemisimus,
1513 1901 1781 1948 queamdmodum

1035 1961 1051 1983 a
1080 1950 1376 1996 praedecessoribus
1398 1950 1512 1984 nostris
1547 1951 1665 1985 sancita
1689 1964 1786 1998 repe-

1036 2000 1145 2039 nnius„
1174 1999 1213 2032 ita
1236 2011 1361 2045 quoque
1381 2012 1437 2033 nos
1459 2000 1597 2034 stabilire
1620 2009 1650 2035 et
1671 2001 1782 2035 contir-

1037 2061 1119 2082 mare
1159 2049 1364 2082 decrerimus.
1400 2050 1580 2084 statuentes
1614 2050 1784 2097 apostolica

1036 2110 1180 2138 censura,
1209 2097 1267 2131 sub
1300 2098 1397 2131 divini
1427 2099 1532 2133 iudicii
1564 2099 1783 2144 obtestatione,

1035 2156 1069 2181 ut
1085 2149 1167 2181 nulla
1184 2160 1322 2193 unquam
1340 2160 1451 2194 magna
1465 2161 1621 2195 parvaque
1637 2161 1783 2196 persona,

1035 2197 1187 2243 spirituali
1212 2197 1257 2230 iel
1280 2198 1432 2231 saeculari
1456 2198 1607 2244 dignitate
1629 2199 1783 2246 praedita⁷

1036 2247 1161 2280 omnive
1186 2246 1335 2291 dignitate
1359 2247 1489 2293 privata,
1511 2254 1619 2282 contra
1642 2249 1701 2283 hoc
1724 2261 1784 2283 no-

1036 2303 1117 2330 strae
1139 2296 1330 2342 apostolicae
1363 2296 1559 2331 authoritatis
1587 2298 1784 2344 privilegium

1036 2345 1152 2384 venire,
1175 2354 1226 2379 aut
1261 2346 1290 2379 in
1319 2358 1477 2393 quoquam
1509 2347 1584 2381 illud
1614 2347 1783 2393 infringere

1039 2402 1201 2441 pertentet.
1243 2394 1335 2436 Quod
1378 2396 1571 2442 quicumque
1611 2409 1690 2431 ausu
1735 2405 1786 2431 te-

1036 2444 1180 2484 merario,
1205 2445 1363 2491 impiaque
1392 2446 1649 2492 praesumptione
1675 2454 1785 2481 contra

1036 2493 1138 2528 Deum
1161 2501 1191 2527 et
1205 2503 1346 2528 sanctum
1370 2494 1512 2539 Petrum,
1533 2504 1705 2542 contraque
1716 2496 1786 2530 ani-

1037 2555 1118 2577 mam
1146 2555 1234 2577 suain
1250 2543 1369 2582 fecerit,
1394 2545 1423 2578 in
1445 2553 1519 2579 tunc
1546 2552 1665 2579 tantuin
1681 2557 1714 2579 se
1726 2557 1786 2579 no-

1037 2593 1114 2626 verit
1156 2601 1280 2627 nostrae
1322 2593 1513 2640 apostolicae
1556 2594 1787 2630 maledictionis

1037 2642 1145 2676 aculeo
1167 2651 1420 2689 tnuispunctum,
1449 2653 1572 2678 nostrae
1602 2657 1787 2679 excommu-

1038 2692 1205 2728 nicationis
1226 2693 1289 2728 telo
1325 2692 1526 2740 perfossum,
1561 2695 1658 2730 nostri
1692 2695 1787 2730 etiam

1830 301 1878 329 An.
1896 302 1925 329 C.
1944 303 2013 332 10109

1867 530 2012 553 Consecutio

1827 574 1879 588 vero
1892 574 1931 596 pei·
1953 567 2013 590 illum

1855 603 1997 634 episcopum,

1827 646 1892 668 quem
1910 640 2012 662 monachi

1827 673 1942 703 elegerint.

1827 731 1886 753 Idem
1927 732 2013 755 deere-

1826 770 1871 789 tum
1904 767 1931 790 de
1963 776 2013 791 mo<

1825 803 1946 826 nnchorum
1969 813 2012 827 oi·-

1836 838 1996 871 dinationibus,

1825 875 1927 898 altarium
1992 880 2013 899 et

1851 911 1996 935 ecclesiarum

1826 949 2011 971 consecrationi-

1824 981 1874 1005 bus.

1840 1099 1983 1123 Cluniaeense

1834 1137 1994 1159 monasterium

1840 1172 1881 1193 iuri
1910 1174 1994 1194 tantum

1824 1206 1888 1229 Sedis
1928 1208 2008 1237 Apost.

1825 1243 1946 1266 subiectum
1970 1244 2008 1266 de-

1825 1275 1929 1298 claratur.

1821 1757 1881 1779 Idem
1900 1757 1926 1779 de
1945 1758 2005 1780 cliri-

1821 1798 1891 1815 smate
1967 1801 2006 1822 per

1832 1829 1989 1859 quemlibuerit

1821 1867 1949 1896 episcop-im
1968 1874 2005 1888 re-

1822 1903 1933 1932 cip-tendo.

1848 2392 1968 2415 Anntliema

1817 2432 1893 2450 contra
1964 2437 2001 2451 eos

1816 2464 1852 2494 qui
1877 2465 2000 2488 huiusmodi

1823 2502 1990 2530 praerogativas

1815 2536 1898 2559 violare
1955 2537 2000 2560 ullo

1815 2571 1882 2595 modo
1920 2574 1999 2598 tontu-

1813 2610 1895 2634 verint.
