2237 3127
204 341 252 367 An.
276 342 302 367 C.
330 341 380 368 ΒΝ)

463 344 533 381 166

195 436 216 450 m
249 428 378 451 nummum
408 423 480 447 rum
501 407 573 451 Dei,
595 404 661 442 sive
683 400 872 444 abbatissae,
900 412 982 449 quae
1003 400 1035 435 in
1050 411 1167 455 supra—

200 463 337 486 conceditur.

411 459 530 506 scripto
552 455 646 491 suerit
666 452 859 489 monasterio
880 450 1050 486 constituta
1065 476 1075 488 ,
1097 461 1166 496 epi-

409 518 544 554 scopum
565 503 739 540 seeundum
761 501 820 537 Dei
842 502 990 536 timorem
1012 498 1166 534 sollicitu-

409 558 518 592 dinem
542 553 709 589 statuimus
731 550 900 591 adhibere;
924 557 958 584 ut
979 548 1005 583 si
1027 548 1163 595 aliquam

407 606 447 640 de
470 604 534 639 illic
555 600 772 638 habitantibus
794 599 938 646 exigente
960 597 1052 645 culpa
1074 608 1165 644 opor-

407 653 504 689 tuerit
525 651 637 687 ultioni
656 649 809 690 submitti,
824 649 890 695 ipse
903 648 985 683 iuxta
1000 658 1162 682 sacrorum

405 714 565 738 canonum
587 701 730 745 vigorem
753 698 856 733 modis
879 696 1028 732 omnibus
1050 694 1163 730 debeat

405 751 577 786 vindicare.
600 750 658 784 His
680 760 755 795 ergo
776 760 793 783 a
815 746 910 782 uobis
931 745 1054 781 statutis
1069 752 1162 792 atque

405 800 578 841 concessis,
607 799 649 833 ita
677 806 706 833 te
740 798 772 831 in
807 794 1063 843 congregationis
1089 802 1161 829 tuae

403 850 612 897 dispositione
634 846 726 882 stude
748 846 964 881 sollicitiorem
986 843 1110 879 enixius
1128 843 1160 877 in

402 899 552 934 omnibus
575 897 740 936 exhibere,
763 902 797 930 ut
824 894 923 941 iniqui
946 893 1046 928 bostis
1069 892 1161 927 mali-

403 949 447 983 tia
470 948 547 982 nibil
575 946 631 990 ibi,
655 945 741 993 quod
764 944 912 979 maculari
937 943 1049 990 possit,
1071 942 1160 977 inve-

403 998 479 1032 niat.
509 997 595 1031 Haec
618 995 712 1041 igitur
735 994 839 1029 omnia
866 1004 947 1039 quae
970 992 1064 1026 huius
1097 1003 1160 1038 pa-

403 1047 476 1093 gina
496 1043 726 1094 praeceptionis
737 1043 951 1090 amplectitur,
967 1041 1159 1075 monasterio

404 1108 462 1130 suo
486 1096 518 1130 in
541 1093 701 1137 omnibus,
724 1100 755 1127 et
782 1092 819 1126 ab
838 1091 985 1125 omnibus
1018 1090 1049 1123 in
1085 1101 1160 1136 per-

403 1152 537 1192 petuum
561 1142 690 1185 serrari,
711 1141 840 1175 Christo
863 1146 1058 1187 protegente,
1080 1150 1159 1173 cen-

403 1206 528 1228 semus:
560 1200 717 1238 quatenus
745 1189 939 1224 indultorum
976 1187 1159 1235 privilegio-

404 1255 473 1277 rum
498 1240 652 1276 benelicia
674 1240 705 1273 in
722 1251 777 1274 sua
799 1249 925 1284 semper
939 1236 1159 1271 inviolabiliter

405 1291 554 1325 firmitate
583 1295 799 1336 permaneant.
825 1287 936 1322 Mense
971 1285 1157 1327 novembri,

404 1339 579 1374 indictione
606 1351 663 1373 xv.

443 1395 505 1426 Dat.
524 1405 626 1425 mense
649 1393 816 1423 novembris
830 1402 905 1423 anno
923 1392 1040 1422 Domini
1066 1391 1133 1429 500,

564 1434 668 1475 pontif.
692 1434 826 1472 Gregorii
848 1442 924 1462 anno
946 1441 997 1463 v11.

761 1552 801 1587 X.

402 1626 587 1664 Menasterii
607 1626 813 1665 sublacensis,
839 1626 900 1659 sive
921 1625 1016 1658 Sacri
1042 1625 1156 1668 Specus

452 1678 543 1715 bona,
566 1683 592 1709 et
615 1677 686 1709 iura
707 1681 863 1709 emanet-al
877 1701 885 1713 ,
916 1681 942 1707 ee
969 1676 1155 1718 confirmat,

449 1737 487 1758 ac
509 1726 650 1769 reyulam
671 1736 690 1757 α
711 1732 814 1757 sancto
845 1723 1008 1756 Renede'clo
1033 1733 1156 1756 exara-

449 1780 513 1808 tam
535 1775 700 1818 approbat,
721 1780 748 1806 et
767 1773 945 1817 prematque
969 1773 1030 1815 (1).

667 1841 884 1872 SUMMARIUM

397 1904 567 1936 Exordium.
579 1904 733 1934 —Petitio
746 1903 862 1933 abbatis
877 1903 1026 1933 Honorati.
1037 1902 1156 1933 -Om-

435 1945 484 1974 nia
504 1944 684 1973 monasterio
708 1944 802 1973 eidem
820 1944 997 1982 pertinentia
1014 1944 1071 1982 ipsi
1084 1953 1156 1973 con-

434 1984 593 2020 ceduntur,
616 1988 644 2013 et
661 1984 883 2014 confirmantur.
910 1999 951 2005 —
975 1983 1092 2013 Nemini
1119 1984 1156 2012 li—

438 2028 503 2054 ceat
517 2023 546 2052 in
560 2024 603 2057 eis
623 2023 780 2053 aedificare
799 2024 863 2053 sine
882 2022 998 2052 abbatis
1014 2032 1152 2053 assensu.

435 2080 475 2086 —
489 2063 586 2093 Poena
608 2062 880 2100 transgressoribus
900 2063 1071 2093 inflicta.—
1082 2062 1155 2092 Con-

437 2103 571 2132 firmatur
584 2102 720 2132 abbatiae
735 2107 864 2131 castrum
881 2102 979 2141 ipsum
993 2101 1154 2132 Sublaeum

436 2151 504 2171 cum
523 2142 663 2171 omnibus
683 2142 930 2180 pertinentiis.—-
943 2141 1103 2179 Gregorius
1122 2141 1151 2172 S.

434 2180 587 2211 Benedicti
610 2182 698 2210 vitam
723 2182 851 2220 scripsit.
865 2198 906 2203 —
923 2180 1066 2219 Regulam
1083 2190 1152 2220 per-

434 2220 515 2258 legit.
531 2221 614 2250 —Et
632 2221 661 2250 in
685 2222 795 2260 synodo
822 2230 943 2250 romana
972 2221 1152 2259 approbavit.

432 2276 474 2282 --
490 2259 707 2289 Confirmantur
725 2261 800 2290 aliae
819 2261 993 2289 donationes
1007 2265 1154 2289 monaste-

433 2299 478 2329 rio
492 2299 596 2329 tactae.
616 2299 761 2329 —Donat
779 2299 808 2329 S.
831 2299 990 2337 Gregorius
1006 2300 1151 2330 nonnulla

433 2347 468 2368 ex
486 2348 538 2368 sua
568 2339 760 2368 haereditate.
787 2355 829 2361 —-
859 2339 987 2377 lniungit
1019 2348 1151 2369 annuum

434 2387 521 2408 onus.
546 2394 586 2400 -
603 2378 767 2407 Anatliema
803 2383 903 2407 eontra
931 2379 1151 2417 perturbatores

433 2418 614 2456 quicumque
631 2418 650 2447 ii
667 2418 735 2455 sint,
753 2422 781 2447 et
793 2418 1042 2457 qualemcumque
1059 2419 1151 2451 mole-

433 2458 519 2487 stiam
539 2458 672 2487 afferant.

392 2523 536 2558 Gregorius
557 2523 699 2559 episcopus
722 2530 818 2552 servus
842 2530 982 2552 servorum
1006 2524 1051 2552 Dei
1074 2531 1150 2553 reve-

439 2569 617 2601 rentissimo,
638 2574 669 2596 ac
697 2568 909 2603 prudentissimo
933 2569 1066 2598 Honorato
1090 2576 1150 2605 pre·

440 2613 551 2646 shytere
568 2613 596 2641 οἳ
605 2613 744 2645 monacho,
762 2619 793 2641 ac
806 2613 974 2648 peritissimo
990 2613 1083 2642 abbati
1095 2620 1150 2642 mo-

1005 342 1198 370 nummum
1222 342 1390 368 ROMANUM

1986 337 2038 366 An.
2063 336 2091 365 C.
2118 335 2170 365 5⁹6

1254 403 1283 431 ot
1303 402 1328 431 S.
1356 400 1539 430 scholasticae
1565 399 1683 436 virginis
1707 400 1827 430 eiusdem
1857 403 1961 431 sororis

1250 453 1334 483 propo
1349 446 1489 475 sublacum
1501 444 1560 479 siti.
1572 445 1625 474 tibi
1637 445 1745 482 tuisque
1759 447 1960 475 successoribus

1250 491 1318 519 inibi
1336 491 1386 519 Deo
1405 490 1587 519 servientibus
1606 489 1650 518 vel
1668 490 1792 525 legitime
1823 491 1858 519 ad
1884 492 1957 527 regi·

1250 542 1310 564 men
1329 535 1509 567 intrantibus,
1526 534 1645 562 salutem
1668 535 1697 563 et
1715 535 1894 570 apostoticam
1913 536 1957 564 be-

1250 579 1440 609 nedictionem.

1254 642 1289 677 Si
1311 654 1436 689 semper
1461 653 1498 677 ea
1532 640 1735 676 concedenda
1769 649 1843 677 sunt
1877 655 1957 690 quae

1205 691 1266 738 piis
1282 692 1363 726 votis
1375 699 1566 737 congruunt,
1581 698 1698 738 quanto
1713 692 1813 738 magis
1827 704 1862 727 ea
1877 705 1958 740 quae
1983 691 2110 714 5¹⁰'d³‘¹¹¹¹·

1204 741 1240 775 ad
1277 740 1375 775 divini
1409 740 1514 775 cultus
1549 748 1755 786 augmentum
1797 741 1958 788 pertinere

1205 797 1380 824 noscuntur
1406 801 1444 824 ex
1474 800 1584 824 eorum
1607 790 1802 836 prerogativa
1825 791 1957 826 omnino

1203 850 1219 873 a
1241 838 1444 885 largitoribus
1465 838 1596 873 minime
1620 839 1760 884 neganda
1783 839 1880 874 immo
1903 852 1954 887 po-

1204 887 1265 922 tins
1287 887 1507 922 lubentissime
1528 887 1586 921 Dei
1610 888 1746 922 caritatis
1766 889 1882 923 intuitu
1902 901 1956 936 po-

1202 937 1362 972 scentibus
1384 936 1583 971 exhibenda?
1605 936 1714 972 Petisti
1738 937 1832 983 igitur
1853 950 1868 972 a
1897 950 1957 973 no-

1202 985 1249 1020 bis
1270 986 1403 1021 eoncedi
1430 986 1494 1021 sive
1517 986 1697 1021 confirmari
1728 994 1798 1021 tuae
1826 987 1956 1033 religio·
1981 990 2061 1013 P⁹¹³2³⁰
2081 989 2166 1031 fbbffl·

1201 1035 1283 1069 sitati
1309 1035 1333 1070 si
1356 1047 1416 1082 qua
1440 1034 1514 1069 dicti
1538 1035 1839 1070 monasteriiSancti
1855 1036 1956 1072 Bene·
1980 1025 2096 1049 5⁰⁰⁰'⁸²¹'

1201 1083 1276 1120 dicti
1309 1092 1340 1119 et
1366 1085 1500 1119 Sanctae
1521 1083 1715 1119 Scolasticae
1737 1085 1865 1120 Sublaei
1889 1085 1955 1121 sive

1201 1145 1299 1180 prope
1320 1133 1493 1168 Sublacum
1515 1133 1574 1167 sibi
1600 1133 1829 1168 liabenturtam
1844 1134 1873 1168 in
1888 1135 1954 1169 cel-

1202 1182 1239 1217 lis
1261 1194 1355 1229 quam
1381 1183 1411 1217 in
1439 1182 1592 1221 cenobiis,
1627 1190 1658 1217 et
1684 1183 1807 1218 cunctis
1840 1195 1951 1219 eorum

1200 1232 1398 1277 pertinentiis
1421 1244 1480 1266 una
1503 1243 1576 1266 cum
1598 1243 1693 1277 specu
1723 1232 1772 1266 ubi
1796 1232 1956 1267 sanctissi-

1200 1292 1271 1315 mus
1294 1279 1484 1315 Benedictus
1506 1280 1698 1315 eremiticam
1732 1280 1827 1315 vitam
1862 1281 1953 1316 duxit

1199 1341 1271 1363 cum
1294 1329 1444 1364 omnibus
1471 1329 1549 1363 infra
1576 1341 1610 1364 se
1641 1329 1751 1376 positis
1774 1337 1804 1364 et
1832 1329 1953 1365 circum

1198 1389 1232 1413 se
1267 1378 1392 1425 scriptis
1427 1390 1464 1413 ac
1491 1377 1639 1413 omnibns
1666 1378 1798 1414 edificiis
1833 1379 1950 1414 ibidem

1198 1427 1420 1469 existentibus3
1445 1439 1503 1462 nec
1518 1439 1580 1462 non
1598 1427 1700 1462 lacum
1719 1440 1790 1463 cum
1804 1428 1953 1464 Piscariis

1198 1483 1228 1510 et
1241 1476 1433 1511 Molendinis
1447 1477 1513 1511 suis
1527 1488 1641 1523 aquam
1657 1477 1836 1512 effluentem
1852 1490 1953 1525 usque

1197 1525 1234 1559 ad
1258 1525 1362 1560 locum
1390 1525 1521 1560 Mandra
1539 1533 1770 1573 nuncupatum.
1794 1526 1870 1561 ltem
1887 1527 1951 1562 Mo·
2025 1571 2029 1575 ·
2105 1571 2108 1575 .

1198 1574 1323 1609 lendina
1346 1582 1376 1609 et
1397 1574 1553 1610 Piscarias
1574 1587 1647 1610 suas
1671 1575 1708 1609 ad
1723 1587 1831 1610 arcum
1849 1576 1951 1611 desor-
1978 1570 2161 1627 Μζξῖῑῑῃοζέξω

1198 1631 1279 1658 mata
1303 1624 1523 1670 pervenientes
1556 1624 1661 1659 omnia
1697 1624 1824 1661 insimul
1853 1626 1952 1660 colie-
1977 1614 2162 1671 alii-„mann-

1197 1673 1296 1707 rentia
1324 1681 1428 1707 nostra
1451 1673 1635 1708 auctoritate
1663 1681 1765 1708 vestro
1793 1682 1953 1710 monaste·
1976 1682 2011 1700 ¹¹¹¹·
2028 1681 2049 1699 ⁰²
2074 1676 2161 1699 ‘⁰⁰¹¹‘-

1197 1721 1243 1756 rio
1265 1722 1327 1756 sint
1349 1722 1534 1757 confirmata
1551 1729 1585 1757 ut
1601 1722 1687 1760 nulla
1704 1723 1871 1758 huminum
1888 1736 1948 1759 ma·
1975 1717 2069 1735 ¹¹¹³¹¹t¹¹¹²

1196 1782 1257 1816 gna
1284 1783 1441 1818 parvaque
1463 1783 1598 1818 persona
1626 1772 1657 1806 in
1690 1771 1756 1817 ipsa
1783 1784 1864 1820 aqua
1901 1773 1949 1808 vel
1992 1797 2077 1820 Nem-mi
2095 1796 2161 1818 Hm,

1198 1820 1450 1866 possessionibus
1484 1833 1624 1868 unquam
1651 1820 1797 1856 edificare
1824 1822 1950 1864 audeat,
1975 1834 1996 1856 in
2024 1835 2056 1856 ωε
2079 1833 2161 1855 aedifi-

1196 1881 1256 1904 nec
1290 1869 1384 1904 etiam
1419 1870 1449 1904 in
1487 1870 1631 1917 Auguste
1669 1870 1718 1905 vel
1751 1871 1783 1905 in
1828 1870 1950 1907 Bullica
1976 1877 2026 1910 “⁸5⁸
2051 1870 2098 1892 ⁵³⁰²
2122 1870 2162 1892 ⁴³¹³·

1196 1929 1287 1965 aqua,
1310 1931 1413 1965 neque
1437 1918 1467 1953 in
1491 1919 1629 1964 fluviolo,
1651 1931 1755 1966 neque
1778 1920 1808 1954 in
1833 1921 1948 1955 ‘l'ucci-
1975 1905 2032 1928 Μ’
2060 1913 2159 1928 ‘'mm''

1196 1967 1269 2002 nelli
1297 1975 1349 2001 aut
1371 1967 1531 2003 Conarnm
1555 1980 1646 2015 aqua,
1661 1981 1716 2003 scu
1732 1969 1762 2003 in
1780 1969 1876 2004 totius
1892 1969 1949 2004 ab-

1196 2016 1297 2051 batiae
1311 2016 1516 2052 Sublacensis
1530 2017 1646 2052 sinibus
1658 2017 1876 2052 Molendinum
1888 2018 1950 2053 edi-

1196 2065 1289 2100 ficare
1310 2065 1369 2100 snb
1391 2066 1504 2112 quovis
1526 2066 1648 2113 quesito
1670 2067 1776 2102 colore
1794 2075 1825 2101 et
1843 2067 1950 2103 studio

1196 2114 1263 2148 sine
1283 2114 1403 2150 abbatis
1423 2127 1553 2150 assensu
1573 2116 1625 2162 qui
1641 2127 1696 2162 pro
1709 2123 1851 2163 tempore
1864 2116 1950 2151 Sub-
1973 2151 1989 2172 P
2079 2151 2087 2172 t

1196 2163 1253 2198 laci
1273 2164 1399 2210 preeritq
1419 2171 1448 2198 et
1462 2163 1557 2211 quiid
1573 2165 1820 2211 praesumpserit
1843 2166 1947 2211 ipsum
1992 2156 2158 2215 §litorii-⁵*

1195 2212 1412 2247 Molendinum
1432 2213 1491 2247 iuri
1506 2214 1872 2260 appliceturmonasterii
1889 2227 1948 2250 no-
2018 2221 2110 2243 inflicta·

1195 2269 1323 2309 stroque
1364 2261 1478 2308 palatio
1500 2262 1570 2311 ipso
1598 2262 1677 2297 facto
1715 2275 1748 2298 se
1775 2263 1947 2299 obnoxium

1194 2310 1271 2345 sciat
1309 2310 1453 2345 solvendi
1487 2312 1554 2346 auri
1587 2312 1666 2346 cocti
1690 2311 1785 2347 libras
1806 2313 1945 2358 triginta.

1194 2359 1271 2394 Item
1312 2360 1402 2394 vobis
1439 2368 1576 2395 castrum
1611 2360 1784 2396 Sublacum
1827 2362 1947 2397 confir-
2002 2390 2146 2413 confirmatur

1193 2420 1317 2443 mamus
1340 2409 1498 2456 integrum
1521 2421 1593 2444 cum
1622 2410 1769 2445 omnibus
1791 2411 1856 2445 suis
1875 2423 1948 2457 per·
1970 2407 2069 2449 „bifariae
2113 2433 2156 2448 ea-

1194 2457 1335 2492 tinentiis
1356 2466 1387 2493 et
1413 2459 1597 2494 adiacentiis
1622 2471 1694 2493 eum
1717 2459 1803 2494 omni
1832 2459 1947 2507 placito
1970 2466 2038 2484 ΜΨ]
2083 2461 2154 2491 ³P³¹¹¹¹¹

1193 2514 1224 2541 et
1245 2506 1365 2541 ditione
1392 2519 1449 2542 sua
1476 2520 1537 2542 nna
1561 2520 1632 2543 cuin
1663 2508 1840 2554 glandatico
1873 2509 1947 2544 lier-
1969 2497 2086 2557 {fffflffsm
2102 2504 2156 2563 {22³}

1192 2555 1296 2590 batieo
1322 2564 1350 2590 at
1377 2568 1414 2591 uc
1460 2556 1562 2592 ublica
1585 2557 1746 2592 functione
1767 2557 1861 2592 sicuti
1890 2571 1946 2593 no-
1969 2571 2078 2593 nni-nnis.

1354 2569 1372 2603 ‘l
1437 2570 1455 2603 P

1193 2612 1257 2640 stro
1286 2605 1401 2651 palatio
1428 2606 1590 2640 annuatim
1614 2606 1791 2653 persolvere
1814 2606 1944 2642 solebat.
1968 2629 2086 2656 mmmm,
2130 2629 2153 2650 ς,

1978 1535 2054 1556 Omnia
2085 1542 2163 1557 mona-

438 2658 556 2684 nasterii
576 2657 666 2685 saneti
685 2656 851 2686 confessoris
864 2665 895 2685 ee
911 2658 1000 2686 Patris
1016 2658 1151 2687 Benedicti
1168 2667 1173 2697 Ι
1192 2654 1359 2689 Praeterea
1381 2667 1439 2701 ego
1463 2655 1530 2702 ipse
1551 2655 1724 2700 Gregorius
1737 2664 1863 2690 sanetae
1879 2656 1946 2691 Ro-
1967 2663 2079 2686 Benvdicti
2113 2664 2152 2685 vi-

430 2712 470 2747 (t)
487 2712 576 2748 Nuper
593 2717 711 2740 extracta
730 2721 762 2740 ex
780 2714 890 2741 Archiv.
914 2715 997 2742 Vatic-

1967 2701 2010 2721 (nm
2046 2699 2149 2728 εει-ἠπίῃ

1194 2716 1303 2739 manae
1326 2703 1487 2739 Ecclesiae
1509 2705 1633 2752 praesul
1655 2704 1756 2740 sancti
1780 2705 1945 2740 Benedicti
