2237 3127
175 528 297 563 Collegia
306 527 471 560 Consulum,

156 564 281 599 lusignes
313 567 473 597 temporum

157 600 347 632 characteres,
363 599 419 625 duo
445 605 474 624 a·

157 635 278 668 dhibita3

192 776 266 804 Fasti
307 774 473 802 consulares

157 819 193 840 ex
226 811 390 851 Blassuchiuio
424 810 473 838 de-

157 851 290 882 prompti.

193 936 397 971 Imperatorum
409 935 474 962 anni

157 979 192 999 ex
220 971 340 999 Baronio
369 971 396 998 in
426 978 474 998 an-

157 1007 269 1035 nalibus
285 1007 429 1041 exscripti.

193 1149 379 1184 Chronologia
390 1148 471 1176 Pom.

158 1184 361 1218 Romanorum,
379 1192 415 1211 ex
424 1184 475 1211 Pa-

157 1222 202 1256 gio
221 1221 338 1255 aliisque
364 1220 472 1248 clariss.

158 1256 254 1292 script.
275 1257 436 1291 desumpta.

195 1640 323 1669 Breviter
332 1640 401 1668 haee
416 1646 476 1674 per-

160 1681 277 1705 tractata
297 1684 328 1704 ae
348 1676 428 1710 quasi
448 1675 476 1702 in

161 1714 268 1740 incerto
277 1712 374 1740 relicta
383 1719 417 1739 ne
428 1712 476 1738 im-

161 1748 312 1776 mutandae
320 1747 475 1775 sententiae

161 1785 270 1812 occasio
290 1788 373 1811 esset.

320 1857 344 1875 Ω

207 2089 442 2125 Supplementum

164 2127 336 2161 promittitur
363 2132 392 2152 ln
421 2129 477 2158 quo

163 2162 197 2190 de
226 2161 367 2197 pontificia
395 2159 478 2187 chro-

164 2198 297 2233 nologia,
333 2197 367 2224 de
400 2202 478 2223 sacra

164 2233 330 2268 philologia,
365 2231 477 2259 numis-

165 2269 264 2296 matica
276 2291 284 2302 ,
303 2266 478 2301 archeologia

165 2304 372 2332 disserendum.

500 266 568 317 qui
583 264 813 303 Pontificum
827 264 924 302 vitas
938 276 1062 315 usque
1074 261 1120 300 ad
1135 276 1281 300 annum
1305 261 1415 314 1447,
1431 262 1682 301 emortualem
1696 263 1858 314 Eugenii
1872 261 1938 311 IV,
1951 276 2037 316 per.

498 326 620 373 duxit,
635 326 904 377 utplurimum
918 338 1004 363 sum
1019 332 1206 376 sequutus
1220 338 1307 362 raro
1324 323 1536 362 admodum
1549 324 1597 362 ab
1610 324 1747 362 iisdem
1760 325 1970 373 declinans,
1982 333 2038 363 at-

500 402 575 440 que
590 388 732 426 idcirco
744 386 790 424 ad
803 395 975 438 tempora
987 399 1029 423 ea
1040 386 1206 423 feliciora
1219 386 1389 438 perveni,
1399 400 1519 438 quum
1528 400 1588 424 res
1599 386 1792 437 pontificia
1805 388 1895 425 satis
1905 395 2036 439 aperta

500 458 558 487 est
571 449 622 486 ob
634 449 784 500 copiam
799 448 1033 499 scriptorum
1051 447 1294 495 immensam,
1307 447 1373 499 qui
1387 447 1593 498 postremis
1608 447 1712 485 hisee
1726 448 1884 487 saeculis
1897 448 2037 487 florue-

504 519 606 548 runt.
629 509 796 560 Collegia
826 509 1054 555 Consulum,
1082 509 1254 559 insignes
1283 523 1349 547 eos
1384 509 1527 547 scilicet
1556 508 1794 547 characteres
1815 519 2037 563 temporum

499 572 643 623 quibus
678 572 860 609 certiores
889 570 1003 618 nulli,
1024 571 1102 608 duo
1122 570 1323 608 dumtaxat
1342 570 1502 621 singulis
1521 571 1560 608 in
1585 571 1836 610 Pontificibus
1857 572 2030 610 adhibui:

497 634 670 686 primum
686 632 874 681 videlieet,
889 641 931 671 ut
945 633 1086 685 prioris
1106 632 1154 670 ab
1169 633 1213 671 iis
1228 632 1422 671 Paschatis
1437 632 1617 671 celebrati
1632 646 1778 671 annum
1794 642 1942 672 certum
1958 642 2034 672 sta-

496 696 651 734 bilirem
674 695 871 734 Blanchini
888 695 1059 745 vestigiis
1077 694 1300 732 inhaerens:
1319 694 1481 732 alterum
1502 708 1607 743 vero,
1627 704 1671 733 ut
1691 695 1943 733 emortualem
1971 709 2037 734 eo-

496 756 675 794 rumdem
697 770 842 794 annum
858 755 1113 806 designarem.
1126 756 1261 793 Fastos
1273 765 1401 793 autem
1419 756 1642 794 consulares
1660 766 1812 795 secutus
1829 771 1928 805 sum,
1938 771 2038 809 quos

496 817 671 856 laudatus
688 831 811 870 nuper
826 817 1059 856 Blanchinus
1074 826 1164 869 post
1181 816 1496 856 doctissimorum
1515 826 1572 855 tot
1600 818 1774 856 virorum
1799 818 2037 869 diligentiam

496 880 728 927 emendavit,
749 880 865 927 auxit,
881 879 1094 917 illustravit.
1116 881 1324 932 Postquam
1337 878 1535 917 desierunt
1550 879 1740 928 consules,
1753 881 2032 932 imperatorum

497 943 611 980 annis
624 943 678 980 uti
695 942 802 994 coepi
824 955 922 993 quos
937 941 1123 979 Baronius
1138 941 1178 979 in
1194 941 1409 989 annalibus,
1419 955 1461 979 ae
1475 950 1563 993 post
1577 956 1665 980 eum
1677 942 1890 981 severiores
1904 943 2038 990 critici,

497 1005 773 1043 historicorum
795 1012 832 1041 et
847 1012 1207 1051 monumentorum,
1224 1017 1322 1055 quae
1342 1003 1389 1041 ad
1414 1018 1485 1041 nos
1507 1013 1780 1056 pervenerunt,
1801 1018 1874 1056 ope
1894 1005 2037 1043 exami-

497 1075 651 1114 narunt,
679 1075 716 1103 ct
748 1079 865 1118 quani
887 1066 968 1102 fieri
994 1065 1121 1117 potuit
1142 1066 1353 1103 exactiores
1375 1066 1489 1104 nobis
1516 1067 1681 1118 posteris
1699 1066 2034 1106 commendarunt.

548 1127 797 1178 Singulorum
828 1136 969 1165 aetates
1002 1126 1253 1175 Pontificum,
1279 1127 1359 1165 sive
1388 1128 1476 1165 anni
1489 1156 1498 1174 ,
1527 1141 1680 1165 menses
1709 1137 1747 1166 et
1781 1128 1862 1167 dies
1891 1129 2034 1182 quibus

498 1191 696 1237 sederunt,
722 1188 872 1227 deliniri
899 1189 1018 1227 tutius
1047 1197 1089 1226 ut
1117 1189 1269 1241 possint
1297 1190 1337 1226 in
1367 1198 1472 1227 tanta
1497 1189 1821 1228 documentorum
1842 1191 2037 1240 varietate,

497 1253 689 1290 variantes
719 1251 901 1289 lectiones
931 1250 1059 1288 addidi
1084 1264 1129 1288 cx
1163 1250 1342 1301 catalogis
1370 1250 1630 1303 transalpinis,
1651 1265 1749 1304 quos
1769 1251 1944 1290 laudatus
1959 1254 2038 1291 An-

498 1314 627 1353 tonius
644 1314 782 1364 Pagius
797 1327 886 1351 suae
903 1313 1055 1350 criticae
1070 1313 1279 1364 praemisit,
1293 1321 1331 1350 et
1346 1327 1391 1350 ex
1407 1313 1616 1361 Vaticanis,
1632 1313 1812 1366 italisque
1826 1313 2037 1365 aVignolio

498 1376 678 1414 adhibitis
712 1376 751 1412 in
781 1389 846 1412 sua
872 1374 1041 1412 editione
1075 1375 1277 1412 Anastasii.
1307 1375 1520 1412 Nonnullas
1555 1384 1750 1426 praeterea
1782 1375 1956 1428 decerpsi
1990 1390 2037 1414 ex

499 1437 726 1476 authoribus
746 1437 917 1474 chronici
935 1436 1128 1474 Farfcnsis
1144 1445 1181 1474 et
1194 1435 1482 1483 Vulturnensis,
1497 1436 1639 1489 quibus
1657 1438 1816 1475 accessit
1834 1437 2037 1476 Godefridi

500 1499 754 1538 viterbiensis
770 1499 980 1540 Pantheon,
992 1512 1089 1550 quae
1105 1498 1175 1535 tria
1193 1511 1308 1550 opera
1327 1497 1519 1536 habentur
1535 1499 1573 1535 in
1589 1499 1798 1537 novissima
1813 1498 2038 1538 collectione

499 1575 629 1599 rerum
658 1561 870 1599 italicarum
901 1561 1146 1612 scriptorum.

552 1624 654 1662 Haec
673 1623 771 1661 forte
791 1622 941 1674 plenius
965 1621 1162 1659 tractanda
1190 1630 1317 1659 erant:
1347 1636 1418 1660 nec
1440 1622 1531 1660 solis
1551 1623 1788 1661 variantibus
1808 1622 2037 1662 lectionibus

499 1684 783 1733 illustranda,et
798 1684 921 1721 adhuc
939 1684 1047 1736 quasi
1066 1684 1104 1720 in
1120 1685 1265 1721 incerto
1281 1683 1542 1736 relinquenda.
1559 1685 1633 1723 Sed
1647 1695 1916 1737 praeterquam
1930 1685 2038 1738 quod

500 1747 697 1785 brevitatis
718 1746 946 1784 constitutae
959 1745 1053 1783 fines
1069 1746 1275 1797 praeterire
1291 1759 1445 1783 necesse
1458 1745 1592 1784 fuisset
1607 1748 1713 1797 (sunt
1729 1747 1832 1784 enim
1847 1747 2036 1799 quaedam

500 1810 539 1846 in
550 1808 798 1858 chronologia
813 1808 862 1844 ita
873 1806 1056 1852 involuta,
1070 1815 1107 1844 et
1126 1806 1351 1857 ambagibus
1369 1807 1493 1858 plena,
1509 1816 1551 1845 ut
1566 1808 1733 1858 integras
1748 1808 2038 1846 dissertationes

500 1884 572 1922 pro
603 1883 738 1908 eorum
767 1868 1040 1907 dilucidatione
1067 1869 1289 1920 requirant)
1319 1870 1466 1906 veritus
1492 1870 1605 1907 etiam
1626 1883 1725 1918 sum,
1746 1884 1794 1907 ne
1811 1870 1905 1907 mihi
1926 1870 2041 1908 docu-

501 1940 630 1970 menta
649 1932 845 1984 inquirere
862 1931 1034 1983 pergenti
1047 1931 1309 1982 incompertae
1325 1930 1450 1968 adhuc
1466 1931 1592 1968 Bullae
1613 1932 1923 1983 supervenirent,
1940 1945 2040 1984 quae

502 1995 732 2032 sententiam
751 2002 911 2040 mutare,
922 2001 959 2031 et
972 1992 1019 2030 de
1031 1993 1126 2030 aeris
1148 1992 1367 2045 aliquorum
1379 1993 1609 2030 Pontificum
1628 1993 1735 2031 aliter
1749 1994 1903 2042 sentire,
1920 2007 2039 2046 quam

504 2055 552 2093 ab
580 2056 691 2093 initio
717 2064 938 2102 statueram,
963 2054 1057 2092 milii
1087 2054 1304 2092 suaderent.
1324 2055 1456 2107 ltaque
1482 2055 1686 2093 consilium
1706 2055 1780 2093 hoc
1803 2056 1910 2108 coepi
1932 2055 2039 2108 quod

504 2117 595 2155 viris
608 2117 745 2155 harum
761 2131 889 2155 rerum
904 2117 1035 2169 peritis
1052 2116 1258 2169 probatum
1279 2116 1324 2153 iri
1345 2117 1497 2167 opinor,
1510 2125 1551 2154 ut
1569 2116 1840 2169 supplemento
1856 2117 2040 2170 illi,quod

504 2180 579 2218 iam
597 2193 683 2217 sum
698 2179 889 2231 pollicitus
906 2193 967 2216 me
982 2179 1020 2215 in
1038 2178 1112 2216 fine
1130 2178 1243 2216 huius
1259 2178 1493 2216 collectionis
1507 2178 2041 2231 evulgaturnm,praemittam

504 2250 730 2294 apparatum
751 2240 1285 2291 historico-chronologicum,
1305 2240 1344 2277 in
1365 2254 1443 2292 qno
1460 2241 1642 2278 constitui
1665 2240 1854 2279 disserere
1874 2241 1922 2279 de
1943 2254 2042 2293 pon-

506 2304 619 2343 tificia
646 2303 909 2353 chronologia,
924 2302 971 2340 de
988 2302 1103 2340 variis
1118 2302 1223 2339 vocis
1245 2302 1382 2340 Bullae
1400 2302 1756 2351 significationilms3
1778 2317 1857 2354 quo
1870 2303 2042 2355 primum

506 2375 681 2417 tempore
698 2365 751 2403 sic
766 2364 963 2416 coeperint
977 2363 1430 2415 nuncupariPontificum
1448 2365 1711 2402 Romanorum
1732 2365 2043 2413 constitutiones,

508 2427 556 2466 de
578 2426 724 2478 sigillis,
738 2439 906 2477 quorum
921 2425 1104 2463 nonnulla
1122 2424 1332 2463 identidem
1353 2425 1540 2477 impressa
1562 2425 1696 2463 formis
1712 2426 1902 2474 dabimus,
1912 2434 1950 2464 et
1962 2439 2043 2478 quo

510 2490 756 2544 potissimum
775 2496 950 2539 tempore
966 2501 984 2524 a
999 2488 1182 2525 Romanis
1198 2487 1447 2525 Pontificibus
1474 2486 1648 2525 adhiberi
1667 2502 1708 2525 ea
1727 2488 1936 2540 coeperint,
1955 2501 2041 2526 cera

507 2553 689 2606 primum,
714 2564 806 2588 mox
829 2549 1004 2602 plumbO,
1022 2549 1256 2602 quandoque
1279 2557 1451 2600 argente,
1470 2549 1530 2587 vel
1551 2563 1658 2597 auro,
1674 2549 1722 2588 de
1741 2549 2042 2598 indictionibus,

509 2614 619 2653 annis
631 2612 925 2658 Jncarnationis,
939 2611 1098 2665 aliisque
1113 2611 1226 2650 huius
1240 2611 1392 2663 generis
1405 2610 1687 2666 chronologicis
1703 2612 1817 2655 notis;
1825 2611 1884 2663 gie
1893 2612 1928 2663 S,
1945 2612 2045 2670 Rssls.
