2237 3127
939 346 1038 368 wnrx
1063 346 1175 368 unum!
1248 318 1280 333 μ’
1693 335 1762 368 677

263 395 477 432 Bononiensis
498 398 638 433 Ecclesia
672 399 789 433 obtinet
814 411 827 432 a
852 399 968 433 Ioanne
991 400 1065 434 Xlll
1088 400 1150 434 PP.
1183 400 1455 435 confirmationem
1491 399 1644 447 privilegii
1680 400 1706 434 ei
1733 410 1814 436 con-

365 449 443 482 cessi
468 461 481 481 a
512 448 617 482 Leone
641 448 665 481 V
685 449 760 489 PP„
784 451 853 482 414
883 462 911 483 α.

262 493 445 531 Bremensis
463 497 603 531 Ecclesia
628 497 859 544 Hamhnrgensi
886 498 1002 538 unitur,
1026 501 1094 533 504
1118 511 1147 532 α,
1177 498 1289 533 Libera
1317 511 1333 533 a
1356 498 1558 533 Coloniensis
1580 498 1810 546 archiepiscopi

365 547 582 581 iurisdictione
602 547 790 591 declaratur,
815 550 884 582 505
898 550 925 581 b.
943 548 975 581 ln
992 548 1221 594 suffraganeam
1238 549 1467 595 archiepiscopi
1485 549 1567 583 illius
1586 549 1808 583 adiudicatura

360 595 514 630 For-moso
538 596 591 635 111,
616 599 680 630 571
714 610 745 630 α.

260 644 499 679 Breunoviense
527 646 752 680 monasterinm
776 646 815 680 ab
840 646 1010 680 Adalhcrto
1033 646 1182 692 pragensi
1207 646 1366 689 fundatur,
1390 650 1452 680 461
1483 660 1512 681 α.

260 693 438 728 Broniense
461 695 685 728 monasterium
709 708 723 728 a
752 695 1021 729 Gerar-doabhate
1043 696 1079 729 ad
1105 695 1266 729 meliorem
1291 696 1489 742 disciplinam
1505 697 1667 742 redigitur,
1692 698 1760 731 585
1773 708 1806 732 α.

359 743 486 789 Corpus
508 742 542 776 S.
567 743 699 789 Eugenii
725 745 863 789 art-hiep.
892 745 1033 778 Toletani
1059 745 1211 791 possidet,
1239 747 1313 779 ibid.
1338 748 1364 779 b.
1394 746 1554 780 Nonnulla
1589 746 1752 793 privilegia
1776 746 1807 782 ei

360 792 579 827 conceduntur
600 805 617 827 a
639 792 802 840 Stephano
827 794 881 828 Vll
904 794 979 838 Pl).7
1003 796 1077 828 ibid.

1007 903 1040 940 C

258 986 428 1022 Caesarius
450 987 546 1021 abhas
568 987 794 1022 Montisserrati
822 988 942 1022 obtinet
964 1001 978 1023 a
1005 989 1176 1024 Benedicm
1198 989 1240 1024 VI
1262 998 1294 1023 ut
1314 990 1539 1024 monasterium
1551 1002 1643 1024 suum
1667 989 1706 1024 ab
1719 989 1804 1026 omni

356 1037 508 1071 saeculari
533 1039 579 1070 vel
603 1038 814 1071 ecelesiastica
839 1038 1054 1073 iurisdictione
1083 1039 1214 1073 liberum
1238 1039 1428 1083 declaretur,
1451 1039 1608 1086 variisque
1637 1040 1806 1086 privilegiis

362 1085 509 1122 donetur,
538 1089 608 1120 452
636 1100 655 1120 α
683 1096 712 1121 et
739 1089 767 1120 b.

255 1133 498 1182 campirotundi
528 1137 753 1170 monasterium
776 1136 1048 1171 confirmationem
1078 1137 1233 1171 honorum
1262 1150 1393 1172 suorum
1415 1149 1431 1172 a
1455 1137 1629 1172 Benedicto
1653 1137 1724 1171 Vlll
1741 1137 1801 1174 ΡΡ.

357 1184 492 1225 obtinet,
516 1186 587 1219 520
609 1198 628 1219 α
655 1193 685 1219 et
706 1199 764 1230 seq.

255 1232 480 1280 Canigonense
507 1236 734 1269 monasterium
765 1235 918 1269 bonorum
955 1247 1077 1269 necnon
1116 1235 1348 1282 privilegiorum
1373 1248 1502 1270 suorum
1530 1236 1802 1271 confirmationem

356 1283 477 1317 obtinet
500 1296 514 1317 a
537 1283 649 1329 Sergio
671 1284 713 1318 IV
740 1284 815 1323 ΡΠ,
844 1288 914 1318 505
942 1286 959 1318 b
979 1293 1007 1318 vt
1025 1298 1085 1329 seq.

255 1332 403 1367 Canones
425 1333 629 1368 ecclesiastici
653 1333 691 1368 ab
713 1334 863 1368 omnibus
884 1341 958 1368 sunt
976 1333 1176 1375 observandi,
1201 1336 1264 1368 101
1289 1336 1317 1368 b.
1341 1333 1476 1375 Quando
1495 1334 1533 1368 ab
1555 1335 1599 1369 eis
1621 1334 1805 1382 dispensan-

355 1381 444 1426 dum,
471 1385 539 1417 196
562 1396 581 1417 α
600 1391 629 1417 et
652 1385 680 1417 b.
841 1409 846 1412 -

254 1429 494 1466 Cantuariensis
507 1432 663 1477 Ecclesia,
678 1434 747 1466 ’178
762 1435 789 1467 b.
805 1432 962 1467 Primatus
976 1432 1156 1467 Britanniae
1170 1433 1197 1467 ei
1213 1432 1399 1467 conceditur
1411 1444 1445 1466 ac
1460 1433 1676 1474 confirmatur,
1693 1435 1802 1469 179a.

254 1479 512 1527 Caput-Trebiae
535 1482 759 1516 monasterium
783 1495 798 1516 a
822 1482 1057 1517 Carolomanno
1083 1490 1312 1523 constructum,
1337 1483 1418 1516 556.
1456 1481 1622 1528 Privilegia
1658 1483 1686 1517 ei
1721 1495 1804 1518 non-

355 1531 439 1565 nulla
467 1531 699 1571 conceduntur,
723 1534 791 1566 557
820 1545 850 1566 α.

253 1577 508 1614 Carcassonense
527 1581 752 1615 monasterium
778 1580 1048 1615 confirmationem
1065 1579 1245 1616 donationis
1273 1580 1332 1614 sibi
1356 1579 1454 1615 factae
1469 1592 1485 1614 a
1504 1580 1666 1627 Rodgario
1687 1582 1803 1618 comita

357 1629 479 1663 obtinet
506 1641 522 1663 a
549 1629 723 1664 Benedicto
751 1630 818 1674 Vll,
842 1632 914 1664 446
938 1632 954 1664 b
981 1638 1011 1664 et
1036 1643 1097 1675 seq.

253 1676 380 1713 Carilefi
403 1680 465 1721 (S.)
489 1680 714 1713 monasterium
748 1680 931 1714 immediate
953 1680 1152 1726 Apostolicae
1175 1678 1249 1713 Sed}
1285 1678 1462 1713 subiectum
1490 1678 1667 1713 declaratur
1701 1693 1715 1714 a
1742 1679 1801 1715 Ni-

352 1727 440 1762 colao
465 1728 472 1760 l
496 1727 573 1766 PP..
598 1731 668 1762 515
689 1742 718 1762 α.
748 1729 825 1763 Eius
849 1729 1007 1776 privilegia
1031 1737 1236 1763 numeramur
1258 1736 1288 1762 et
1307 1728 1548 1767 confirmantur,
1573 1733 1642 1763 516
1666 1737 1695 1763 et
1716 1742 1776 1774 seq.

252 1776 514 1823 Carthaginensis
536 1777 689 1821 Ecclesia,
713 1781 783 1812 625
812 1791 842 1811 α.
870 1778 1050 1824 Episcopus
1077 1779 1145 1812 eins
1170 1778 1265 1811 totius
1293 1777 1416 1811 Africae
1431 1778 1704 1824 metropolitanus,
1724 1780 1799 1813 ibid.

252 1825 387 1860 Carolus
406 1826 542 1873 Magnus
564 1826 707 1861 Saxones
733 1828 770 1861 ad
795 1827 912 1862 Christi
943 1827 1035 1860 tidem
1061 1827 1217 1873 perduxit.
1241 1829 1312 1860 279
1335 1839 1364 1860 α.

251 1874 386 1909 Carolus
413 1876 529 1909 Calvus
552 1875 634 1910 bona
658 1877 809 1910 nonnulla
834 1877 1023 1910 monasterio
1051 1876 1224 1910 Vedastino
1247 1875 1352 1917 donat7
1374 1877 1442 1909 554
1466 1877 1494 1909 b.
1522 1875 1627 1910 Donat
1648 1876 1707 1911 alia
1735 1887 1813 1917 mor

352 1924 462 1959 uachis
476 1925 685 1968 Herensihus7
716 1928 784 1959 557
808 1939 837 1960 α.
866 1926 934 1959 Alia
961 1926 1152 1960 monasterio
1172 1925 1204 1959 S.
1226 1924 1379 1963 Medardi,
1408 1927 1478 1958 542
1500 1938 1531 1959 α.

251 1972 461 2008 Casauriense
484 1975 710 2009 monasterium
740 1975 1011 2009 confirmationem
1036 1975 1272 2021 privilegiorum
1302 1981 1332 2008 et
1358 1974 1594 2020 exemptionum
1623 1987 1750 2009 suarum
1778 1986 1812 2013 a,

351 2022 459 2058 Leone
482 2023 525 2057 lX
548 2024 610 2057 PP.
639 2024 771 2067 obtinet7
801 2026 871 2059 608
894 2037 913 2057 α
936 2032 963 2057 et
985 2037 1044 2068 seq.

252 2070 445 2107 Cassinense
463 2074 689 2107 monasterinm
715 2074 848 2108 liberum
872 2073 910 2107 ah
933 2074 1017 2107 omni
1043 2073 1258 2107 iurisdictione
1281 2072 1469 2113 declaratur,
1493 2074 1563 2106 558
1578 2075 1606 2106 b.
1628 2072 1799 2110 Decretum

353 2134 409 2168 pro
432 2122 575 2156 libertate
597 2122 721 2158 abbatis
743 2124 822 2165 eius.
845 2124 920 2156 ibid.
941 2131 969 2156 et
998 2125 1067 2156 559
1091 2135 1120 2156 α.
1147 2122 1338 2156 Restituitur
1359 2122 1385 2155 ei
1416 2122 1642 2156 monasterium
1672 2122 1694 2155 S
1722 2123 1799 2156 Cru-

350 2171 394 2205 cis
419 2172 449 2204 in
473 2171 671 2206 Hierusalem
695 2173 733 2207 de
754 2172 842 2215 urhe7
865 2164 934 2205 627
963 2173 990 2205 b.
1014 2172 1082 2205 Atia
1107 2172 1266 2217 privilegia
1290 2170 1507 2205 conceduntur
1528 2171 1596 2206 eius
1618 2171 1799 2214 abbatibus,

351 2221 420 2254 655
448 2233 478 2254 α.
509 2221 611 2255 Aliam
635 2222 756 2256 obtinet
782 2221 1053 2256 confirmationem
1083 2221 1250 2262 honorum7
1274 2222 1343 2255 650
1372 2221 1396 2253 b.

251 2268 522 2304 Chalcedonensis
544 2271 684 2317 synodus
711 2271 926 2309 confirmatur,
952 2273 994 2303 77
1019 2283 1049 2304 α.
1077 2270 1155 2303 Eius
1179 2271 1378 2316 praestantia,
1408 2271 1476 2302 ’142
1504 2282 1523 2303 α
1546 2278 1576 2303 et
1597 2271 1625 2303 b.

250 2318 476 2353 Childehertus
497 2319 693 2354 Francorum
718 2333 769 2354 rex
790 2319 1013 2354 monasterium
1038 2319 1223 2353 Arelatense
1246 2318 1369 2361 fundat,
1397 2321 1464 2352 ’170
1487 2331 1517 2352 α.

250 2366 367 2401 Clerici
383 2368 494 2402 foenus
521 2382 667 2403 exercere
691 2382 752 2403 non
781 2369 908 2410 debent,
937 2370 981 2401 47
1005 2370 1032 2402 b.
1055 2368 1089 2402 Si
1111 2369 1149 2401 de
1174 2368 1306 2414 propriis
1329 2368 1502 2412 abundent,
1525 2368 1563 2402 de
1586 2368 1799 2406 Ecclesiarum

353 2417 529 2452 redditibus
556 2419 792 2453 communicare
821 2417 1039 2465 prohihentur,
1062 2421 1130 2451 297
1155 2419 1183 2451 b.

251 2466 460 2501 Cluniacense.
488 2469 714 2502 monasterium
744 2469 883 2502 immune
910 2468 949 2500 ab
979 2467 1064 2500 omni
1093 2466 1309 2501 iurisdictione
1345 2466 1546 2506 declaratur,
1570 2470 1639 2501 592⁷>
1673 2469 1699 2501 b.
1725 2467 1799 2504 Pri-

351 2516 472 2562 vilegiis
499 2518 645 2561 donatur,
668 2519 739 2551 400
767 2530 796 2550 α.
821 2517 909 2551 Bona
931 2516 999 2550 eius
1020 2516 1258 2556 confirmantur,
1283 2518 1356 2550 ibid.
1381 2528 1399 2549 a
1427 2524 1455 2549 et
1478 2518 1506 2549 b.
1540 2516 1592 2550 llla
1621 2517 1781 2553 detinente

349 2568 679 2606 excommunicantur,
705 2568 774 2600 552
802 2568 830 2599 b.
855 2566 922 2600 Hoc
951 2565 1176 2599 monasterium
1205 2565 1383 2610 specialiter
1410 2564 1449 2599 ad
1476 2565 1509 2599 S.
1546 2566 1662 2600 Sedent
1699 2566 1775 2612 perti

348 2623 414 2657 net,
438 2617 507 2650 555
532 2618 559 2649 b.
589 2615 753 2661 privilegia
773 2616 831 2650 alia
855 2616 881 2650 ei
909 2615 1139 2656 conceduntur,
1163 2617 1232 2650 549
1255 2617 1284 2658 b,
1307 2616 1377 2649 550
1400 2627 1420 2648 α
1453 2624 1483 2649 et
1504 2616 1532 2655 b,
1556 2627 1614 2650 nec
1640 2628 1702 2650 non
1726 2617 1773 2651 58

351 2676 371 2698 a
393 2672 422 2698 et
445 2667 472 2698 b.

249 2710 453 2748 Coloniensis
480 2714 621 2748 Ecclesia
638 2713 840 2760 antiquorum
858 2713 1091 2760 privilegiorum
1115 2725 1244 2748 suorum
1261 2712 1531 2748 confirmationem
1548 2714 1681 2755 obtinet,
1696 2717 1766 2749 615

349 2771 380 2798 et
406 2776 467 2810 seq.
490 2764 568 2799 Eius
590 2763 839 2812 archiespiscopi
861 2763 895 2799 S.
927 2763 968 2799 R.
1006 2763 1045 2798 E.
1082 2762 1261 2798 cancellarii
1295 2763 1440 2811 perpetui
1474 2763 1685 2809 declarantur,
1718 2765 1763 2799 ibi
