2237 3127
192 308 243 333 All.
270 307 296 334 C.
323 306 373 333 538

212 1906 364 1927 Anatheinatis

183 1942 319 1962 sontii-maim
342 1948 363 1961 in

183 1977 315 2005 Anthimnm,
341 1984 365 1998 θ·

181 2019 256 2040 Ill-'que

182 2051 240 2068 torn<

288 2016 364 2034 secta-

275 2053 294 2069 131
328 2056 364 2069 ΞΟ-

461 314 529 350 148

408 380 526 428 petenti
553 375 707 413 voluerint
739 373 934 410 correctione
961 372 1090 413 sectari3
1122 380 1151 406 et

407 428 562 464 damnatis
589 426 620 460 in
650 424 822 464 omnibus,
859 434 940 469 quae
973 429 1082 456 eontra
1104 433 1151 462 ea,

406 489 487 524 quae
510 474 639 523 praefati
666 485 787 513 sumus,
810 471 994 518 pravissima
1022 469 1151 516 quidam

405 525 569 572 impietate
587 522 747 562 dixerunt,
766 519 1054 567 subscriptionibus
1073 518 1150 562 suis,

404 582 435 608 et
455 572 592 620 propriis
618 570 749 605 vocibus
770 577 902 604 cunctos
921 567 1150 602 haereticorum

403 629 591 668 respuentes
611 631 745 663 errores,
780 618 931 653 canonica
961 616 1075 651 fuerint
1100 616 1151 650 di-

402 670 571 705 stinctione
592 667 753 709 conversi,
776 674 810 701 ut
827 673 903 701 tunc
916 665 1150 700 communionis

402 731 510 754 sacrae
531 717 715 765 mysterium
739 714 1015 755 mereantur,dum
1032 714 1148 755 omnia,

401 779 482 814 quae
505 766 633 813 praefati
653 777 775 805 snmus,
792 764 954 807 canonica,
976 770 1007 797 et
1028 770 1151 810 aposto-

402 817 460 851 liea
495 815 690 850 districtione
723 813 938 860 impleverint,
972 812 1044 858 quia
1072 811 1148 845 nulli

399 865 586 911 corrigentis
612 876 646 898 se
674 862 883 909 poenitentiae
905 861 1009 895 locum
1032 872 1148 895 eonve-

401 914 448 948 nit
474 922 648 960 amputare.
689 911 723 946 In
758 911 807 945 his
843 922 938 950 vero,
966 909 998 943 in
1032 909 1148 956 quibus

400 962 550 997 Mennam
587 961 714 996 fratrem
754 967 785 994 et
830 959 1054 1005 coepiscopum
1090 970 1148 992 no-

400 1019 513 1050 strum,
537 1021 709 1045 memorem
736 1008 834 1043 libelli
853 1008 917 1052 sni,
939 1019 1034 1054 quem
1059 1019 1148 1053 prae-

400 1059 559 1095 decessori
582 1066 689 1093 nostro
725 1057 831 1092 beatae
866 1056 1035 1091 memoriae
1062 1057 1148 1101 Aga-

401 1116 486 1155 peto,
518 1106 726 1143 ordinationis
747 1117 821 1141 suae
848 1113 1000 1151 tempore,
1028 1113 1148 1140 vestrae

400 1157 586 1192 clementiae
608 1167 764 1190 consensu
788 1162 984 1201 porrexerat,
1010 1166 1149 1200 sequen-

398 1213 462 1240 tem
490 1217 596 1239 revera
618 1204 702 1238 sedis
723 1203 912 1249 apostolicae
937 1202 1147 1249 disciplinam,

399 1254 565 1288 haereticis
591 1253 720 1287 inferius
750 1251 1009 1298 comprehensis,
1043 1250 1074 1284 id
1102 1259 1147 1285 est

397 1302 515 1338 Severo
537 1301 746 1349 Eutychiano,
771 1300 863 1334 Petro
884 1299 1063 1346 Apameno,
1086 1299 1149 1333 An-

396 1351 511 1395 thimo,
533 1351 587 1397 qui
610 1351 703 1385 etiam
725 1349 900 1383 Ecclesiam
920 1348 1148 1383 Constantino-

395 1400 569 1447 politanam
589 1412 680 1446 prava
704 1398 876 1433 ambitione
896 1405 1072 1443 pervaserat
1085 1397 1149 1431 Xe-

395 1461 486 1487 noae,
518 1448 573 1483 sed
595 1456 625 1482 et
656 1447 837 1481 Theodosio
864 1446 1090 1490 Alexandrino,
1117 1454 1147 1480 et

397 1497 584 1532 Constantio
624 1495 831 1539 Laodicensi,
873 1502 966 1541 atque
1008 1495 1146 1529 Antonio

395 1546 591 1581 Versentano
617 1545 828 1592 Eutychianae
851 1543 998 1584 haeresis,
1033 1543 1088 1578 sed
1117 1551 1147 1578 et

394 1594 561 1638 Dioscoro,
587 1594 642 1640 qui
677 1594 707 1627 in
736 1592 988 1627 Chaleedonensi
1027 1592 1146 1639 synodo

396 1644 479 1678 inter
494 1644 571 1678 alios
594 1642 707 1689 legitur
733 1642 828 1676 fuisse
847 1642 1024 1681 damnatus,
1051 1641 1147 1675 etde-

393 1692 590 1732 fensoribns,
629 1698 722 1737 atque
755 1690 945 1736 sequacibus
978 1689 1142 1724 anathema

394 1741 512 1775 dixisse
541 1739 637 1786 pietas
661 1748 760 1774 vestra
783 1738 959 1779 mandavit,
994 1739 1024 1771 in
1059 1738 1144 1773 nullo

393 1802 408 1824 a
427 1789 518 1824 nobis
531 1788 658 1835 quidem
675 1788 806 1822 moleste
828 1787 998 1833 suscipitur
1017 1799 1033 1821 a
1053 1799 1145 1832 prae-

393 1838 478 1873 dicto
500 1838 592 1872 fratre
615 1845 732 1877 nostro,
755 1836 803 1871 vel
825 1848 840 1870 a
868 1836 1007 1882 quolibet
1033 1836 1094 1870 alio
1114 1836 1144 1870 in

393 1887 568 1922 haereticos
590 1886 671 1920 dicta
685 1885 860 1920 damnatio:
885 1885 952 1924 sed,
968 1891 998 1919 et
1013 1885 1146 1919 libenter

396 1936 626 1983 amplectimur,
653 1942 683 1969 et
705 1934 790 1969 sedis
817 1934 1007 1980 apostolicae
1034 1941 1145 1968 aucto-

395 1985 485 2020 ritate
511 1984 685 2027 firmamus,
713 1983 884 2029 complices
906 1983 1144 2017 damnationum

394 2034 508 2068 similis
529 2033 737 2067 anathematis
757 2032 874 2066 ultione
899 2032 1086 2078 plectentes3
1109 2044 1145 2066 ca

396 2082 540 2117 videlicet
570 2082 701 2125 ratione,
736 2089 769 2116 ut
791 2081 889 2124 (sicut
911 2093 1004 2127 supra
1034 2080 1145 2115 memi-

394 2132 514 2175 nimus)
540 2130 715 2165 seeundum
748 2130 927 2177 praesulum
955 2129 1038 2164 sedis
1066 2141 1145 2176 apo-

394 2180 523 2215 stolicae
544 2179 723 2220 constituta,
746 2179 807 2220 his,
829 2179 882 2225 qni
898 2178 1099 2225 resipuerint,
1115 2186 1145 2213 et

394 2228 651 2276 praecedentium
690 2228 900 2274 synodorum,
942 2227 988 2262 vel
1026 2240 1142 2274 snpra-

394 2277 584 2324 seriptorum
617 2276 807 2323 apostolieae
837 2276 920 2310 sedis
958 2276 1143 2323 pontificum

393 2326 592 2373 susceperint
618 2326 808 2366 constituta,
846 2325 1078 2371 poenitentiae,
1114 2333 1144 2359 et

395 2375 630 2409 communionis
645 2374 763 2408 aditum
783 2385 969 2408 reseramus.
989 2373 1052 2408 Sed
1071 2374 1143 2420 quia

393 2424 541 2458 novimus
568 2423 673 2470 potius
705 2423 775 2470 plus
803 2422 892 2463 illos,
926 2423 979 2469 qui
1008 2423 1144 2457 baereti-

396 2485 465 2507 cam
493 2472 656 2520 perfidiam
679 2472 858 2515 destruunt,
880 2471 939 2505 sibi
959 2472 1059 2517 magis
1075 2484 1144 2518 pro-

396 2521 489 2556 desse
533 2523 702 2555 errantium
752 2520 878 2555 vitando
923 2521 1117 2555 consortium
1134 2548 1142 2561 ,

394 2582 488 2616 qnam
515 2571 687 2605 sententiae
710 2569 995 2616 suprascriptorum
1014 2570 1143 2604 Patrnm

393 2619 610 2665 multiplieiter
648 2619 798 2653 solidatae
832 2618 949 2664 aliquid
985 2619 1142 2653 firmitatis

394 2667 576 2713 adiungere,
604 2680 697 2715 quam
726 2676 849 2703 constat
870 2668 936 2702 suis
968 2667 1141 2702 indubitate

997 318 1185 342 BULLARIUM
1206 317 1372 340 ROMANUM

1195 371 1311 405 viribus
1331 371 1400 405 Deo
1421 378 1546 405 auctore
1568 369 1755 405 subsistere:
1780 369 1850 405 ideo
1873 377 1941 406 tan-

1193 432 1288 466 quam
1330 431 1393 454 non
1427 419 1547 454 noviter
1581 419 1673 453 latam
1707 418 1940 454 damnationem

1195 468 1325 502 minime
1346 468 1485 503 arbitrati
1520 480 1629 502 sumus
1660 479 1741 502 novo
1763 468 1868 515 aliquo
1891 470 1942 503 in-

1193 517 1301 564 digere
1336 529 1498 564 responso.
1534 516 1596 558 Qui
1633 516 1718 550 enim
1752 516 1942 556 haeresum,

1192 578 1324 612 quarum
1351 577 1445 612 supra
1470 565 1691 604 meminimus,
1727 565 1775 599 vel
1797 566 1940 600 omnium

1191 614 1335 658 aliarum,
1357 626 1436 661 quae
1454 622 1528 649 sunt
1553 614 1723 660 apostolica
1746 613 1956 656 definitione,'

1190 670 1221 697 et
1239 663 1462 698 constitutione
1483 663 1660 703 damnatae,
1683 670 1854 698 sectatores
1876 663 1941 699 fue-

1192 712 1253 746 rint
1276 712 1412 753 inventi,
1449 724 1511 746 non
1545 719 1667 746 tantum
1689 724 1725 746 ex
1757 723 1837 747 nova
1859 711 1956 758 lege,²

1190 761 1244 795 sed
1261 773 1299 796 ex
1314 761 1380 807 ipsa
1403 768 1566 795 auctorum
1589 772 1717 794 suorum
1742 760 1801 794 iam
1818 760 1939 807 pridem

1190 809 1392 844 damnatione
1415 809 1550 857 perculsi
1573 817 1666 849 sunt,
1693 817 1723 843 et
1744 809 1817 844 licet
1838 810 1940 857 pieta-

1189 866 1252 893 tem
1272 866 1406 893 vestram
1428 858 1517 893 aliter
1537 858 1577 892 de
1599 858 1811 893 taciturnitate
1834 866 1939 893 nostra

1189 908 1353 954 suspicari,
1369 907 1415 942 vel
1439 907 1612 952 intelligere
1629 906 1760 941 voluerit
1779 907 1936 953 malignus

1190 956 1361 1003 interpres;
1384 968 1441 990 nos
1457 963 1574 999 tamen,
1592 967 1671 1002 quos
1690 955 1799 990 beatus
1825 955 1940 991 Petrus

1189 1005 1349 1051 apostolus
1376 1005 1462 1039 omni
1501 1004 1643 1051 poscenti
1675 1004 1828 1039 rationem
1867 1005 1940 1040 red-

1190 1054 1263 1088 dere
1286 1055 1335 1100 pia
1358 1054 1526 1088 traditione
1548 1053 1719 1094 constituit,
1748 1053 1857 1088 libenti
1878 1054 1939 1088 ani-

1190 1115 1241 1137 mo
1275 1103 1491 1137 christianitati
1525 1109 1644 1136 vestrae
1679 1102 1934 1137 satisfaciendum

1189 1163 1257 1186 esse
1270 1151 1487 1199 perspeximus
1498 1154 1552 1194 (ab
1563 1150 1748 1197 suppliciter
1763 1159 1938 1198 sperantes,

1190 1208 1222 1234 ut
1245 1200 1364 1234 nullius
1397 1200 1596 1246 subrepentis
1628 1200 1747 1234 insidiis
1780 1200 1937 1246 privilegia

1189 1248 1273 1283 sedis
1300 1248 1381 1283 beati
1421 1248 1505 1283 Petri
1543 1248 1675 1294 apostoli
1710 1248 1940 1284 christianissi-

1189 1297 1248 1332 mis
1271 1297 1468 1342 temporibus
1494 1297 1604 1331 vestris
1626 1297 1658 1331 in
1680 1296 1788 1344 aliquo
1811 1298 1939 1344 permit-

1189 1346 1260 1380 tatis
1288 1346 1444 1380 imminui.
1476 1345 1564 1387 Quae
1592 1346 1617 1380 si
1646 1346 1830 1388 turbentur,
1854 1347 1939 1394 quod

1188 1407 1251 1429 non
1279 1395 1451 1439 credimus,
1474 1402 1527 1429 aut
1548 1394 1731 1429 minuantur
1756 1396 1785 1429 in
1818 1395 1937 1442 aliquo,

1189 1444 1319 1478 violatae
1342 1444 1414 1478 fidei
1442 1444 1541 1478 instar
1561 1443 1740 1478 ostendant.
1771 1444 1940 1479 Scitenim

1188 1492 1358 1538 sapientiae
1379 1500 1499 1527 vestrae
1526 1492 1625 1538 pietas
1646 1492 1829 1537 singularis,
1852 1493 1938 1528 illam

1187 1553 1221 1575 se
1243 1541 1437 1576 auctoritatis
1459 1541 1559 1587 ipsius
1580 1541 1662 1575 beati
1698 1541 1781 1576 Petri
1803 1542 1937 1589 apostoli

1188 1589 1428 1624 retributionem
1451 1590 1555 1623 modis
1570 1590 1719 1625 omnibus
1741 1590 1939 1635 merituram,

1187 1650 1280 1684 quam
1304 1639 1349 1673 vel
1374 1639 1406 1672 in
1435 1638 1519 1673 illius
1542 1638 1724 1685 privilegiis,
1747 1639 1795 1673 vel
1822 1639 1853 1673 in
1873 1651 1940 1675 no·-

1187 1694 1247 1721 stra
1271 1687 1381 1721 humili
1405 1695 1506 1721 vestra
1527 1688 1736 1728 servaveritis,
1759 1687 1827 1722 Deo
1850 1688 1939 1723 vobis

1186 1736 1356 1782 aspirante,
1379 1748 1524 1782 persona.
1547 1736 1666 1770 Tamen
1690 1744 1722 1770 ut
1744 1744 1858 1771 cuncta
1874 1737 1940 1784 pie-

1186 1792 1281 1818 tatem
1317 1792 1451 1819 vestram
1481 1784 1673 1829 informent,
1708 1792 1739 1819 et
1772 1785 1851 1820 nihil
1879 1797 1939 1832 pro

1186 1833 1290 1867 callidi
1318 1833 1513 1868 insidiatoris
1536 1834 1650 1868 astutia
1677 1834 1807 1869 alterius
1834 1834 1939 1869 relin-

1185 1890 1300 1928 quatur
1324 1882 1529 1928 ambiguum,
1563 1882 1671 1917 beatae
1705 1883 1936 1918 recordationis

1187 1931 1437 1977 praedecessoris
1455 1931 1552 1965 nostri
1581 1943 1677 1978 papae
1704 1931 1831 1973 Leonis,
1854 1944 1936 1979 quae

1186 1979 1317 2014 diversis
1343 1980 1383 2014 ad
1408 1979 1573 2014 Orientem
1602 1988 1675 2015 sunt
1708 1980 1826 2015 directa
1855 1989 1936 2015 tem-

1187 2028 1315 2075 poribus
1337 2029 1514 2068 constituta,
1542 2037 1657 2075 quanta
1681 2028 1720 2063 de
1741 2029 1886 2076 plurimis
1904 2031 1934 2064 in

1187 2078 1341 2124 praesenti
1376 2077 1550 2112 necessaria
1574 2078 1766 2112 credidimus
1784 2105 1793 2122 ,
1821 2091 1935 2125 super-

1186 2126 1371 2169 adiecimus,
1394 2134 1542 2172 rogantes
1564 2127 1747 2173 peripsum,
1761 2127 1851 2162 cuius
1864 2139 1936 2162 cau-

1186 2187 1250 2209 sam
1273 2175 1393 2221 integre
1421 2187 1513 2221 agere
1545 2174 1722 2216 festinatis,
1758 2183 1788 2210 et
1819 2176 1934 2223 cupitis

1186 2224 1421 2258 christianitatis
1447 2224 1578 2264 affectu,
1602 2232 1634 2258 nt
1658 2224 1802 2259 universa
1829 2224 1934 2271 legere

1187 2273 1287 2319 pietas
1308 2281 1408 2307 vestra
1431 2273 1590 2319 dignetur,
1618 2285 1658 2308 ne
1679 2273 1796 2320 aliquid
1819 2285 1935 2321 super-

1186 2322 1235 2366 sit,
1270 2322 1352 2369 quod
1387 2322 1517 2356 minime
1546 2322 1711 2368 relegatur.
1746 2322 1822 2357 Scio
1849 2323 1933 2357 enim

1186 2371 1258 2417 quia
1280 2371 1362 2405 sicut
1383 2370 1471 2405 Deus
1493 2371 1582 2406 vobis
1611 2371 1714 2417 legem
1741 2371 1862 2406 dederit
1879 2383 1936 2406 vo-

1186 2419 1351 2464 luntatem,
1374 2420 1414 2454 ita
1437 2427 1549 2454 cuncta
1573 2428 1753 2464 tractantes,
1780 2420 1933 2467 sapientia

1185 2468 1274 2503 vobis
1295 2468 1494 2515 singulariter
1519 2481 1535 2503 a
1559 2468 1625 2504 Deo
1652 2481 1802 2504 concessa
1824 2468 1935 2514 dispo-

1185 2517 1279 2562 nitis,
1315 2525 1348 2552 ut
1370 2530 1472 2564 neque
1494 2517 1533 2552 de
1555 2518 1724 2564 religione,
1757 2529 1860 2564 neque
1896 2517 1936 2553 de

1184 2566 1290 2613 aliquo
1318 2567 1509 2613 praeiudicio
1542 2567 1675 2613 quilibet
1708 2566 1846 2601 fidetium
1883 2576 1946 2621 stt-1

1185 2615 1346 2650 cerdotnm
1372 2617 1469 2662 possit
1491 2617 1522 2651 in
1545 2615 1685 2664 qualibet
1707 2623 1795 2663 parte
1817 2616 1935 2658 vexari,

1219 2680 1260 2717 (α)
1273 2681 1297 2708 ι.
1315 2680 1370 2708 ret,
1389 2681 1416 2708 5.

1974 314 2026 341 An.
2053 314 2080 342 C.
2108 315 2158 343 538

1971 1206 2002 1227 Da
2030 1205 2153 1234 privilegiis

1970 1240 2033 1261 Sedis
2050 1240 2153 1270 Aposto—

1969 1274 2024 1297 tit-ae
2057 1283 2153 1298 conser-

1968 1310 2053 1334 vandts.
