2237 3127
38 361 88 389 An·
103 360 132 388 C.
149 357 217 387 1026

36 1732 117 1755 liei-ata
130 1732 221 1753 seuten-

35 1767 67 1790 tin
93 1767 221 1789 anathema-

36 1804 67 1826 tis
77 1806 156 1825 conti-u
168 1810 220 1824 mo-

36 1839 122 1862 lentiam
136 1838 223 1862 Eccle-

35 1875 81 1899 ιίιι
100 1875 151 1898 hui·
183 1874 224 1897 in-

39 1912 146 1942 ferentes,
190 1911 224 1934 vel

54 1949 193 1977 praesentem

39 1984 141 2014 peginam
178 1983 224 2006 ullo

39 2018 105 2041 modo
149 2021 224 2042 teme-

86 2058 170 2078 rantes.

878 361 1016 384 loimxsss
1039 360 1097 382 xlx
1122 359 1169 380 PP.

245 421 451 457 Crescentius
473 420 637 455 diaeonus.

1671 343 1734 375 541

1392 411 1445 462 (n.

245 475 437 524 ROdUlPhUS
469 475 619 521 ¹¹¹d¹z⁰i¹¹¹¹3
656 472 817 521 l'oeSbyter
843 479 873 505 et
901 469 997 505 abbas
1040 488 1143 520 Insula
1165 486 1333 519 Gradeusis
1355 497 1420 518 cuni
1449 484 1533 516 muni
1554 483 1620 515 t'ttra
1641 482 1683 514 acl
1706 482 1791 514 Gra-

345 543 391 572 ex,
403 530 594 565 monasterio
615 529 722 563 Sancti
746 525 922 569 Laurentii,
944 523 997 571 qui

348 586 476 633 ponitur
498 585 530 618 in
552 583 707 618 clausura.

246 639 381 674 Ioannes
403 638 565 686 presbyter
586 636 671 672 eard.
696 635 740 669 tit.
764 635 798 669 S.
814 634 995 679 Grisogoni.

246 694 369 728 Franco
392 693 554 727 diaconus.

247 746 425 795 Raynerius
448 746 609 780 diaeonus.

295 801 410 835 Datum
439 812 497 834 xvl
524 797 647 832 kalend.
676 796 806 830 ianuarii
836 808 890 842 per
925 807 998 829 ma-

249 868 308 890 nus
331 854 492 888 Benedicti
516 852 654 900 episcopi
678 851 865 885 Portuensis
880 857 909 883 et
933 849 998 883 viee

247 908 410 954 Peregrini
426 907 609 942 Coloniens.
625 905 866 952 archiepiscopi,
890 903 1000 937 biblio-

246 961 376 997 thecarii
411 970 538 995 sanetae
572 959 763 1006 apostolicae
786 958 888 998 sedis3
916 970 998 991 aimo

246 1015 447 1064 pontificatus
469 1014 589 1049 domini
618 1013 715 1047 nostri
738 1013 862 1047 [ozimiis
883 1012 997 1046 summi

248 1070 407 1118 pontificis
439 1077 470 1104 et
504 1068 690 1103 universalis
728 1067 807 1101 xix
845 1079 939 1112 papae
969 1066 996 1099 in

246 1124 459 1160 sacratissima
483 1124 556 1157 sede
578 1123 614 1157 P».
631 1122 716 1156 Petri
739 1122 870 1168 apostoli
895 1123 995 1161 tertio,

246 1192 354 1214 mense
393 1177 550 1215 decemb„
575 1177 746 1211 indictione.
775 1189 806 1210 x.
844 1175 998 1210 Decerni-

246 1245 318 1268 mus
349 1244 434 1278 ergo,
477 1240 511 1266 ut
549 1231 626 1265 nulli
664 1230 793 1265 omnino
835 1231 998 1265 hominum

246 1288 337 1323 liceat
363 1286 555 1335 praedictam
579 1285 753 1320 Ecclesiam
782 1294 898 1319 temere
928 1298 999 1332 per—

247 1342 385 1385 turbare,
415 1349 469 1375 ant
501 1339 568 1373 eius
603 1339 820 1386 possessiones
855 1339 998 1380 auferre,

248 1396 295 1431 vel
317 1396 435 1430 ablatas
457 1394 602 1434 retinere,
621 1394 781 1433 minuere,
805 1394 851 1428 vel
876 1394 1000 1428 iniustis

247 1450 467 1485 vexationibus
494 1448 638 1494 fatigare:
667 1448 799 1489 scilicet,
822 1448 926 1482 omnia
952 1449 1000 1482 in-

248 1512 334 1551 tegra
357 1512 583 1539 conserventur
609 1515 739 1546 eorum,
775 1514 830 1549 pro
864 1515 998 1549 quorum

249 1558 477 1605 gubernatione
515 1569 550 1591 ac
584 1556 813 1590 sustentatione
851 1568 1000 1592 concessa

248 1621 333 1658 sunt,
362 1612 473 1647 usibus
499 1611 692 1646 omnimodis
720 1610 893 1656 profutura,
919 1612 1000 1646 salva

249 1667 333 1702 sedis
360 1666 550 1714 apostolicae
572 1665 766 1700 auctoritate.
791 1664 824 1699 Si
842 1678 922 1711 quae
942 1667 1002 1712 igi-

249 1722 345 1756 turin
364 1721 503 1756 futurum
526 1720 750 1760 ecclesiastica,
770 1719 939 1754 saecularis
955 1721 1001 1755 vel

249 1776 308 1811 alia
331 1787 463 1822 persona
497 1774 579 1808 hane
612 1781 737 1807 nostrae
770 1774 1002 1808 constitutionis

251 1830 393 1877 paginam
414 1829 529 1869 sciens,
552 1838 659 1863 eontra
675 1840 742 1862 eam
761 1836 878 1862 temere
898 1829 1002 1862 venire

250 1883 427 1924 tentaverit,
455 1882 614 1921 secundo,
649 1882 777 1916 tertiove
800 1883 1002 1927 commonita,

251 1938 311 1973 nisi
338 1945 456 1972 reatum
483 1949 576 1971 suum
612 1948 752 1982 congrua
792 1936 1004 1971 satisfactione

250 1991 445 2036 correxerit,
472 1991 634 2038 potestatis
661 1990 853 2037 honorisque
881 1992 928 2025 sui
957 2004 1005 2026 ca-

251 2053 316 2081 reat
343 2045 506 2092 dignitate,
530 2056 680 2091 reamque
701 2056 735 2078 se
757 2043 863 2078 divino
887 2045 1002 2079 iudicio

251 2102 384 2135 existere
412 2099 452 2134 de
487 2106 662 2146 perpetrata
692 2099 856 2146 iniquitate
877 2111 1005 2145 cogno-

251 2162 368 2190 scatet
400 2165 418 2189 a
451 2153 663 2188 sacratissimo
697 2164 829 2199 corpore
865 2165 901 2187 ac
928 2165 1003 2187 san-

252 2208 348 2254 guine
369 2207 427 2242 Dei
455 2214 486 2242 et
506 2207 635 2242 Domini
658 2206 882 2255 Redemptoris
904 2207 1004 2242 nostri

252 2262 326 2297 Iesu
347 2261 465 2297 Christi
487 2262 589 2296 aliena
612 2262 675 2303 fiat,
698 2269 793 2309 atque
815 2263 846 2296 in
866 2271 1006 2296 extremo

252 2316 398 2352 examine
416 2316 573 2350 districtae
589 2316 751 2351 subiaceat
770 2316 892 2351 ultioni.
917 2315 1008 2350 Cun-

254 2372 313 2406 ctis
338 2377 443 2405 autem
475 2370 579 2405 eidem
601 2370 671 2405 loco
693 2382 749 2404 sua
776 2370 842 2405 iura
875 2382 1008 2404 servan-

254 2426 351 2468 tibus,
372 2425 413 2460 sit
434 2437 495 2472 pax
515 2424 646 2459 Domini
669 2424 766 2459 nostri
785 2423 854 2458 Iesu
877 2423 1007 2465 Christi,

255 2488 411 2529 quatenus
437 2486 468 2514 et
493 2479 546 2514 hie
578 2479 715 2514 fructum
743 2478 844 2513 bonae
877 2479 1008 2513 aetionis

257 2534 451 2583 percipiant,
478 2540 509 2568 et
543 2532 624 2579 apud
655 2532 832 2567 districtum
867 2533 1006 2567 Iudicem

256 2588 398 2637 praemia
419 2595 564 2622 aeternae
586 2586 673 2634 pacis
699 2587 869 2622 inveniant.
895 2588 1007 2621 Amen.

278 2662 341 2694 Dat.
359 2662 406 2693 die
422 2661 458 2692 17
477 2661 645 2692 decembris
668 2671 744 2692 anno
765 2661 881 2692 Domini
903 2661 989 2700 1026,

431 2710 537 2752 pontif.
558 2710 675 2742 Ioannis
697 2720 773 2742 anno
795 2719 838 2742 111.

1087 540 1205 568 alensem
1231 536 1440 579 patri'nrrlirtnt
1465 534 1625 577 sper-tanti,
1651 531 1792 575 Popponi

1087 586 1277 630 Aquileiensi
1303 586 1476 617 cum-‹vlfnn-
1499 586 1553 625 tl).

1304 652 1517 684 Stantitattt

1039 717 1207 747 Exordium.
1239 734 1279 739 -—-
1310 717 1365 745 Alii
1406 716 1646 754 pra‹alet-essores
1681 713 1789 742 summi

1079 758 1231 797 pontitiees
1255 757 1362 786 similia
1388 755 1538 794 privilegia
1568 758 1789 783 concessermit.

1077 815 1117 819 —
1138 797 1337 835 Aquileiensis
1366 796 1493 825 Ecclesia
1519 799 1602 832 vaput
1627 799 1654 823 et
1676 798 1787 823 metro-

1079 838 1155 876 polis
1174 837 1371 866 Eet-lesiaium
1392 835 1490 864 ltaliae
1506 835 1685 870 tl‹2=clar;1tur;
1698 839 1725 863 et
1743 842 1791 861 se-

1079 878 1173 906 cunda
1197 882 1261 915 post
1278 886 1426 905 romanam
1446 876 1555 904 sedem.
1570 875 1692 903 l'allium
1717 883 1791 912 quo-

1078 926 1135 955 que
1154 918 1324 946 conceditur
1348 917 1374 945 in
1396 920 1566 954 perpetuum
1591 914 1789 943 adhibendum

1079 957 1194 986 statutis
1218 957 1300 986 sestis
1324 956 1440 985 diebus.
1464 972 1503 976 —
1525 954 1715 983 Confirmatio
1730 953 1789 983 Ec-

1079 998 1234 1026 clesiarum
1259 997 1400 1033 omnium,
1420 995 1624 1033 parochiarum
1645 999 1669 1023 et
1693 993 1789 1023 bono-

1080 1046 1143 1066 rum
1168 1038 1203 1066 ad
1222 1038 1388 1075 Aquileien.
1415 1036 1490 1064 l⁴]ct:l.
1512 1034 1731 1071 pertinentium.
1752 1051 1792 1056 —

1079 1077 1253 1106 Conceditur
1265 1086 1381 1115 quoque
1394 1076 1488 1104 insula
1501 1074 1613 1104 Gradus
1632 1082 1791 1114 suppresso

1080 1117 1188 1146 ibidem
1222 1117 1438 1156 patriarchatus
1472 1115 1566 1144 titulo.
1587 1132 1627 1136 —
1648 1114 1792 1143 Omnibus

1080 1157 1227 1196 episcopis
1251 1157 1452 1186 ordinationes
1476 1156 1570 1184 facere
1602 1155 1631 1184 in
1654 1154 1788 1183 districtu

1079 1198 1294 1235 patriarchatus
1311 1197 1374 1226 sine
1391 1196 1574 1235 patriarchae
1590 1194 1792 1223 consensuin-

1081 1238 1241 1266 terdieitur.
1268 1254 1308 1259 --
1336 1237 1498 1265 Anathema
1527 1240 1624 1265 contra
1649 1234 1792 1273 privilegii

1081 1278 1169 1306 huius
1194 1282 1438 1315 transgressores.

1040 1345 1150 1373 Ioannes
1167 1345 1305 1379 episcopus
1325 1351 1419 1371 servus
1437 1349 1575 1371 servorum
1586 1341 1640 1374 Dei,
1655 1341 1752 1369 dilecto
1765 1340 1794 1368 in

1084 1390 1190 1417 Christo
1218 1389 1302 1417 {ratri
1329 1389 1446 1424 Popponi
1475 1389 1584 1415 sanctae
1615 1386 1794 1422 Aquileiensis

1085 1435 1215 1463 Ecclesiae
1236 1435 1409 1470 patriarchae
1428 1434 1587 1468 perpetuam
1612 1431 1739 1459 satutem.

1090 1498 1170 1532 Cum
1197 1510 1307 1543 magua
1338 1497 1428 1531 nohis
1454 1496 1654 1530 solicitudine
1678 1494 1794 1529 insistit

1042 1560 1115 1582 cura
1139 1560 1194 1594 pro
1223 1547 1377 1581 universis
1403 1546 1554 1581 Ecclesiis
1577 1545 1634 1579 Dei
1668 1557 1702 1578 ac
1732 1544 1794 1591 piis

1042 1598 1118 1632 locis·
1147 1597 1320 1643 vigilandi,
1359 1608 1396 1630 ne
1431 1596 1566 1642 aliquam
1597 1594 1793 1629 necessitatis

1043 1647 1192 1681 iacturam
1215 1647 1407 1691 sustineant,
1440 1646 1494 1680 sed
1524 1645 1624 1690 magis
1648 1643 1795 1691 propriae

1045 1697 1184 1731 utilitatis
1229 1696 1386 1742 stipendia
1427 1702 1680 1742 consetpiantur3
1722 1693 1794 1727 ideo

1043 1747 1214 1789 convenit,
1250 1758 1305 1779 nos
1340 1754 1400 1779 tota
1428 1744 1542 1779 mentis
1569 1744 1716 1777 aviditate
1739 1755 1795 1777 eo-

1044 1797 1175 1830 rundem
1201 1804 1337 1830 veterum
1361 1795 1501 1829 locorum
1537 1793 1736 1827 stabilitatem
1760 1804 1795 1826 ac

1045 1846 1253 1891 integritatem
1277 1845 1413 1879 maxime
1438 1856 1603 1890 procurare
1626 1852 1656 1878 et
1683 1842 1794 1877 sedulo

1045 1907 1153 1929 eorum
1175 1896 1340 1929 utilitatem
1363 1906 1398 1928 ac
1423 1893 1561 1927 subsidia
1586 1893 1648 1927 illic
1669 1900 1796 1927 contra-

1046 1945 1131 1987 here,
1155 1953 1185 1978 ut
1206 1945 1273 1979 Deo
1291 1952 1397 1978 nostro
1420 1942 1627 1989 omnipotenti
1653 1942 1695 1985 id,
1711 1941 1794 1988 qnod

1047 2007 1101 2041 pro
1121 1995 1187 2029 eius
1213 1994 1311 2028 sancti
1339 1994 1476 2028 nominis
1498 1993 1618 2027 honore
1645 1999 1675 2026 et
1691 1991 1796 2035 laude,

1046 2052 1139 2090 atque
1161 2044 1256 2089 gloria
1286 2044 1353 2078 eius
1387 2043 1511 2077 dix-inae
1544 2042 1714 2076 maiestatis
1737 2053 1797 2075 no-

1047 2103 1179 2127 strarum
1199 2106 1301 2127 rerum
1324 2094 1511 2127 confirmare
1535 2091 1691 2126 veteribus
1707 2090 1797 2134 locis,

1047 2143 1085 2177 sit
1108 2143 1297 2189 acceptabile
1313 2147 1369 2185 tz').
1385 2142 1559 2176 Nobiscum
1573 2141 1612 2175 ab
1627 2141 1696 2175 eius
1710 2140 1799 2174 locu-

1047 2193 1219 2240 pletissima
1248 2192 1461 2226 misericordia
1493 2191 1587 2237 digna
1615 2189 1798 2224 huiusmodi

1049 2243 1090 2289 pii
1113 2243 1142 2276 in
1171 2242 1302 2276 sidereis
1324 2242 1442 2276 censeri
1471 2253 1559 2275 amor
1589 2239 1716 2274 arcibus
1747 2251 1798 2274 re-

1048 2291 1276 2326 muneratione.
1300 2291 1399 2336 lgitur
1417 2292 1490 2338 quia
1515 2290 1694 2337 postulastis
1713 2302 1727 2322 a
1748 2301 1801 2323 no-

1049 2341 1108 2385 bis,
1126 2350 1281 2388 quatenus
1298 2341 1539 2386 patriarchatum
1557 2340 1690 2374 Sanctae
1704 2338 1798 2385 Aqui-

1049 2391 1176 2425 leiensis
1197 2390 1358 2425 Ecclesiae
1380 2403 1452 2424 cum
1486 2389 1570 2423 omni
1594 2401 1651 2423 suo
1679 2388 1798 2422 honore

1049 2449 1141 2487 atque
1175 2441 1240 2475 suis
1277 2440 1475 2487 pertinentiis
1503 2446 1603 2473 totum
1631 2439 1661 2472 in
1702 2450 1797 2471 unum

1050 2491 1138 2525 vohis
1160 2490 1369 2529 conferamus,
1392 2490 1475 2523 sicut
1497 2489 1571 2523 olim
1592 2500 1606 2521 a
1640 2488 1677 2521 B.
1705 2486 1799 2521 Petro

1052 2540 1192 2586 principe
1218 2539 1448 2584 apostolorum,
1484 2550 1541 2572 nec
1575 2549 1635 2571 non
1654 2537 1799 2582 Eugenio

1050 2598 1142 2635 atque
1163 2588 1327 2635 Gregorio,
1359 2588 1554 2634 caeterisque
1578 2587 1801 2633 praedecesso-

1050 2638 1137 2673 ribus
1164 2639 1279 2673 nostris
1300 2638 1394 2672 huius
1417 2636 1608 2685 apostolicae
1630 2636 1716 2671 sedis
1731 2636 1801 2683 epi-

1087 2715 1125 2751 (t)
1144 2715 1183 2742 Ex
1203 2715 1320 2741 authent.
1341 2714 1486 2749 exemplari
1511 2713 1592 2740 edidit
1616 2712 1720 2748 Ughett.
1741 2711 1800 2740 ltal.

1051 2759 1123 2793 Sao„
1140 2763 1161 2787 t.
1178 2766 1205 2786 v.
1244 2759 1284 2795 (2)
1300 2759 1370 2786 Note
1390 2758 1540 2786 barbariem
1556 2757 1629 2793 styli.

1815 341 1867 369 An.
1887 340 1917 369 C.
1934 340 2001 370 1027

1824 1502 1940 1526 Exordium
