2237 3127
27 330 76 358 An.
97 329 126 356 C.
142 328 210 357 4053

861 345 893 369 8.
920 344 983 369 LEO
1009 346 1046 369 lx
1073 347 1122 370 PP.

233 397 344 437 fuerit,
372 396 486 433 virtute
514 396 682 445 patientiae
705 397 896 435 devincatur.
912 400 990 435 Nul-

232 447 299 482 lum
330 448 413 494 apud
436 456 466 483 te
487 447 595 482 locum
623 449 716 492 odia,
755 449 875 484 nullum
906 450 990 485 favor

232 497 427 532 indiscretus
467 498 620 538 inveniat3
661 499 897 534 misericordem
937 508 986 543 te,

232 556 329 594 prout
351 547 449 581 virtus
469 547 598 594 patitur,
622 548 813 594 pauperibus
832 549 988 589 exliil)eto;

232 597 396 644 oppressis
419 597 563 631 defensio
595 604 647 631 tua
674 597 851 642 subveniat,
879 599 988 645 oppri-

232 646 395 681 mentibus
434 646 594 680 moderata
630 648 747 681 erectio
783 648 986 682 contradicat.

229 695 358 730 Nullius
386 695 497 730 faciem
526 704 634 730 contra
661 696 812 730 iustitiam
840 698 987 744 accipias,

230 745 353 779 nullum
374 753 581 792 quaerentem
606 745 683 779 iusta
714 745 879 791 despicias.
915 746 987 781 Cu-

229 795 332 829 stodia
362 795 390 828 in
415 802 446 828 te
472 793 640 841 aequitatis
671 795 827 835 excellat,
868 804 902 830 ut
930 808 987 830 nec

228 844 357 878 divitem
382 844 520 890 potentia
540 856 594 877 sua
613 851 642 877 te
663 844 781 890 aliquid
798 845 878 891 apud
901 853 985 879 extra

230 894 312 927 viam
335 893 466 927 suadeat
492 893 621 927 rationis
642 893 763 934 audire,
786 906 890 940 neque
909 907 986 941 pau-

231 954 338 990 perem
363 942 401 977 de
424 955 457 977 se
479 955 533 976 sua
567 942 658 976 faciat
683 943 843 977 humilitas
865 944 985 990 despe-

230 1004 317 1034 rare3
359 999 527 1039 quatenus,
562 992 629 1026 Deo
664 992 848 1035 miserante,
885 993 985 1039 possis

227 1042 298 1076 talis
325 1043 460 1076 existere
476 1069 484 1081 ,
511 1041 636 1088 qualem
662 1054 750 1076 sacra
773 1042 865 1076 lectio
888 1055 985 1088 prae-

227 1091 305 1139 cipit
327 1091 453 1126 dicens:
482 1090 616 1138 Oportet
638 1091 822 1138 episcopum
848 1092 985 1138 irrepre-

227 1140 420 1176 hensibilem
444 1153 513 1175 esse
541 1144 599 1185 (α).·
622 1140 675 1175 sed
701 1141 747 1174 bis
766 1141 913 1175 omnibus
934 1154 985 1175 sa-

227 1190 362 1225 lubriter
389 1191 432 1224 uti
458 1191 591 1237 poteris,
624 1191 649 1225 si
674 1191 852 1236 magistram
881 1191 984 1225 cbari-

226 1248 322 1275 tatem
346 1240 507 1283 habueris,
529 1252 624 1286 quam
652 1240 704 1286 qui
728 1248 855 1274 secutus
877 1240 982 1279 fuerit,

227 1302 243 1325 a
279 1298 364 1325 recto
396 1289 564 1337 aliquando
599 1290 719 1323 tramite
755 1303 817 1324 non
853 1290 981 1324 recedit.

228 1339 324 1384 Ecce,
355 1339 447 1374 frater
469 1340 664 1382 charissime,
694 1340 773 1373 inter
805 1340 899 1373 multa
924 1341 982 1374 alia

228 1389 287 1424 ista
310 1389 499 1429 sacerdotii,
529 1391 583 1423 ista
613 1397 686 1424 sunt
710 1389 804 1436 pallii.
841 1389 929 1430 Quae
957 1391 981 1424 si

229 1439 373 1474 studiose
399 1439 593 1478 servaveris,
621 1439 707 1486 quod
742 1439 858 1473 deforis
884 1452 982 1473 acce—

229 1489 315 1536 pisse
351 1488 549 1529 ostenderis,
578 1489 661 1522 intus
697 1488 837 1522 habebis.
867 1488 981 1523 Sancta

227 1538 368 1573 Trinitas
389 1538 614 1572 fraternitatem
639 1547 769 1572 vestram
794 1539 892 1584 gratia
909 1552 982 1573 snae

228 1588 433 1635 protectionis
460 1588 651 1629 circumdet,
687 1596 779 1635 atque
808 1589 846 1622 ita
872 1589 902 1622 in
927 1589 982 1621 iti-

227 1637 311 1672 neris
333 1638 379 1672 sui
403 1638 450 1672 via
474 1650 532 1672 nos
559 1638 693 1683 dirigat,
731 1646 763 1672 ut
792 1646 860 1684 post
887 1638 982 1672 liuius

226 1687 307 1722 vitae
329 1687 573 1722 amaritudinem
607 1688 644 1722 ad
677 1695 836 1722 aeternam
863 1687 981 1721 dulce-

227 1737 334 1774 dinem
376 1738 541 1784 pervenire
589 1749 777 1788 mereamur.
829 1736 900 1771 Dat.
942 1750 978 1771 ιιι

229 1798 304 1821 non.
324 1786 452 1821 ianuarii
476 1798 558 1820 anno
572 1786 610 1820 D.
628 1786 744 1821 Leonis
766 1799 817 1833 pp.
843 1787 915 1821 noni
936 1799 980 1827 iv,

229 1835 338 1871 indict.
368 1848 413 1870 vr.

279 1892 340 1923 Dat.
364 1893 410 1923 die
429 1893 446 1922 3
469 1892 593 1922 ianuarii
614 1902 689 1921 anno
707 1892 823 1922 Domini
847 1893 933 1930 1053,

413 1933 515 1972 pontis.
534 1933 640 1962 Leonis
663 1942 739 1962 anno
762 1941 798 1962 lv.

546 2067 665 2102 xxxi.

233 2140 280 2174 De
307 2142 448 2186 primatu
486 2141 736 2185 Curtlmyi'uensis
763 2141 982 2185 archiepiscopi

279 2203 368 2235 super
395 2203 496 2224 onmes
528 2193 618 2224 totius
652 2191 777 2234 Afrum*
809 2194 979 2234 flmmttt‘cs,

278 2247 305 2273 et
326 2243 507 2274 auctoritate
539 2241 665 2273 romani
683 2242 833 2284 pontificis
862 2242 891 2272 in
914 2253 982 2272 rmi-

279 2292 437 2323 vocatione
462 2291 684 2331 conciliorum,
715 2297 741 2322 et
774 2291 980 2334 episcoporum

276 2340 474 2384 depositione.

501 2395 714 2425 Stultitrxntmt

228 2448 379 2478 Discordia
406 2449 481 2478 inter
503 2448 682 2478 christianos
706 2448 845 2487 pessima.
865 2465 905 2471 —
925 2448 980 2477 Pro

270 2498 302 2517 ea
327 2489 416 2526 igitur
440 2489 568 2518 tollenda
598 2489 631 2517 ad
660 2490 759 2517 sedem
789 2488 979 2527 apostolicum

269 2529 333 2557 iure
357 2529 528 2557 recurritur.
542 2546 582 2550 —
600 2528 632 2557 Ei
655 2529 722 2557 licet
740 2529 897 2567 episcopus
913 2528 982 2557 Car-

272 2568 454 2606 tliaginensis
482 2569 520 2597 sit
540 2569 633 2597 maior
664 2569 692 2597 in
727 2573 782 2597 tota
808 2568 914 2604 Ati-tea,
943 2585 982 2589 —

269 2607 365 2646 Papae
389 2613 484 2637 tamen
505 2608 597 2637 solius
618 2610 777 2637 auctoritas
796 2613 839 2637 est
856 2608 980 2637 cont-ilia

272 2648 419 2686 generalia
449 2649 625 2678 convocandi
656 2653 683 2678 et
710 2649 864 2687 episcopos
888 2648 980 2686 depo-

271 2688 371 2717 nendi.

270 2736 310 2773 (a)
329 2737 338 2762 1
358 2736 390 2762 ad
402 2736 518 2763 Timoth.
537 2745 575 2768 ιιι,
597 2738 623 2762 ⁴2.

310 2780 376 2811 Ball
405 2780 481 2810 Ram.
511 2780 564 2810 Vol.
588 2781 599 2810 Ι
787 2782 822 2811 70

1664 338 1733 372 625

1067 405 1115 433 Leo
1135 405 1274 441 episcopus
1291 413 1385 434 servus
1403 414 1541 434 servorem
1558 407 1613 439 Dei,
1634 407 1748 436 'rhomae

1076 449 1211 478 confratri
1237 451 1378 479 carissimo
1399 455 1425 479 et
1442 453 1595 487 coepiscopo
1609 453 1736 481 salutem.

1078 499 1098 545 S
1128 504 1157 533 t.
1193 499 1274 534 Cum
1304 513 1343 534 ex
1371 502 1593 535 venerabilium
1622 514 1778 537 canonum

1031 549 1214 583 auctoritate
1232 550 1408 591 recolimus,
1436 562 1494 585 (xcv
1516 552 1682 597 episcopos
1710 565 1782 586 cou-

1030 598 1102 631 cilio
1125 598 1303 633 interfuisse
1330 599 1580 646 Carthaginensi,
1603 610 1632 635 et
1658 614 1741 635 nuuc
1763 614 1778 636 a

1029 654 1079 681 tua
1105 647 1294 682 fraternitate
1316 649 1464 683 audimus
1487 650 1627 696 quinque
1646 651 1696 685 vix
1712 652 1780 697 epi-

1030 708 1144 743 scopos
1170 710 1338 744 superesse
1371 699 1399 732 in
1431 706 1492 733 teta
1523 700 1640 740 Africa,
1669 702 1779 747 utique

1029 748 1117 779 tertia
1160 747 1252 781 liuius
1285 748 1497 794 corruptibilis
1536 749 1644 783 mundi
1675 759 1778 796 p:n·te;

1028 805 1236 842 compatimur
1271 805 1372 831 tantae
1408 806 1525 832 vestrae
1561 799 1773 834 imminutioni

1029 846 1100 878 totis
1130 845 1303 880 visceribus
1325 847 1433 880 animi.
1458 847 1537 881 Cum
1561 856 1663 883 autem
1695 850 1778 895 ipsas

1027 893 1263 930 christianitatis
1286 896 1432 942 reliquias
1454 898 1624 932 ediscimus
1653 899 1776 933 interna

1027 951 1055 976 et
1079 952 1185 978 mutua
1207 944 1403 979 dissensione
1427 946 1561 980 discindi
1578 955 1608 982 et
1626 948 1777 994 dispergi,

1027 1000 1058 1026 et
1084 993 1233 1027 adversus
1260 1007 1292 1028 se
1321 995 1452 1029 invicem
1485 997 1551 1030 zelo
1585 1006 1613 1030 et
1645 1005 1779 1031 conten-

1026 1041 1111 1076 tioue
1136 1044 1330 1089 principatus
1358 1045 1470 1084 inflari,
1503 1045 1545 1079 nil
1578 1046 1662 1080 aliud
1688 1047 1779 1081 nobis

1029 1092 1128 1136 primo
1157 1093 1326 1127 dicendum
1350 1096 1483 1128 occurrit
1500 1123 1507 1135 ,
1535 1108 1627 1142 quam
1654 1096 1728 1130 illud
1752 1110 1776 1130 s.

1025 1141 1124 1175 Amos
1149 1144 1243 1176 vatis:
1277 1142 1373 1177 Parce
1396 1143 1541 1185 Domine,
1566 1158 1656 1191 parce
1682 1147 1778 1180 obse-

1025 1202 1096 1231 cr03
1119 1193 1191 1237 quis
1213 1192 1398 1227 subscitabit
1426 1193 1530 1238 Iacob,
1565 1196 1637 1241 quia
1662 1207 1779 1242 parvu-

1026 1239 1074 1273 lus
1097 1241 1166 1274 est‘?

1073 1289 1092 1334 g
1114 1292 1146 1323 2.
1173 1290 1234 1325 Sed
1259 1292 1403 1338 qrramvis
1427 1293 1456 1326 iu
1482 1293 1531 1327 tali
1555 1301 1703 1341 tantoque
1727 1294 1779 1328 de-

1024 1338 1107 1373 festu
1129 1340 1288 1385 religionis
1308 1342 1477 1388 plurimum
1502 1344 1675 1384 dolentium,
1701 1345 1777 1377 mul-

1025 1396 1089 1422 ttttn
1134 1398 1237 1424 {anien
1283 1392 1480 1435 gaudemus,
1527 1395 1597 1439 quia
1647 1403 1775 1427 saut-tae

1025 1451 1170 1474 romanae
1187 1439 1347 1475 Ecclesiae
1368 1443 1472 1475 matris
1491 1451 1611 1477 vestrae
1637 1453 1775 1477 senteu-

1024 1487 1096 1521 tiam
1125 1491 1285 1536 requiritis
1312 1499 1341 1524 et
1359 1492 1531 1537 expectatis
1555 1504 1650 1538 super
1677 1505 1776 1540 quae-

1023 1538 1178 1573 stionibus
1202 1540 1322 1578 vestris,
1356 1548 1385 1574 et
1412 1541 1500 1587 quasi
1526 1542 1633 1576 rivulis
1656 1543 1694 1577 ab
1715 1555 1776 1577 uno

1023 1590 1108 1625 fonte
1130 1594 1390 1640 erumpentibus,
1425 1603 1455 1629 et
1478 1595 1506 1629 iu
1536 1608 1593 1630 suo
1616 1609 1648 1631 se
1678 1609 1773 1631 cursu

1025 1657 1078 1690 per
1100 1646 1220 1681 diversa
1243 1648 1474 1695 spargentibus,
1497 1651 1533 1683 ad
1559 1651 1658 1697 ipsius
1681 1650 1775 1685 fontis

1025 1699 1156 1744 primam
1193 1702 1414 1747 scaturiginem
1444 1704 1554 1738 reverti
1578 1705 1693 1739 debere
1715 1718 1774 1751 op-

1024 1753 1133 1786 timum
1162 1755 1288 1799 putatis,
1318 1764 1349 1789 ut
1385 1756 1457 1791 iude
1494 1760 1659 1793 resumatis
1687 1758 1772 1793 dire-

1023 1806 1136 1841 ctionis
1159 1808 1336 1854 vestigium,
1365 1810 1448 1844 unde
1474 1813 1654 1858 sumpsistis
1678 1813 1772 1847 totius

1023 1860 1212 1897 christianae
1239 1864 1398 1909 religionis
1420 1866 1595 1900 exordium.

1071 1918 1090 1962 g
1119 1920 1149 1949 5.
1173 1916 1304 1952 Noveris
1326 1931 1399 1964 ergo
1423 1921 1529 1966 procul
1557 1921 1664 1964 dubio,
1699 1922 1770 1968 quia

1024 1979 1092 2016 post
1120 1982 1283 2005 romanum
1308 1974 1487 2019 pontificem
1513 1975 1634 2021 primus
1648 1976 1772 2010 archie-

1023 2025 1183 2070 piscopus,
1209 2033 1241 2059 et
1262 2026 1356 2060 totius
1383 2027 1507 2063 Africae
1536 2030 1689 2063 maximus
1712 2043 1773 2064 me-

1023 2080 1228 2125 tropolitanus
1247 2089 1292 2114 est
1310 2080 1571 2128 Carthaginensis
1593 2085 1773 2131 episcopus;

1023 2146 1079 2167 nec
1101 2134 1295 2181 quicumque
1318 2135 1355 2169 sit
1378 2135 1430 2170 ille
1453 2136 1679 2172 Gummitanns
1701 2139 1772 2185 epi-

1021 2200 1158 2233 scopus,
1197 2187 1333 2235 aliquam
1370 2189 1527 2225 licentiam
1562 2192 1768 2226 consecrandi

1021 2241 1188 2287 episcopos
1215 2242 1262 2276 vel
1285 2244 1477 2290 deponendi,
1505 2258 1559 2279 seu
1581 2246 1771 2293 provinciale

1021 2295 1189 2329 concilium
1209 2298 1400 2331 convocandi
1416 2298 1509 2333 habet
1525 2301 1593 2334 sine
1613 2313 1770 2335 consensu

1022 2348 1246 2395 Cartliaginen.
1277 2351 1709 2399 archiepiscopi,‘cuiuslibet
1728 2355 1773 2388 di-

1022 2403 1149 2448 gnitatis
1171 2412 1224 2438 aut
1248 2407 1409 2452 potestatis
1437 2407 1496 2440 sit:
1524 2410 1665 2454 exceptis
1702 2408 1772 2451 his,

1022 2458 1074 2504 qui
1110 2458 1147 2492 ad
1186 2461 1342 2506 propriam
1382 2460 1560 2506 parochiani
1593 2462 1774 2506 pertinent,

1022 2519 1142 2564 caetera
1164 2520 1279 2549 autem,
1303 2513 1384 2546 sicut
1412 2522 1439 2547 ct
1467 2515 1515 2547 alii
1540 2514 1680 2549 Africani
1705 2517 1774 2562 cpi-

1022 2565 1122 2612 scopi,
1154 2566 1286 2600 consilio
1320 2565 1583 2612 Carthaginensis
1617 2570 1776 2615 archiepi-

1023 2620 1110 2666 scopi
1130 2629 1209 2665 aget.
1234 2620 1326 2655 Unde
1348 2622 1503 2655 carissimi
1528 2623 1701 2657 confratres
1717 2636 1775 2658 no-

1023 2674 1075 2707 stri
1104 2682 1133 2707 et
1156 2675 1338 2721 coepiscopi
1362 2675 1476 2709 Petrus
1495 2685 1523 2709 et
1542 2676 1677 2711 loannes
1694 2688 1775 2711 ret-tu

1024 2728 1161 2762 sentiunt
1188 2728 1227 2763 de
1254 2728 1515 2768 (laritmginvnsis
1543 2731 1701 2767 Ecclesiae
1728 2732 1775 2770 (2:¹-

1807 323 1857 354 Ᾱιι.
1874 327 1903 356 C.
1922 324 1990 357 ¹053

1808 523 1923 545 Discordia
1953 525 1990 546 in-

1805 566 1838 584 ter
1851 563 1984 585 christianos

1806 607 1857 628 pess
1868 608 1911 622 ina.

1805 1303 1847 1324 Pro
1873 1309 1896 1324 ea
1921 1302 1988 1330 igitur

1805 1337 1902 1360 tollenda
1962 1338 1988 1359 ad

1805 1373 1882 1395 Sedu-m
1892 1376 1988 1403 Apnsto-

1805 1410 1871 1432 licam
1891 1418 1936 1432 ιιιιϊ
1950 1417 1988 1431 re-

1806 1451 1910 1475 curritur3

1803 1932 1828 1953 Et
1862 1930 1916 1953 licet
1933 1932 1985 1961 epi-

1803 1976 1883 1997 scnpus
1897 1968 1988 1990 Cartha-

1803 2005 1902 2032 alnensis
1959 2008 1986 2025 §it

1803 2040 1873 2061 iunior
1891 2041 1911 2061 in
1941 2044 1986 2061 tota

1805 2075 1887 2105 Africa,
