2237 3127
1631 271 1644 302 4
1656 271 1675 302 5

240 343 388 391 Quarta
402 341 559 379 tandem
581 340 754 379 collectio
775 342 920 379 Romae
936 341 1109 391 evulgata
1128 355 1232 379 anno
1254 341 1350 380 1586
1367 355 1435 393 per
1451 341 1635 380 haeredes
1652 343 1726 379 iam

187 403 278 443 dicti
305 403 450 449 Bladii,
476 416 576 455 quae
604 416 728 455 usque
748 403 795 440 ad
827 412 1003 454 tempora
1030 404 1125 441 Sixti
1157 403 1193 439 V
1223 403 1483 454 protrahitur,
1506 412 1584 450 est,
1609 417 1724 455 quarn

186 464 348 502 celebris
379 463 676 501 iurisconsultus
713 464 889 501 Laertius
923 464 1171 502 Cherubinus
1205 465 1243 500 in
1279 463 1403 501 lucem
1437 463 1578 511 edidit,
1606 473 1644 502 et
1680 478 1724 501 ex

185 526 437 575 noningentis
466 539 509 562 ac
531 525 668 575 viginti
693 525 843 562 duabus
868 525 1223 563 Constitutionibus
1245 525 1444 563 conflatur.
1469 526 1572 563 Haec
1597 526 1728 573 semel,

184 596 222 625 et
239 588 379 625 iterum
397 601 466 638 per
481 588 520 624 P.
535 586 727 636 Angelum
750 587 904 624 Mariam
921 586 1189 624 Cherubinum
1205 588 1370 624 auctoris
1391 586 1513 624 filium
1530 589 1727 638 recognita

182 657 221 686 et
245 657 354 685 aucta
374 657 506 700 postea
524 656 594 692 est,
614 648 678 698 qui
703 649 873 698 paternis
897 648 997 684 curis
1018 647 1242 694 succedens,
1260 657 1498 700 postremam
1515 647 1726 686 editionem

182 709 321 748 factam
337 723 440 746 anno
464 708 561 754 1634
577 723 594 745 a
615 710 650 745 5.
670 709 800 745 Leone
816 709 956 758 Magno
973 722 1097 759 usque
1116 710 1163 746 ad
1187 709 1330 747 Urbani
1353 710 1439 747 Vlll
1459 710 1725 760 pontificatum

183 771 357 809 deduxit.
388 771 486 808 Nam
516 769 621 821 quod
647 769 841 821 reliquum
868 777 926 806 est
950 769 997 806 ab
1022 769 1095 806 hoc
1119 784 1213 807 aevo
1234 784 1356 822 usque
1381 772 1428 808 ad
1449 785 1593 809 annum
1629 772 1725 822 1669

180 833 222 869 in
249 831 531 883 posterioribus
554 830 745 882 praefatae
774 830 1023 868 Collectionis
1054 831 1315 878 editionibus,
1348 832 1490 870 referre
1526 842 1725 884 acceptum

182 892 371 932 debemus
400 894 470 930 ΡΙ).
503 891 652 942 Angelo
684 906 704 929 a
737 893 958 938 Lantusca,
986 901 1024 930 et
1051 893 1187 930 Ioanni
1216 893 1334 931 Paulo
1362 908 1381 930 a
1411 895 1532 931 Roma
1566 894 1726 933 Ordinis

178 955 376 993 Minorum
403 953 438 991 S.
466 954 658 991 Francisci
686 953 889 991 strictioris
913 953 1193 992 observantiae.

231 1017 335 1054 Haec
354 1015 549 1053 Bullarum
576 1015 750 1053 collectio
775 1016 914 1052 iterum
941 1015 1069 1066 praelo
1096 1017 1302 1054 commissa
1330 1025 1388 1054 est
1415 1017 1597 1066 Lugduni
1624 1031 1727 1055 anno

184 1077 295 1130 1673,
310 1091 352 1114 ac
370 1077 579 1115 novissime
593 1077 857 1127 Luxemburgi
879 1077 1001 1128 (quod
1023 1079 1203 1115 (}e11evae
1219 1079 1334 1116 tacito
1355 1079 1513 1116 nomine
1531 1078 1727 1116 linxerunt

178 1138 363 1188 editores)
388 1137 436 1176 de
464 1138 607 1190 quibus
637 1138 788 1176 duabus
808 1137 1044 1176 editionibus
1076 1139 1292 1177 notandum
1311 1149 1385 1184 est,
1412 1140 1450 1177 in
1473 1140 1724 1189 Lugdunensi

177 1213 407 1252 suppressas
437 1214 479 1237 ac
504 1201 666 1238 omissas
698 1199 815 1237 fuisse
843 1200 1049 1238 nonnullas
1077 1201 1202 1239 Bullas
1218 1230 1227 1247 ,
1252 1216 1351 1253 quae
1376 1203 1415 1239 in
1441 1202 1726 1253 exemplaribus

178 1263 324 1312 Romae
339 1262 537 1313 impressis
559 1261 758 1312 leguntur,
781 1276 957 1314 quasque
978 1276 1144 1314 acquum
1166 1264 1289 1301 fuerat
1309 1277 1459 1301 summa
1482 1263 1556 1301 lide
1577 1264 1726 1310 reserri3

178 1332 217 1361 et
247 1323 354 1375 quod
381 1324 518 1361 attinet
548 1323 594 1360 ad
618 1324 1007 1373 Luxemburgensem
1041 1333 1117 1361 tim
1147 1325 1278 1362 multis
1306 1334 1426 1362 scatet
1459 1325 1658 1363 erroribus
1690 1334 1727 1362 et

177 1384 425 1422 librariorum
452 1385 615 1432 mendis,
642 1394 756 1437 atque
773 1385 869 1422 adeo
890 1385 1060 1422 involuta
1082 1396 1120 1423 et
1142 1387 1360 1424 inordinata
1384 1396 1454 1433 est,
1480 1396 1522 1424 ut
1551 1388 1614 1424 vix
1641 1387 1725 1424 usui

177 1460 263 1483 esse
283 1447 405 1497 possit
425 1460 546 1498 quum
571 1448 797 1497 praesertim
821 1447 965 1484 indices
987 1449 1199 1498 opportuni
1217 1449 1256 1485 in
1276 1462 1318 1485 ea
1339 1448 1619 1486 desiderentur.

232 1507 318 1544 Hoc,
348 1521 440 1545 vero
473 1509 717 1555 Bzcllam'wn,
749 1508 854 1560 quod
887 1509 960 1545 sub
998 1509 1212 1548 Cherubini
1245 1510 1405 1546 nomine
1437 1509 1728 1555 circumfertur,

179 1583 428 1621 quocumque
450 1569 607 1609 tandem
633 1570 719 1607 loco
740 1569 884 1607 editum
908 1571 977 1616 sit,
998 1571 1184 1622 quodque
1202 1571 1383 1609 manibus
1414 1571 1727 1622 iurisperitorum

179 1630 354 1681 quotidie
382 1640 570 1678 versatur,
590 1640 627 1669 et
643 1632 728 1669 foro
749 1632 1005 1684 ecclesiastico
1034 1633 1212 1681 inservit,
1248 1647 1366 1685 quam
1398 1646 1578 1669 mancum
1603 1633 1672 1679 sit,
1691 1642 1728 1670 et

178 1692 467 1730 Pontiliciarum
480 1694 815 1734 Constitutionum
832 1695 959 1745 inops,
973 1695 1151 1746 quisquis
1168 1696 1207 1732 in
1225 1693 1447 1733 huiusmodi
1464 1694 1728 1732 ecclesiasticis

178 1755 443 1792 monumentis
467 1755 608 1807 hospes
629 1770 708 1793 non
730 1765 808 1801 est,
832 1755 938 1793 facile
959 1757 1146 1806 intelligit.
1176 1760 1225 1795 At
1246 1760 1356 1796 venia
1383 1760 1508 1813 aliqua
1526 1760 1651 1798 danda
1673 1770 1730 1799 est

178 1815 421 1853 Cherubino:
441 1830 512 1853 suo
531 1818 675 1868 quippe
692 1830 760 1854 ore
774 1818 806 1854 is
826 1817 976 1864 fitetur„
994 1832 1034 1855 se
1050 1818 1097 1855 ad
1115 1820 1319 1870 proprium
1340 1835 1454 1859 usum
1473 1831 1509 1859 et
1525 1822 1729 1861 utilitatem

178 1875 423 1914 diversorum
440 1878 671 1915 Pontificum
691 1878 1000 1916 Constitutiones
1019 1879 1229 1929 collegisse,
1247 1884 1489 1935 summisque
1508 1883 1728 1921 Bladiorum

178 1938 516 1990 typographorum
549 1939 728 1991 precibus
758 1949 979 1991 permotum
1010 1941 1145 1987 fuisse,
1179 1951 1221 1979 ut
1255 1943 1410 1981 easdem
1446 1946 1549 1997 typis
1577 1944 1727 1996 vulgari

183 2007 389 2049 pateretur.
417 2000 504 2037 Huc
527 2000 692 2047 accedit,
721 2000 826 2053 quod
854 2001 1066 2039 Cherubini
1097 2016 1191 2040 aevo
1221 2003 1323 2041 haud
1344 2005 1540 2056 prodierat
1573 2007 1629 2043 vis
1662 2007 1726 2043 illa

180 2073 320 2110 ingens
339 2071 701 2109 monumentorum,
717 2063 860 2114 quibus
884 2062 999 2100 hodie
1014 2064 1160 2101 utimur
1175 2065 1223 2102 ad
1243 2065 1445 2104 historiam
1467 2076 1549 2104 tum
1568 2082 1730 2115 sacram,

178 2130 263 2159 tum
279 2122 430 2160 civilem
444 2123 721 2161 elucidandam:
741 2138 866 2176 neque
882 2125 932 2162 illi
950 2134 1157 2176 patuerunt
1172 2127 1337 2174 archiva,
1350 2129 1454 2166 unde
1469 2129 1727 2180 copiosiorem

178 2183 361 2221 educeret
394 2184 671 2236 supellectilem
690 2217 701 2232 ,
740 2200 816 2239 qua
849 2186 1024 2224 collectio
1054 2187 1135 2225 eius
1170 2188 1457 2238 abundantior,
1492 2204 1534 2228 ac
1563 2191 1729 2243 proinde

180 2245 313 2283 utilior
332 2245 570 2284 redderetur.

232 2307 501 2355 Quamobrem
520 2317 564 2346 ut
585 2310 764 2347 omnium
781 2310 954 2357 istarum,
974 2325 1074 2363 quae
1089 2322 1391 2363 praecesserant,
1415 2313 1569 2351 Bullarii
1591 2314 1728 2352 editio-

178 2381 276 2406 num
292 2367 464 2407 deiectus
480 2369 766 2421 supplerentur,
786 2385 943 2409 necesse
967 2371 1048 2419 fuit,
1065 2372 1351 2423 diligentiorem
1371 2384 1487 2426 atque
1507 2375 1728 2414 uberiorem

178 2429 376 2468 Baliarum
396 2430 663 2469 collectionem
682 2432 885 2470 instruere.
900 2433 1019 2483 Quod
1038 2448 1086 2472 an
1101 2435 1373 2486 praestiterim,
1387 2436 1498 2475 facile
1514 2446 1573 2475 est
1589 2438 1729 2489 cuique

178 2491 361 2540 iudicare,
378 2492 446 2544 qui
458 2501 611 2531 tantum
625 2507 852 2545 percurrere
866 2495 956 2533 velit
971 2495 1152 2544 indicem,
1165 2510 1282 2548 quem
1297 2498 1460 2549 singulis
1479 2500 1659 2550 praemisi
1673 2499 1728 2549 (1)

180 2552 456 2593 voluminibus.
473 2555 521 2593 Et
535 2568 626 2593 sane
637 2568 735 2607 quae
751 2556 892 2609 primo,
907 2557 1107 2610 alteroque
1122 2560 1390 2610 continentur,
1405 2569 1497 2599 sunt
1511 2560 1590 2599 fere
1607 2560 1728 2599 mille:

215 2683 256 2720 (¹)
275 2685 329 2712 Hac
344 2685 370 2712 in
386 2689 476 2714 nostra
492 2686 648 2714 Taurinensi
664 2686 787 2721 editione,
804 2687 913 2724 singulis
927 2688 1040 2724 expletis
1057 2688 1236 2731 voluminibus
1251 2691 1363 2726 appositi
1380 2691 1512 2720 habentur
1531 2691 1640 2720 indices.

1773 363 1877 395 Quarta
1898 363 2021 396 primum
2047 372 2073 389 e-

1754 398 1865 432 vulgata
1894 406 1967 425 anno
1995 399 2072 429 ¹58&

1754 437 1835 460 aucta
1852 434 1916 460 hini*
1928 434 2072 461 multoties

1755 476 1847 502 usque
1891 469 1926 496 ad
1963 477 2071 496 aunum

1758 505 1834 538 1634,

1774 791 1843 818 Cum
1863 792 2074 820 accessionibus

1757 827 1855 860 Angvli
1867 835 1879 853 a
1892 827 2030 856 Laniusca
2040 830 2073 856 ad

1757 870 1864 889 anninn
1884 864 1959 890 Ηὶῑὶῑν.

1758 1038 1836 1070 Quae
1853 1040 1995 1067 bullarum
2016 1042 2074 1068 rnil-

1759 1074 1849 1102 leeiio,
1871 1079 1992 1108 quatuor
2011 1082 2071 1110 pus!

1757 1116 1855 1143 annos,
1873 1111 2003 1145 Lugduni
2024 1114 2075 1146 pri-

1757 1152 1851 1173 nlum:
1888 1151 1982 1180 posti-a
2018 1149 2074 1175 Lu-

1756 1181 1905 1217 xenihurgi
1922 1185 2037 1217 prodiit:

1756 1348 1848 1376 Multis
1863 1354 1974 1380 scatens
2000 1361 2074 1380 erro-

1756 1384 1852 1413 ribus„
1887 1386 2014 1416 involuta
2047 1395 2074 1417 ei

1756 1419 1922 1450 inordinata.

1756 1537 1997 1567 Cherubinianum
2010 1541 2073 1568 Bul-

1756 1573 1858 1600 larium
1880 1579 1976 1609 uuum:
1997 1578 2073 1610 qumi

1756 1610 1863 1643 privato
1880 1612 1943 1638 usui
1963 1619 2074 1639 acroni—

1756 1645 1902 1672 nwclatuiu
1940 1655 2073 1675 mancum

1757 1684 1785 1706 et
1838 1683 2071 1712 ronsiiiutinnuni

1756 1716 1882 1750 pumilio.
1910 1718 2000 1752 ins-1¹5.

1790 2337 1860 2365 Hine
1888 2338 2071 2373 diligentioris

1754 2374 1952 2409 uberiorisque
1968 2383 2069 2403 neres-

1753 2409 1821 2436 sitas
1845 2410 2033 2445 collectionis
