2237 3127
168 282 222 318 An,
241 286 271 314 C.
293 284 361 314 1013

436 287 505 321 3508
975 298 1163 321 nutantum
1189 298 1353 321 nonarum

169 361 250 386 ouh-e
272 359 360 383 abbati·
386 360 512 399 propter
531 354 755 385 innotescimus
770 351 887 385 caritati
902 359 1034 395 vestrae,
1049 365 1129 398 quo·
1175 351 1245 385 dem
1274 361 1304 386 et
1326 352 1454 398 gloriam
1489 352 1711 399 Redemptor-ts
1744 355 1840 389 nostri
1864 355 1921 390 de-

386 401 468 435 uiam
491 400 599 435 adiens
615 413 672 434 nos
685 401 909 434 dilectissimus
933 400 1131 435 liliusnoster
1173 408 1243 435 vote
1267 409 1296 436 et
1320 402 1563 437 misericorditer
1584 403 1693 437 fecisse
1721 406 1918 440 manifestum

172 396 281 427 Rivipull.
307 403 360 426 pre-

171 441 208 456 ces
236 432 264 454 sd
290 433 360 454 Bene-

171 469 256 491 dictum
313 468 358 489 PP.

171 506 253 528 Romae
309 510 358 525 curn

171 545 230 564 esset.
283 538 358 561 limina

182 575 341 606 Apostolorum

196 614 334 635 Vllllflull'uk

170 2175 265 2198 Laudat·
328 2177 351 2198 S.

170 2211 259 2234 Hem-ici
282 2214 352 2242 pieta-

170 2250 200 2276 te,
219 2247 353 2277 postulatum

186 2282 338 2306 confit-matio-

170 2327 219 2341 nem
244 2319 353 2341 omnimo-

170 2357 197 2380 d·
224 2358 337 2385 concedit3

385 450 475 484 Oliba
502 449 645 484 coenobii
669 449 859 494 Ripollensis
885 450 981 484 abbas
1003 451 1068 485 zelo
1082 450 1131 484 ‹li-

384 500 477 542 vino,
511 506 539 533 et
574 498 680 532 beatae
704 498 841 543 Virginis
868 499 983 533 Mariae
1017 499 1130 534 duetus

383 560 500 588 amore,
521 547 706 594 suppliciter
729 548 833 594 petiit,
858 557 899 588 ut,
922 549 947 582 si
972 549 1129 595 praedicta

383 597 535 631 festivitas
556 596 696 631 evenerit
724 605 888 644 postquam
911 597 1040 632 dimissa
1060 598 1130 633 l'ue-

383 647 422 680 rit
444 646 599 693 Alleluya,
628 646 676 679 illa
704 646 812 680 eadem
837 646 887 681 die
902 655 1127 682 canteturcum

382 694 489 729 Gloria
518 696 549 729 in
582 695 713 729 excelsis
740 696 806 730 Deo
839 697 869 730 in
897 696 963 731 solo
991 698 1128 744 praefato

380 745 583 785 monasterio,
612 744 671 778 sibi
707 744 834 780 daretur
861 746 997 781 lieentia.
1027 746 1128 781 Cuius

380 794 525 840 precibus
552 794 643 829 nobis
674 807 812 829 annuere
840 795 946 840 libuit,
980 798 1129 832 concedi-

381 856 514 890 musque
537 844 580 878 illi
620 851 649 877 et
675 844 740 878 suis
769 845 797 878 iu
837 854 1024 892 perpetuum
1048 859 1129 880 suc—

381 893 560 927 cessoribus
596 893 764 941 Alleluya,
797 894 823 927 si
857 895 917 929 iam
959 896 1126 940 abstiterit,

380 942 532 990 hymnum
559 955 685 990 quoque
713 943 837 989 Angeli,
854 956 925 979 curn
949 953 995 979 est
1017 958 1129 980 caneu-

379 992 467 1027 dum.
505 992 706 1040 Quicumque
745 993 839 1039 igitur
880 994 1005 1040 gaudiis
1033 995 1127 1029 liuius

379 1041 554 1076 festivitatis
581 1042 610 1076 in
633 1043 846 1089 suprascripto
875 1044 942 1078 loco
969 1044 1126 1079 studuerit

379 1091 542 1132 interesse,
569 1092 645 1126 sciat
663 1104 696 1126 se
712 1091 892 1127 donandum
909 1106 1038 1129 munere
1054 1107 1127 1140 tiro—

378 1141 523 1175 tectionis
545 1141 680 1181 divinae,
708 1150 738 1175 et
769 1152 964 1187 augumento
994 1143 1126 1178 benedi-

379 1191 492 1225 ctionis
513 1200 636 1225 nostrae
658 1190 823 1225 adiuvante
838 1192 908 1227 lesu
931 1192 1057 1228 Christo
1072 1194 1127 1229 be-

379 1240 566 1288 nignissimo
593 1240 754 1276 Salvatore
777 1243 831 1286 (1).

736 1387 774 1422 ΙΙ.

429 1460 629 1505 Confirmatio
654 1461 890 1505 privileqt'oram
925 1463 1078 1495 Ecclesiae

594 1511 826 1554 Bambetyensi's
851 1514 907 1554 (2).

645 1580 859 1610 SUMititttttiM

378 1642 505 1673 Laudata
531 1642 559 1673 S.
582 1642 701 1673 Henrici
731 1644 846 1682 pietate,
866 1644 1040 1683 postulatam
1056 1654 1127 1674 con-

416 1683 610 1712 firmationem
642 1684 810 1712 omnimode
842 1685 987 1714 concedit.
1017 1702 1057 1707 —
1095 1685 1127 1715 lit

416 1727 651 1753 contraventores
670 1724 854 1753 anathemate
877 1725 1011 1763 percutit.

376 1785 516 1816 Benedictus
538 1795 615 1815 servus
635 1795 751 1815 serrorum
783 1786 833 1823 Dei,
857 1787 1007 1817 dilectissimo
1037 1787 1079 1817 sibi
1104 1789 1125 1817 in

415 1825 504 1855 Clu-isto
525 1835 615 1864 semper
635 1826 732 1855 Domino
751 1830 771 1855 et
790 1827 936 1856 serenissimo
952 1828 1000 1866 regi
1020 1828 1126 1857 lleiuriro

415 1874 428 1895 a
446 1865 493 1895 neo
525 1870 648 1903 coronato,
678 1875 765 1904 suaque
797 1867 895 1905 spiritali
922 1869 969 1897 lilio
996 1867 1126 1897 Elirrltartlo

417 1914 508 1943 quoque
524 1905 641 1943 confratri,
659 1910 681 1935 et
699 1907 804 1944 episropo
826 1916 876 1943 suo,
906 1911 997 1937 sanctae
1019 1907 1127 1937 videlicet

415 1945 616 1981 Babenbergensis
633 1946 750 1975 Ecclesiae
772 1946 899 1976 iettrrabili
923 1948 1028 1986 episcopo
1051 1951 1126 1976 aeter-

417 1994 469 2015 nant
485 1986 507 2015 in
524 1985 622 2015 Dotnino
639 1986 737 2016 salutent
765 1990 786 2015 et
811 1986 961 2025 apostolicam
985 1987 1125 2017 benedictio-

417 2034 479 2054 nent.

426 2088 510 2122 luter
531 2089 647 2129 omnia,
669 2101 748 2135 quae
767 2089 889 2124 divinae
912 2090 1126 2137 providentiae

378 2137 511 2173 consilio
533 2138 756 2185 disponuntur,
780 2139 818 2173 ad
847 2140 971 2174 laudem
999 2140 1127 2187 respicit

378 2185 538 2222 Creatoris
559 2188 641 2235 quod
664 2195 694 2222 et
716 2200 732 2222 a
754 2190 887 2223 suminis
911 2190 980 2224 viris
997 2189 1126 2237 Deoque

379 2236 501 2271 devotis
522 2237 637 2271 intuitu
665 2237 800 2284 pietatis,
827 2246 857 2272 et
892 2251 947 2286 spe
982 2248 1126 2274 aeternae

380 2286 595 2321 retributionis
617 2287 806 2322 venerabilia
829 2288 895 2323 loca
923 2300 1128 2324 eorumsum-

381 2335 487 2382 ptibus
520 2335 740 2375 sublimantur,
769 2338 1007 2385 rectissimeque
1039 2339 1128 2373 ordi-

380 2393 505 2426 nantur,
535 2386 771 2432 possessionum
803 2399 930 2421 suarum
966 2388 1128 2424 beneficiis

380 2434 593 2476 cumulantur,
616 2442 646 2470 et
669 2435 699 2469 in
723 2436 883 2471 meliorem
900 2445 1014 2472 statum
1031 2437 1129 2473 Chri-

381 2492 428 2518 sto
462 2485 628 2519 auxiliante
655 2494 898 2520 commutantur.
928 2486 1031 2531 Unde,
1048 2487 1129 2522 dile-

381 2533 519 2568 ctissime
542 2533 598 2575 fili,
613 2534 644 2570 in
672 2535 831 2580 omnibus,
851 2548 930 2582 quae
952 2544 980 2571 te
1002 2537 1039 2571 ad
1063 2537 1130 2571 lau-

417 2603 456 2637 (t)
476 2603 673 2632 Baluziusltanc
691 2606 887 2633 concessionem
898 2608 978 2634 refert
990 2608 1130 2634 adannum

386 2644 461 2675 ¹012,
477 2648 523 2670 aut
538 2645 653 2678 circiter,
671 2649 700 2672 ut
716 2646 808 2673 iisdem
827 2647 914 2674 verbis
929 2653 998 2674 utar.
1031 2648 1070 2685 (2)
1092 2649 1130 2675 Ex

385 2682 500 2711 Bolland.
522 2684 579 2712 Act.
597 2685 686 2714 Sanct.
705 2694 788 2714 mens.
807 2687 872 2722 iulii,
889 2687 916 2715 d.
934 2696 992 2716 xiv.

1172 451 1329 492 est,uil1il
1359 451 1528 498 perfectius
1563 453 1704 499 nihilque
1739 454 1849 488 melius
1881 454 1918 489 ad

1173 501 1417 546 promerendum
1454 514 1586 546 regnum
1623 501 1792 536 Coelorum
1827 516 1919 549 agere

1172 549 1310 595 potuisti,
1333 563 1426 597 quam
1449 551 1533 597 quod
1557 551 1643 585 illum
1658 552 1711 585 tibi
1729 552 1826 586 fecisti
1843 552 1921 587 liae-

1171 598 1290 639 redcm,
1312 611 1328 633 a
1348 612 1411 646 quo
1423 609 1610 647 accepturus
1624 613 1658 635 es
1680 609 1835 635 aeternam
1851 602 1920 636 liae-

1172 648 1349 682 reditatem:
1373 650 1522 696 quodque
1541 657 1645 684 saneta
1674 650 1920 696 Babeubergen-

1170 698 1212 731 sis
1234 696 1376 732 Ecclesia
1410 698 1448 733 ad
1471 699 1661 746 episcopalis
1684 699 1846 745 dignitatis
1873 700 1919 734 fa-

1170 747 1297 793 stigium
1318 760 1372 793 per
1395 756 1422 782 te
1445 748 1623 792 sublimata,
1639 749 1702 783 illic
1725 749 1777 783 tibi
1802 749 1918 785 beatis-

1170 796 1916 845 siuiatuDeiGenitricemsemperqueVirginem

1170 846 1311 886 Mariam,
1335 846 1594 894 beatissimosque
1618 847 1744 882 Petrum
1773 856 1802 882 et
1834 849 1918 883 Pau-

1170 895 1233 929 lum
1256 908 1317 930 una
1341 908 1413 930 cum
1436 898 1553 931 sanctis
1576 897 1763 944 martyribus
1791 897 1918 934 Kiliano

1170 952 1200 978 et
1221 944 1359 991 Georgio
1386 946 1534 992 elegistis,
1558 947 1586 981 in
1612 947 1837 993 patroc-initum
1853 948 1916 994 qui,

1169 993 1295 1029 Christo
1312 996 1458 1041 propitio,
1480 1006 1680 1042 compensata
1695 996 1918 1032 'vicissitudine

1169 1044 1362 1089 adipiscendi
1378 1045 1463 1089 regni
1477 1046 1620 1080 eoelestis
1630 1056 1814 1093 perpetuum
1828 1059 1918 1094 prae-

1169 1094 1294 1127 stabunt
1322 1095 1482 1128 auxilium.
1892 1132 1897 1138 ,

1220 1143 1279 1176 l’ro
1307 1151 1391 1177 tauto
1422 1144 1515 1189 igitur
1548 1144 1615 1179 D.·0
1642 1145 1774 1191 eiusque
1801 1146 1918 1180 sanctis

1169 1192 1282 1226 collato
1304 1193 1442 1237 servitio,
1466 1194 1621 1240 imprimis
1649 1195 1703 1239 ipsi
1732 1195 1847 1240 gratias
1868 1194 1918 1230 de·
1939 1206 1943 1210 '

1168 1241 1311 1288 bitasque
1345 1242 1451 1277 laudes
1488 1244 1662 1285 referimus,
1689 1245 1741 1291 qui
1771 1244 1829 1279 sibi
1853 1252 1916 1279 tam

1168 1300 1310 1326 sanctum
1334 1304 1414 1339 opus
1436 1292 1614 1327 faciendum
1643 1293 1824 1340 inspiravit;
1840 1301 1870 1328 et
1882 1302 1917 1329 ut

1169 1340 1201 1375 id
1224 1349 1328 1375 votum
1358 1350 1445 1377 tuum
1469 1343 1653 1389 perficeres,
1685 1343 1827 1389 largiflua
1850 1344 1918 1390 pie-

1168 1397 1229 1425 tate
1250 1391 1396 1425 adiuvare
1418 1391 1573 1437 disposuit
1600 1392 1727 1432 deiude,
1756 1392 1917 1440 quomodo

1167 1440 1282 1475 Sancta
1311 1454 1435 1475 romana
1456 1441 1610 1485 Ecclesia,
1633 1454 1712 1489 quae
1735 1442 1816 1477 bene
1838 1442 1919 1477 fun—

1168 1489 1236 1524 data
1259 1498 1305 1524 est
1332 1503 1426 1537 supra
1450 1492 1570 1525 lirinum
1597 1500 1728 1538 petram,
1752 1491 1812 1526 hoc
1833 1504 1918 1527 sem-

1169 1551 1224 1585 per
1250 1552 1340 1574 verae
1362 1540 1522 1574 charitatis
1550 1541 1658 1575 liabuit
1691 1541 1855 1582 indicium,
1883 1549 1918 1576 ut

1168 1588 1206 1623 de
1234 1589 1422 1624 exteriorum
1445 1590 1595 1635 gauderet
1609 1590 1824 1625 Ecclesiarum
1845 1604 1919 1638 pro-

1169 1645 1280 1679 vertu3
1304 1640 1452 1685 competit
1475 1648 1580 1674 nostro
1606 1641 1778 1687 apostolico
1806 1641 1919 1675 mode-

1169 1688 1278 1721 ramini
1303 1696 1335 1722 ut
1364 1701 1421 1723 nos
1447 1689 1499 1735 qui
1527 1689 1642 1730 eidem,
1680 1690 1748 1724 Deo
1775 1697 1914 1731 auctore,

1168 1737 1375 1781 deservimus,
1402 1748 1508 1772 sancto
1532 1746 1584 1773 tuo
1611 1739 1716 1774 studio
1736 1739 1918 1786 plenissime

1168 1787 1435 1832 congaudeamus,
1471 1796 1632 1834 sperantes
1656 1789 1698 1822 tui
1734 1789 1838 1836 operis
1859 1789 1918 1824 ha·

1155 1829 1240 1870 'bere
1270 1837 1462 1882 portionem:
1492 1837 1528 1876 si,
1557 1838 1641 1884 quod
1675 1847 1761 1872 tuum
1789 1847 1836 1873 est
1863 1850 1919 1885 per

1169 1885 1318 1925 laborem,
1342 1895 1483 1921 nostrum
1507 1886 1638 1921 facimus
1651 1900 1706 1935 per
1720 1888 1915 1922 charitatem.

1168 1935 1380 1982 Quapropter,
1403 1936 1551 1983 quoniam
1576 1937 1679 1983 petisti
1705 1950 1721 1972 a
1737 1937 1828 1972 nobis
1856 1949 1916 1972 uua

1167 1997 1237 2019 curn
1258 1985 1413 2019 confratre
1433 1994 1538 2020 nostro
1560 1986 1758 2027 EberhardO,
1773 1987 1915 2022 eiusdem

1168 2042 1294 2068 sanetae
1329 2035 1604 2081 Babenbergensis
1652 2036 1814 2071 Ecclesiae
1847 2037 1916 2071 Deo

1168 2084 1264 2129 digno
1286 2084 1448 2131 episcopo,
1472 2093 1503 2118 ut
1517 2086 1619 2119 onmia
1635 2099 1714 2132 quae
1736 2086 1919 2133 privilegio-

1169 2145 1236 2167 rum
1265 2135 1450 2168 auctoritate
1477 2134 1535 2168 sibi
1559 2147 1696 2182 suaeque
1717 2135 1879 2170 Ecclesiae
1901 2148 1917 2170 a

1170 2182 1462 2228 praedecessoribus
1485 2185 1610 2225 nostris,
1625 2185 1770 2219 videlicet
1789 2185 1918 2220 domino

1169 2232 1285 2266 Ioanne
1300 2241 1330 2267 et
1351 2232 1462 2279 Sergio
1480 2234 1613 2268 summis
1640 2234 1845 2281 pontificibus
1857 2234 1917 2270 col-

1170 2281 1228 2316 lata
1251 2290 1336 2323 sunt,
1360 2291 1482 2317 nostrae
1504 2295 1631 2330 quoque
1653 2284 1846 2319 auctoritatis
1860 2284 1920 2331 pri-

1170 2331 1283 2376 vilegio
1306 2333 1580 2367 confirmaremus:
1604 2333 1839 2368 considerantes
1862 2346 1920 2368 nos

1170 2381 1295 2427 quidem
1311 2390 1428 2416 vestrae
1442 2381 1771 2417 devotionisalfectum
1788 2383 1920 2430 piaeque

1170 2430 1339 2465 voluntatis
1363 2431 1568 2477 propositum,
1596 2432 1805 2467 libentissime
1832 2432 1921 2480 peti-

1171 2479 1310 2514 tionibus
1333 2481 1442 2515 vestris
1464 2493 1627 2516 assensum
1647 2482 1796 2529 praebere
1811 2483 1922 2517 decer-

1172 2542 1287 2564 nimus.

1220 2579 1374 2621 Quocirca
1397 2587 1581 2621 statuentes,
1604 2588 1696 2627 atque
1716 2581 1922 2628 promulgan-

1174 2637 1218 2662 tes
1240 2640 1344 2663 coram
1367 2628 1435 2663 Deo
1450 2637 1480 2663 et
1503 2629 1631 2664 terribili
1645 2630 1749 2665 futuro
1763 2630 1832 2665 eius
1846 2643 1921 2665 exa-

1174 2679 1257 2714 mine
1280 2690 1336 2727 per
1356 2677 1452 2713 huius
1474 2679 1570 2714 nostri
1598 2679 1763 2727 apostolici
1801 2680 1924 2728 privile-

1952 296 2004 325 An.
2020 297 2050 326 C.
2071 294 2141 325 1013
