<?xml version="1.0" encoding="UTF-8"?>
<!DOCTYPE html PUBLIC "-//W3C//DTD XHTML 1.0 Transitional//EN"
    "http://www.w3.org/TR/xhtml1/DTD/xhtml1-transitional.dtd">
<html xmlns="http://www.w3.org/1999/xhtml" xml:lang="en" lang="en">
 <head>
  <title>
</title>
<meta http-equiv="Content-Type" content="text/html;charset=utf-8" />
  <meta name='ocr-system' content='tesseract 3.04.00' />
  <meta name='ocr-capabilities' content='ocr_page ocr_carea ocr_par ocr_line ocrx_word'/>
</head>
<body>
  <div class='ocr_page' id='page_1' title='image "./bullarumdiplomat01cath_0178.png"; bbox 0 0 2237 3127; ppageno 0'>
   <div class='ocr_carea' id='block_1_1' title="bbox 200 285 379 312">
    <p class='ocr_par' dir='ltr' id='par_1_1' title="bbox 200 285 379 312">
     <span class='ocr_line' id='line_1_1' title="bbox 200 285 379 312; baseline 0.006 -1"><span class='ocrx_word' id='word_1_1' title='bbox 200 285 250 312; x_wconf 63' lang='lat' dir='ltr'>An⁴</span> <span class='ocrx_word' id='word_1_2' title='bbox 278 285 305 312; x_wconf 63' lang='lat' dir='ltr'>C⁴</span> <span class='ocrx_word' id='word_1_3' title='bbox 326 286 379 312; x_wconf 63' lang='lat' dir='ltr'>asti</span> 
     </span>
    </p>
   </div>
   <div class='ocr_carea' id='block_1_2' title="bbox 198 594 377 615">
    <p class='ocr_par' dir='ltr' id='par_1_2' title="bbox 198 594 377 615">
     <span class='ocr_line' id='line_1_2' title="bbox 198 594 377 615; baseline 0 -1"><span class='ocrx_word' id='word_1_4' title='bbox 198 595 249 615; x_wconf 63' lang='lat' dir='ltr'>[nio</span> <span class='ocrx_word' id='word_1_5' title='bbox 280 594 377 615; x_wconf 68' lang='lat' dir='ltr'>ndditu-</span> 
     </span>
    </p>
   </div>
   <div class='ocr_carea' id='block_1_3' title="bbox 195 638 374 718">
    <p class='ocr_par' dir='ltr' id='par_1_3' title="bbox 195 638 374 718">
     <span class='ocr_line' id='line_1_3' title="bbox 197 638 228 649; baseline 0 0"><span class='ocrx_word' id='word_1_6' title='bbox 197 638 228 649; x_wconf 59' lang='lat' dir='ltr'>·i,&#39;!*.</span> 
     </span>
     <span class='ocr_line' id='line_1_4' title="bbox 196 665 374 686; baseline 0.006 -1"><span class='ocrx_word' id='word_1_7' title='bbox 196 673 276 686; x_wconf 57' lang='lat' dir='ltr'>auersa&lt;</span> <span class='ocrx_word' id='word_1_8' title='bbox 300 665 374 686; x_wconf 49' lang='lat' dir='ltr'>[cclv</span> 
     </span>
     <span class='ocr_line' id='line_1_5' title="bbox 195 709 315 718; baseline -0.008 -3"><span class='ocrx_word' id='word_1_9' title='bbox 195 709 202 718; x_wconf 54' lang='grc'>(</span> <span class='ocrx_word' id='word_1_10' title='bbox 303 709 315 714; x_wconf 65' lang='grc'>,,</span> 
     </span>
    </p>
   </div>
   <div class='ocr_carea' id='block_1_4' title="bbox 461 296 529 333">
    <p class='ocr_par' dir='ltr' id='par_1_4' title="bbox 461 296 529 333">
     <span class='ocr_line' id='line_1_6' title="bbox 461 296 529 333; baseline 0 0"><span class='ocrx_word' id='word_1_11' title='bbox 461 296 529 333; x_wconf 71' lang='grc'>160</span> 
     </span>
    </p>
   </div>
   <div class='ocr_carea' id='block_1_5' title="bbox 407 348 1155 617">
    <p class='ocr_par' dir='ltr' id='par_1_5' title="bbox 407 348 1155 617">
     <span class='ocr_line' id='line_1_7' title="bbox 408 348 1155 411; baseline -0.025 -10"><span class='ocrx_word' id='word_1_12' title='bbox 408 364 491 406; x_wconf 82' lang='lat' dir='ltr'>beat,</span> <span class='ocrx_word' id='word_1_13' title='bbox 514 363 596 411; x_wconf 89' lang='lat' dir='ltr'>piam</span> <span class='ocrx_word' id='word_1_14' title='bbox 611 369 680 395; x_wconf 91' lang='lat' dir='ltr'>esse</span> <span class='ocrx_word' id='word_1_15' title='bbox 700 369 737 393; x_wconf 91' lang='lat' dir='ltr'>ac</span> <span class='ocrx_word' id='word_1_16' title='bbox 756 354 962 392; x_wconf 85' lang='lat' dir='ltr'>iustissimam</span> <span class='ocrx_word' id='word_1_17' title='bbox 989 348 1155 398; x_wconf 81' lang='lat' dir='ltr'>providen-</span> 
     </span>
     <span class='ocr_line' id='line_1_8' title="bbox 409 403 1154 459; baseline -0.024 -5"><span class='ocrx_word' id='word_1_18' title='bbox 409 427 477 459; x_wconf 70' lang='lat' dir='ltr'>tes,</span> <span class='ocrx_word' id='word_1_19' title='bbox 511 412 724 451; x_wconf 89' lang='lat' dir='ltr'>necessarium</span> <span class='ocrx_word' id='word_1_20' title='bbox 766 408 914 444; x_wconf 82' lang='lat' dir='ltr'>duximus</span> <span class='ocrx_word' id='word_1_21' title='bbox 952 403 1154 440; x_wconf 83' lang='lat' dir='ltr'>consulentes</span> 
     </span>
     <span class='ocr_line' id='line_1_9' title="bbox 407 456 1152 508; baseline -0.023 -1"><span class='ocrx_word' id='word_1_22' title='bbox 407 481 468 506; x_wconf 86' lang='lat' dir='ltr'>tam</span> <span class='ocrx_word' id='word_1_23' title='bbox 491 466 674 505; x_wconf 83' lang='lat' dir='ltr'>desolationi</span> <span class='ocrx_word' id='word_1_24' title='bbox 687 464 747 500; x_wconf 92' lang='lat' dir='ltr'>loci</span> <span class='ocrx_word' id='word_1_25' title='bbox 769 462 865 502; x_wconf 82' lang='lat' dir='ltr'>illius,</span> <span class='ocrx_word' id='word_1_26' title='bbox 879 471 975 508; x_wconf 88' lang='lat' dir='ltr'>quam</span> <span class='ocrx_word' id='word_1_27' title='bbox 990 456 1152 493; x_wconf 82' lang='lat' dir='ltr'><strong>Ecclesiae</strong></span> 
     </span>
     <span class='ocr_line' id='line_1_10' title="bbox 408 511 1155 571; baseline -0.021 -11"><span class='ocrx_word' id='word_1_28' title='bbox 408 535 479 559; x_wconf 81' lang='lat' dir='ltr'>tuae</span> <span class='ocrx_word' id='word_1_29' title='bbox 500 519 688 571; x_wconf 83' lang='lat' dir='ltr'>paupertati,</span> <span class='ocrx_word' id='word_1_30' title='bbox 714 516 856 554; x_wconf 90' lang='lat' dir='ltr'>redditus</span> <span class='ocrx_word' id='word_1_31' title='bbox 880 511 1078 561; x_wconf 82' lang='lat' dir='ltr'>supradictae</span> <span class='ocrx_word' id='word_1_32' title='bbox 1095 511 1155 546; x_wconf 89' lang='lat' dir='ltr'>Ec-</span> 
     </span>
     <span class='ocr_line' id='line_1_11' title="bbox 408 565 1154 617; baseline -0.019 -4"><span class='ocrx_word' id='word_1_33' title='bbox 408 577 521 614; x_wconf 89' lang='lat' dir='ltr'>clesiae</span> <span class='ocrx_word' id='word_1_34' title='bbox 543 572 781 612; x_wconf 87' lang='lat' dir='ltr'>Minturnensis,</span> <span class='ocrx_word' id='word_1_35' title='bbox 795 569 843 605; x_wconf 82' lang='lat' dir='ltr'>vel</span> <span class='ocrx_word' id='word_1_36' title='bbox 857 565 1014 617; x_wconf 89' lang='lat' dir='ltr'>quidquid</span> <span class='ocrx_word' id='word_1_37' title='bbox 1040 565 1069 601; x_wconf 93' lang='lat' dir='ltr'>ei</span> <span class='ocrx_word' id='word_1_38' title='bbox 1096 578 1154 601; x_wconf 88' lang='lat' dir='ltr'>an-</span> 
     </span>
    </p>
   </div>
   <div class='ocr_carea' id='block_1_6' title="bbox 315 620 1154 679">
    <p class='ocr_par' dir='ltr' id='par_1_6' title="bbox 315 620 1154 679">
     <span class='ocr_line' id='line_1_12' title="bbox 315 620 1154 679; baseline -0.018 -10"><span class='ocrx_word' id='word_1_39' title='bbox 315 637 325 650; x_wconf 55' lang='lat' dir='ltr'>n</span> <span class='ocrx_word' id='word_1_40' title='bbox 340 637 376 650; x_wconf 58' lang='grc' dir='ltr'>Ἦ-</span> <span class='ocrx_word' id='word_1_41' title='bbox 406 633 505 679; x_wconf 83' lang='lat' dir='ltr'>tiquo,</span> <span class='ocrx_word' id='word_1_42' title='bbox 520 628 736 674; x_wconf 86' lang='lat' dir='ltr'>modernoque</span> <span class='ocrx_word' id='word_1_43' title='bbox 756 625 824 660; x_wconf 90' lang='lat' dir='ltr'>iure</span> <span class='ocrx_word' id='word_1_44' title='bbox 845 623 895 658; x_wconf 72' lang='lat' dir='ltr'>vel</span> <span class='ocrx_word' id='word_1_45' title='bbox 917 620 1080 670; x_wconf 79' lang='lat' dir='ltr'>privilegio</span> <span class='ocrx_word' id='word_1_46' title='bbox 1094 633 1154 667; x_wconf 91' lang='lat' dir='ltr'>po-</span> 
     </span>
    </p>
   </div>
   <div class='ocr_carea' id='block_1_7' title="bbox 215 678 1152 732">
    <p class='ocr_par' dir='ltr' id='par_1_7' title="bbox 215 678 1152 732">
     <span class='ocr_line' id='line_1_13' title="bbox 215 678 1152 732; baseline -0.013 -11"><span class='ocrx_word' id='word_1_47' title='bbox 215 708 231 721; x_wconf 77' lang='lat'>:1-</span> <span class='ocrx_word' id='word_1_48' title='bbox 264 701 374 722; x_wconf 50' lang='lat' dir='ltr'>mmi.</span> <span class='ocrx_word' id='word_1_49' title='bbox 406 687 476 726; x_wconf 86' lang='lat' dir='ltr'>tuit,</span> <span class='ocrx_word' id='word_1_50' title='bbox 498 691 638 732; x_wconf 75' lang='lat' dir='ltr'>potestve</span> <span class='ocrx_word' id='word_1_51' title='bbox 659 680 800 729; x_wconf 83' lang='lat' dir='ltr'>qualibet</span> <span class='ocrx_word' id='word_1_52' title='bbox 825 678 945 714; x_wconf 84' lang='lat' dir='ltr'>ratione</span> <span class='ocrx_word' id='word_1_53' title='bbox 961 682 1152 727; x_wconf 71' lang='lat' dir='ltr'>competere,</span> 
     </span>
    </p>
   </div>
   <div class='ocr_carea' id='block_1_8' title="bbox 402 729 1153 1256">
    <p class='ocr_par' dir='ltr' id='par_1_8' title="bbox 402 729 1153 1256">
     <span class='ocr_line' id='line_1_14' title="bbox 405 729 1152 780; baseline -0.016 -5"><span class='ocrx_word' id='word_1_54' title='bbox 405 740 443 775; x_wconf 88' lang='lat' dir='ltr'>ad</span> <span class='ocrx_word' id='word_1_55' title='bbox 471 748 542 774; x_wconf 80' lang='lat' dir='ltr'>tuae</span> <span class='ocrx_word' id='word_1_56' title='bbox 563 736 725 772; x_wconf 76' lang='lat' dir='ltr'>Ecclesiae</span> <span class='ocrx_word' id='word_1_57' title='bbox 746 734 807 775; x_wconf 88' lang='lat' dir='ltr'>ius,</span> <span class='ocrx_word' id='word_1_58' title='bbox 830 738 1080 780; x_wconf 79' lang='lat' dir='ltr'>potestatemque</span> <span class='ocrx_word' id='word_1_59' title='bbox 1093 729 1152 765; x_wconf 90' lang='lat' dir='ltr'>hac</span> 
     </span>
     <span class='ocr_line' id='line_1_15' title="bbox 406 784 1149 841; baseline -0.013 -14"><span class='ocrx_word' id='word_1_60' title='bbox 406 792 564 841; x_wconf 78' lang='lat' dir='ltr'>praecepti</span> <span class='ocrx_word' id='word_1_61' title='bbox 582 789 678 826; x_wconf 87' lang='lat' dir='ltr'>nostri</span> <span class='ocrx_word' id='word_1_62' title='bbox 705 787 890 824; x_wconf 86' lang='lat' dir='ltr'>auctoritate</span> <span class='ocrx_word' id='word_1_63' title='bbox 910 784 1149 830; x_wconf 80' lang='lat' dir='ltr'>transmigrare:</span> 
     </span>
     <span class='ocr_line' id='line_1_16' title="bbox 404 838 1152 893; baseline -0.013 -11"><span class='ocrx_word' id='word_1_64' title='bbox 404 856 437 881; x_wconf 82' lang='lat' dir='ltr'>ut</span> <span class='ocrx_word' id='word_1_65' title='bbox 464 859 479 881; x_wconf 90' lang='lat' dir='ltr'>a</span> <span class='ocrx_word' id='word_1_66' title='bbox 503 843 657 893; x_wconf 77' lang='lat' dir='ltr'>praesenti</span> <span class='ocrx_word' id='word_1_67' title='bbox 685 850 837 890; x_wconf 85' lang='lat' dir='ltr'>tempore,</span> <span class='ocrx_word' id='word_1_68' title='bbox 859 840 940 875; x_wconf 84' lang='lat' dir='ltr'>sicut</span> <span class='ocrx_word' id='word_1_69' title='bbox 965 838 1005 874; x_wconf 85' lang='lat' dir='ltr'>de</span> <span class='ocrx_word' id='word_1_70' title='bbox 1026 838 1152 886; x_wconf 88' lang='lat' dir='ltr'>propria</span> 
     </span>
     <span class='ocr_line' id='line_1_17' title="bbox 406 894 1153 942; baseline -0.012 -7"><span class='ocrx_word' id='word_1_71' title='bbox 406 900 560 939; x_wconf 82' lang='lat' dir='ltr'>Ecclesia,</span> <span class='ocrx_word' id='word_1_72' title='bbox 582 898 698 933; x_wconf 83' lang='lat' dir='ltr'>debeas</span> <span class='ocrx_word' id='word_1_73' title='bbox 725 895 874 942; x_wconf 81' lang='lat' dir='ltr'>cogitare,</span> <span class='ocrx_word' id='word_1_74' title='bbox 889 894 982 941; x_wconf 89' lang='lat' dir='ltr'>eique</span> <span class='ocrx_word' id='word_1_75' title='bbox 996 900 1048 927; x_wconf 90' lang='lat' dir='ltr'>tua</span> <span class='ocrx_word' id='word_1_76' title='bbox 1069 904 1153 927; x_wconf 90' lang='lat' dir='ltr'>com-</span> 
     </span>
     <span class='ocr_line' id='line_1_18' title="bbox 404 946 1151 1001; baseline -0.008 -13"><span class='ocrx_word' id='word_1_77' title='bbox 404 954 541 1001; x_wconf 82' lang='lat' dir='ltr'>petentia</span> <span class='ocrx_word' id='word_1_78' title='bbox 575 952 756 999; x_wconf 80' lang='lat' dir='ltr'>disponere,</span> <span class='ocrx_word' id='word_1_79' title='bbox 790 956 945 997; x_wconf 89' lang='lat' dir='ltr'>quatenus</span> <span class='ocrx_word' id='word_1_80' title='bbox 982 946 1151 994; x_wconf 81' lang='lat' dir='ltr'>deinceps,</span> 
     </span>
     <span class='ocr_line' id='line_1_19' title="bbox 405 1002 1150 1055; baseline -0.008 -14"><span class='ocrx_word' id='word_1_81' title='bbox 405 1008 489 1055; x_wconf 69' lang='lat' dir='ltr'>quod</span> <span class='ocrx_word' id='word_1_82' title='bbox 512 1008 613 1055; x_wconf 89' lang='lat' dir='ltr'>perire</span> <span class='ocrx_word' id='word_1_83' title='bbox 627 1019 712 1042; x_wconf 89' lang='lat' dir='ltr'>nunc</span> <span class='ocrx_word' id='word_1_84' title='bbox 734 1016 833 1052; x_wconf 89' lang='lat' dir='ltr'>usque</span> <span class='ocrx_word' id='word_1_85' title='bbox 846 1002 961 1051; x_wconf 84' lang='lat' dir='ltr'>potuit,</span> <span class='ocrx_word' id='word_1_86' title='bbox 974 1014 1150 1049; x_wconf 90' lang='lat' dir='ltr'>pauperum</span> 
     </span>
     <span class='ocr_line' id='line_1_20' title="bbox 402 1055 1151 1103; baseline -0.008 -7"><span class='ocrx_word' id='word_1_87' title='bbox 402 1061 564 1096; x_wconf 77' lang='lat' dir='ltr'>Ecclesiae</span> <span class='ocrx_word' id='word_1_88' title='bbox 589 1069 659 1096; x_wconf 89' lang='lat' dir='ltr'>tuae</span> <span class='ocrx_word' id='word_1_89' title='bbox 688 1057 882 1097; x_wconf 78' lang='lat' dir='ltr'>utilitatibus,</span> <span class='ocrx_word' id='word_1_90' title='bbox 903 1055 1043 1103; x_wconf 88' lang='lat' dir='ltr'>clerique</span> <span class='ocrx_word' id='word_1_91' title='bbox 1070 1068 1151 1103; x_wconf 91' lang='lat' dir='ltr'>pro-</span> 
     </span>
     <span class='ocr_line' id='line_1_21' title="bbox 404 1117 497 1150; baseline -0.011 0"><span class='ocrx_word' id='word_1_92' title='bbox 404 1117 497 1150; x_wconf 65' lang='lat' dir='ltr'>ticiat.</span> 
     </span>
     <span class='ocr_line' id='line_1_22' title="bbox 453 1175 1100 1216; baseline -0.009 -6"><span class='ocrx_word' id='word_1_93' title='bbox 453 1182 511 1211; x_wconf 85' lang='lat' dir='ltr'>Dat.</span> <span class='ocrx_word' id='word_1_94' title='bbox 533 1189 608 1210; x_wconf 87' lang='lat' dir='ltr'>anno</span> <span class='ocrx_word' id='word_1_95' title='bbox 626 1179 742 1209; x_wconf 84' lang='lat' dir='ltr'>Domini</span> <span class='ocrx_word' id='word_1_96' title='bbox 756 1178 823 1214; x_wconf 75' lang='lat'>500,</span> <span class='ocrx_word' id='word_1_97' title='bbox 845 1176 948 1216; x_wconf 81' lang='lat' dir='ltr'>pontif.</span> <span class='ocrx_word' id='word_1_98' title='bbox 965 1175 1100 1213; x_wconf 83' lang='lat' dir='ltr'>Gregorii</span> 
     </span>
     <span class='ocr_line' id='line_1_23' title="bbox 718 1235 834 1256; baseline -0.017 0"><span class='ocrx_word' id='word_1_99' title='bbox 718 1235 792 1256; x_wconf 78' lang='lat' dir='ltr'>‘dnnO</span> <span class='ocrx_word' id='word_1_100' title='bbox 815 1235 834 1255; x_wconf 85' lang='lat'>1.</span> 
     </span>
    </p>
   </div>
   <div class='ocr_carea' id='block_1_9' title="bbox 670 1299 875 1309">
    <p class='ocr_par' dir='ltr' id='par_1_9' title="bbox 670 1299 875 1309">
     <span class='ocr_line' id='line_1_24' title="bbox 670 1299 875 1309; baseline 0 1818"><span class='ocrx_word' id='word_1_101' title='bbox 670 1299 875 1309; x_wconf 95' lang='lat' dir='ltr'> </span> 
     </span>
    </p>
   </div>
   <div class='ocr_carea' id='block_1_10' title="bbox 753 1363 806 1398">
    <p class='ocr_par' dir='ltr' id='par_1_10' title="bbox 753 1363 806 1398">
     <span class='ocr_line' id='line_1_25' title="bbox 753 1363 806 1398; baseline -0.019 0"><span class='ocrx_word' id='word_1_102' title='bbox 753 1363 806 1398; x_wconf 90' lang='grc' dir='ltr'><strong>ΙΙΙ.</strong></span> 
     </span>
    </p>
   </div>
   <div class='ocr_carea' id='block_1_11' title="bbox 397 1444 1150 1720">
    <p class='ocr_par' dir='ltr' id='par_1_11' title="bbox 405 1444 1150 1652">
     <span class='ocr_line' id='line_1_26' title="bbox 405 1444 1150 1491; baseline -0.008 -9"><span class='ocrx_word' id='word_1_103' title='bbox 405 1450 620 1483; x_wconf 62' lang='lat' dir='ltr'>Maximianus</span> <span class='ocrx_word' id='word_1_104' title='bbox 643 1448 858 1491; x_wconf 74' lang='lat' dir='ltr'>Syracusanus</span> <span class='ocrx_word' id='word_1_105' title='bbox 883 1446 1039 1490; x_wconf 80' lang='lat' dir='ltr'>episcopus</span> <span class='ocrx_word' id='word_1_106' title='bbox 1065 1444 1150 1477; x_wconf 70' lang='lat' dir='ltr'>vica-</span> 
     </span>
     <span class='ocr_line' id='line_1_27' title="bbox 452 1499 1150 1545; baseline -0.01 -9"><span class='ocrx_word' id='word_1_107' title='bbox 452 1505 516 1536; x_wconf 74' lang='lat' dir='ltr'>rius</span> <span class='ocrx_word' id='word_1_108' title='bbox 536 1502 614 1536; x_wconf 75' lang='lat' dir='ltr'>sedis</span> <span class='ocrx_word' id='word_1_109' title='bbox 635 1501 820 1545; x_wconf 66' lang='lat' dir='ltr'>apostolicae</span> <span class='ocrx_word' id='word_1_110' title='bbox 836 1511 893 1544; x_wconf 80' lang='lat' dir='ltr'>per</span> <span class='ocrx_word' id='word_1_111' title='bbox 919 1499 1061 1532; x_wconf 79' lang='lat' dir='ltr'>Siciliam</span> <span class='ocrx_word' id='word_1_112' title='bbox 1082 1509 1150 1530; x_wconf 84' lang='lat' dir='ltr'>con-</span> 
     </span>
     <span class='ocr_line' id='line_1_28' title="bbox 450 1551 1150 1597; baseline -0.01 -7"><span class='ocrx_word' id='word_1_113' title='bbox 450 1557 586 1590; x_wconf 57' lang='lat' dir='ltr'>situatur</span> <span class='ocrx_word' id='word_1_114' title='bbox 600 1581 609 1597; x_wconf 91' lang='lat'>,</span> <span class='ocrx_word' id='word_1_115' title='bbox 643 1554 800 1587; x_wconf 68' lang='lat' dir='ltr'>reservatis</span> <span class='ocrx_word' id='word_1_116' title='bbox 842 1560 941 1586; x_wconf 79' lang='lat' dir='ltr'>tamen</span> <span class='ocrx_word' id='word_1_117' title='bbox 978 1551 1150 1584; x_wconf 79' lang='lat' dir='ltr'>maioribus</span> 
     </span>
     <span class='ocr_line' id='line_1_29' title="bbox 450 1611 626 1652; baseline -0.011 -8"><span class='ocrx_word' id='word_1_118' title='bbox 450 1611 550 1645; x_wconf 76' lang='lat' dir='ltr'>causis</span> <span class='ocrx_word' id='word_1_119' title='bbox 571 1611 626 1652; x_wconf 82' lang='lat' dir='ltr'>(l).</span> 
     </span>
    </p>

    <p class='ocr_par' dir='ltr' id='par_1_12' title="bbox 397 1675 1147 1720">
     <span class='ocr_line' id='line_1_30' title="bbox 397 1675 1147 1720; baseline -0.009 -11"><span class='ocrx_word' id='word_1_120' title='bbox 397 1680 582 1720; x_wconf 82' lang='lat' dir='ltr'>Gregorius</span> <span class='ocrx_word' id='word_1_121' title='bbox 592 1678 803 1708; x_wconf 72' lang='lat' dir='ltr'>Maximiano</span> <span class='ocrx_word' id='word_1_122' title='bbox 813 1677 918 1716; x_wconf 82' lang='lat' dir='ltr'>episc.</span> <span class='ocrx_word' id='word_1_123' title='bbox 930 1675 1147 1715; x_wconf 71' lang='lat' dir='ltr'>Syracusano</span> 
     </span>
    </p>
   </div>
   <div class='ocr_carea' id='block_1_12' title="bbox 399 1737 1150 2652">
    <p class='ocr_par' dir='ltr' id='par_1_13' title="bbox 399 1737 1150 2652">
     <span class='ocr_line' id='line_1_31' title="bbox 450 1737 1147 1784; baseline -0.011 -6"><span class='ocrx_word' id='word_1_124' title='bbox 450 1743 596 1778; x_wconf 75' lang='lat' dir='ltr'>Mandata</span> <span class='ocrx_word' id='word_1_125' title='bbox 630 1740 775 1776; x_wconf 88' lang='lat' dir='ltr'>coelestia</span> <span class='ocrx_word' id='word_1_126' title='bbox 802 1738 960 1774; x_wconf 86' lang='lat' dir='ltr'>efficacius</span> <span class='ocrx_word' id='word_1_127' title='bbox 982 1737 1123 1784; x_wconf 82' lang='lat' dir='ltr'>gerimus</span> <span class='ocrx_word' id='word_1_128' title='bbox 1139 1763 1147 1777; x_wconf 96' lang='lat'>,</span> 
     </span>
     <span class='ocr_line' id='line_1_32' title="bbox 399 1790 1146 1838; baseline -0.012 -5"><span class='ocrx_word' id='word_1_129' title='bbox 399 1800 425 1832; x_wconf 82' lang='lat' dir='ltr'>si</span> <span class='ocrx_word' id='word_1_130' title='bbox 452 1805 557 1832; x_wconf 89' lang='lat' dir='ltr'>nostra</span> <span class='ocrx_word' id='word_1_131' title='bbox 579 1808 651 1831; x_wconf 88' lang='lat' dir='ltr'>cum</span> <span class='ocrx_word' id='word_1_132' title='bbox 683 1793 829 1830; x_wconf 87' lang='lat' dir='ltr'>fratribus</span> <span class='ocrx_word' id='word_1_133' title='bbox 850 1803 946 1827; x_wconf 88' lang='lat' dir='ltr'>onera</span> <span class='ocrx_word' id='word_1_134' title='bbox 967 1790 1146 1838; x_wconf 80' lang='lat' dir='ltr'>partiamur.</span> 
     </span>
     <span class='ocr_line' id='line_1_33' title="bbox 400 1845 1148 1896; baseline -0.009 -10"><span class='ocrx_word' id='word_1_135' title='bbox 400 1850 537 1886; x_wconf 74' lang='lat' dir='ltr'>Proinde</span> <span class='ocrx_word' id='word_1_136' title='bbox 564 1861 659 1896; x_wconf 85' lang='lat' dir='ltr'>super</span> <span class='ocrx_word' id='word_1_137' title='bbox 680 1855 809 1883; x_wconf 86' lang='lat' dir='ltr'>cunctas</span> <span class='ocrx_word' id='word_1_138' title='bbox 835 1846 961 1882; x_wconf 83' lang='lat' dir='ltr'>Siciliae</span> <span class='ocrx_word' id='word_1_139' title='bbox 990 1845 1148 1880; x_wconf 87' lang='lat' dir='ltr'>Ecclesias</span> 
     </span>
     <span class='ocr_line' id='line_1_34' title="bbox 403 1898 1147 1940; baseline -0.011 0"><span class='ocrx_word' id='word_1_140' title='bbox 403 1904 700 1940; x_wconf 73' lang='lat' dir='ltr'>reverendissimum</span> <span class='ocrx_word' id='word_1_141' title='bbox 728 1909 759 1936; x_wconf 87' lang='lat' dir='ltr'>te</span> <span class='ocrx_word' id='word_1_142' title='bbox 793 1900 895 1935; x_wconf 76' lang='lat' dir='ltr'>virum</span> <span class='ocrx_word' id='word_1_143' title='bbox 922 1898 1147 1934; x_wconf 78' lang='lat' dir='ltr'>Maximianum</span> 
     </span>
     <span class='ocr_line' id='line_1_35' title="bbox 403 1953 1149 2003; baseline -0.009 -9"><span class='ocrx_word' id='word_1_144' title='bbox 403 1960 527 1994; x_wconf 74' lang='lat' dir='ltr'>fratrem</span> <span class='ocrx_word' id='word_1_145' title='bbox 543 1965 573 1992; x_wconf 86' lang='lat' dir='ltr'>et</span> <span class='ocrx_word' id='word_1_146' title='bbox 594 1956 818 2003; x_wconf 85' lang='lat' dir='ltr'>coepiscopum</span> <span class='ocrx_word' id='word_1_147' title='bbox 840 1961 983 1989; x_wconf 89' lang='lat' dir='ltr'>nostrum</span> <span class='ocrx_word' id='word_1_148' title='bbox 1001 1953 1084 1988; x_wconf 76' lang='lat' dir='ltr'>vices</span> <span class='ocrx_word' id='word_1_149' title='bbox 1102 1964 1149 1988; x_wconf 90' lang='lat' dir='ltr'>se-</span> 
     </span>
     <span class='ocr_line' id='line_1_36' title="bbox 400 2008 1148 2060; baseline -0.007 -13"><span class='ocrx_word' id='word_1_150' title='bbox 400 2014 448 2048; x_wconf 83' lang='lat' dir='ltr'>dis</span> <span class='ocrx_word' id='word_1_151' title='bbox 475 2011 665 2060; x_wconf 86' lang='lat' dir='ltr'>apostolicae</span> <span class='ocrx_word' id='word_1_152' title='bbox 687 2011 865 2045; x_wconf 84' lang='lat' dir='ltr'>ministrare</span> <span class='ocrx_word' id='word_1_153' title='bbox 882 2008 1101 2049; x_wconf 87' lang='lat' dir='ltr'>decernimus;</span> <span class='ocrx_word' id='word_1_154' title='bbox 1115 2016 1148 2043; x_wconf 91' lang='lat' dir='ltr'>ut</span> 
     </span>
     <span class='ocr_line' id='line_1_37' title="bbox 402 2063 1147 2114; baseline -0.007 -12"><span class='ocrx_word' id='word_1_155' title='bbox 402 2067 546 2114; x_wconf 78' lang='lat' dir='ltr'>quisquis</span> <span class='ocrx_word' id='word_1_156' title='bbox 569 2066 634 2101; x_wconf 88' lang='lat' dir='ltr'>illic</span> <span class='ocrx_word' id='word_1_157' title='bbox 660 2064 820 2112; x_wconf 80' lang='lat' dir='ltr'>religionis</span> <span class='ocrx_word' id='word_1_158' title='bbox 846 2063 957 2098; x_wconf 88' lang='lat' dir='ltr'>habitu</span> <span class='ocrx_word' id='word_1_159' title='bbox 978 2071 1147 2108; x_wconf 66' lang='lat' dir='ltr'>censetur,</span> 
     </span>
     <span class='ocr_line' id='line_1_38' title="bbox 402 2117 1148 2156; baseline -0.005 -1"><span class='ocrx_word' id='word_1_160' title='bbox 402 2120 586 2156; x_wconf 74' lang='lat' dir='ltr'>fraternitati</span> <span class='ocrx_word' id='word_1_161' title='bbox 609 2128 679 2154; x_wconf 86' lang='lat' dir='ltr'>tuae</span> <span class='ocrx_word' id='word_1_162' title='bbox 694 2131 731 2154; x_wconf 81' lang='lat' dir='ltr'>ex</span> <span class='ocrx_word' id='word_1_163' title='bbox 746 2126 852 2154; x_wconf 86' lang='lat' dir='ltr'>nostra</span> <span class='ocrx_word' id='word_1_164' title='bbox 869 2117 1054 2153; x_wconf 86' lang='lat' dir='ltr'>auctoritate</span> <span class='ocrx_word' id='word_1_165' title='bbox 1069 2117 1148 2152; x_wconf 90' lang='lat' dir='ltr'>sub-</span> 
     </span>
     <span class='ocr_line' id='line_1_39' title="bbox 405 2171 1148 2221; baseline -0.004 -13"><span class='ocrx_word' id='word_1_166' title='bbox 405 2176 518 2209; x_wconf 80' lang='lat' dir='ltr'>iaceat:</span> <span class='ocrx_word' id='word_1_167' title='bbox 546 2182 702 2221; x_wconf 87' lang='lat' dir='ltr'>quatenus</span> <span class='ocrx_word' id='word_1_168' title='bbox 728 2173 773 2208; x_wconf 87' lang='lat' dir='ltr'>eis</span> <span class='ocrx_word' id='word_1_169' title='bbox 799 2184 863 2208; x_wconf 90' lang='lat' dir='ltr'>non</span> <span class='ocrx_word' id='word_1_170' title='bbox 883 2172 923 2207; x_wconf 93' lang='lat' dir='ltr'>sit</span> <span class='ocrx_word' id='word_1_171' title='bbox 936 2171 1148 2207; x_wconf 87' lang='lat' dir='ltr'>necessarium</span> 
     </span>
     <span class='ocr_line' id='line_1_40' title="bbox 401 2225 1148 2275; baseline -0.004 -13"><span class='ocrx_word' id='word_1_172' title='bbox 401 2228 564 2275; x_wconf 78' lang='lat' dir='ltr'>posthaec</span> <span class='ocrx_word' id='word_1_173' title='bbox 585 2240 641 2274; x_wconf 91' lang='lat' dir='ltr'>pro</span> <span class='ocrx_word' id='word_1_174' title='bbox 664 2227 801 2275; x_wconf 74' lang='lat' dir='ltr'>parvulis</span> <span class='ocrx_word' id='word_1_175' title='bbox 812 2227 850 2262; x_wconf 88' lang='lat' dir='ltr'>ad</span> <span class='ocrx_word' id='word_1_176' title='bbox 867 2238 926 2261; x_wconf 92' lang='lat' dir='ltr'>nos</span> <span class='ocrx_word' id='word_1_177' title='bbox 942 2225 1046 2261; x_wconf 89' lang='lat' dir='ltr'>causis</span> <span class='ocrx_word' id='word_1_178' title='bbox 1064 2232 1148 2260; x_wconf 86' lang='lat' dir='ltr'>tanto</span> 
     </span>
     <span class='ocr_line' id='line_1_41' title="bbox 403 2277 1149 2328; baseline -0.003 -12"><span class='ocrx_word' id='word_1_179' title='bbox 403 2281 498 2316; x_wconf 86' lang='lat' dir='ltr'>maris</span> <span class='ocrx_word' id='word_1_180' title='bbox 524 2280 625 2328; x_wconf 88' lang='lat' dir='ltr'>spatio</span> <span class='ocrx_word' id='word_1_181' title='bbox 646 2280 869 2315; x_wconf 86' lang='lat' dir='ltr'>transmeando</span> <span class='ocrx_word' id='word_1_182' title='bbox 888 2279 1062 2327; x_wconf 78' lang='lat' dir='ltr'>pervenire.</span> <span class='ocrx_word' id='word_1_183' title='bbox 1083 2277 1149 2314; x_wconf 89' lang='lat' dir='ltr'>Sed</span> 
     </span>
     <span class='ocr_line' id='line_1_42' title="bbox 401 2333 1149 2383; baseline -0.003 -13"><span class='ocrx_word' id='word_1_184' title='bbox 401 2337 425 2370; x_wconf 80' lang='lat' dir='ltr'>si</span> <span class='ocrx_word' id='word_1_185' title='bbox 441 2347 502 2383; x_wconf 87' lang='lat' dir='ltr'>qua</span> <span class='ocrx_word' id='word_1_186' title='bbox 524 2334 655 2370; x_wconf 80' lang='lat' dir='ltr'>fortasse</span> <span class='ocrx_word' id='word_1_187' title='bbox 671 2334 807 2369; x_wconf 80' lang='lat' dir='ltr'>diflicilia</span> <span class='ocrx_word' id='word_1_188' title='bbox 827 2334 977 2379; x_wconf 75' lang='lat' dir='ltr'>existunt,</span> <span class='ocrx_word' id='word_1_189' title='bbox 991 2345 1072 2381; x_wconf 86' lang='lat' dir='ltr'>quae</span> <span class='ocrx_word' id='word_1_190' title='bbox 1087 2333 1149 2368; x_wconf 86' lang='lat' dir='ltr'>fra-</span> 
     </span>
     <span class='ocr_line' id='line_1_43' title="bbox 403 2387 1148 2436; baseline -0.003 -11"><span class='ocrx_word' id='word_1_191' title='bbox 403 2389 553 2425; x_wconf 81' lang='lat' dir='ltr'>ternitatis</span> <span class='ocrx_word' id='word_1_192' title='bbox 579 2396 651 2423; x_wconf 86' lang='lat' dir='ltr'>tuae</span> <span class='ocrx_word' id='word_1_193' title='bbox 677 2388 793 2423; x_wconf 90' lang='lat' dir='ltr'>iudicio</span> <span class='ocrx_word' id='word_1_194' title='bbox 815 2400 1014 2436; x_wconf 88' lang='lat' dir='ltr'>nequaquam</span> <span class='ocrx_word' id='word_1_195' title='bbox 1041 2387 1148 2423; x_wconf 91' lang='lat' dir='ltr'>dirimi</span> 
     </span>
     <span class='ocr_line' id='line_1_44' title="bbox 403 2441 1150 2490; baseline -0.003 -12"><span class='ocrx_word' id='word_1_196' title='bbox 403 2443 544 2490; x_wconf 83' lang='lat' dir='ltr'>possint,</span> <span class='ocrx_word' id='word_1_197' title='bbox 566 2443 644 2478; x_wconf 89' lang='lat' dir='ltr'>haec</span> <span class='ocrx_word' id='word_1_198' title='bbox 669 2441 869 2477; x_wconf 89' lang='lat' dir='ltr'>solummodo</span> <span class='ocrx_word' id='word_1_199' title='bbox 895 2451 1037 2477; x_wconf 88' lang='lat' dir='ltr'>nostrum</span> <span class='ocrx_word' id='word_1_200' title='bbox 1065 2442 1150 2477; x_wconf 93' lang='lat' dir='ltr'>iudi-</span> 
     </span>
     <span class='ocr_line' id='line_1_45' title="bbox 404 2495 1149 2543; baseline -0.003 -11"><span class='ocrx_word' id='word_1_201' title='bbox 404 2498 487 2532; x_wconf 90' lang='lat' dir='ltr'>cium</span> <span class='ocrx_word' id='word_1_202' title='bbox 508 2496 666 2543; x_wconf 87' lang='lat' dir='ltr'>flagitent:</span> <span class='ocrx_word' id='word_1_203' title='bbox 682 2504 716 2531; x_wconf 83' lang='lat' dir='ltr'>ut</span> <span class='ocrx_word' id='word_1_204' title='bbox 735 2495 887 2531; x_wconf 86' lang='lat' dir='ltr'>sublevati</span> <span class='ocrx_word' id='word_1_205' title='bbox 904 2495 944 2531; x_wconf 81' lang='lat' dir='ltr'>de</span> <span class='ocrx_word' id='word_1_206' title='bbox 957 2495 1097 2530; x_wconf 91' lang='lat' dir='ltr'>minimis</span> <span class='ocrx_word' id='word_1_207' title='bbox 1117 2495 1149 2530; x_wconf 91' lang='lat' dir='ltr'>in</span> 
     </span>
     <span class='ocr_line' id='line_1_46' title="bbox 405 2550 1147 2597; baseline -0.001 -11"><span class='ocrx_word' id='word_1_208' title='bbox 405 2551 508 2586; x_wconf 85' lang='lat' dir='ltr'>causis</span> <span class='ocrx_word' id='word_1_209' title='bbox 542 2550 713 2586; x_wconf 87' lang='lat' dir='ltr'>maioribus</span> <span class='ocrx_word' id='word_1_210' title='bbox 746 2550 906 2585; x_wconf 87' lang='lat' dir='ltr'>efficacius</span> <span class='ocrx_word' id='word_1_211' title='bbox 946 2562 1147 2597; x_wconf 86' lang='lat' dir='ltr'>occupemur.</span> 
     </span>
     <span class='ocr_line' id='line_1_47' title="bbox 402 2603 1150 2652; baseline 0.001 -13"><span class='ocrx_word' id='word_1_212' title='bbox 402 2606 489 2647; x_wconf 83' lang='lat' dir='ltr'>Quas</span> <span class='ocrx_word' id='word_1_213' title='bbox 514 2604 659 2640; x_wconf 73' lang='lat' dir='ltr'>videlicet</span> <span class='ocrx_word' id='word_1_214' title='bbox 676 2605 759 2640; x_wconf 74' lang='lat' dir='ltr'>vices</span> <span class='ocrx_word' id='word_1_215' title='bbox 777 2617 841 2639; x_wconf 88' lang='lat' dir='ltr'>non</span> <span class='ocrx_word' id='word_1_216' title='bbox 863 2604 944 2646; x_wconf 82' lang='lat' dir='ltr'>loco,</span> <span class='ocrx_word' id='word_1_217' title='bbox 966 2603 1021 2639; x_wconf 90' lang='lat' dir='ltr'>sed</span> <span class='ocrx_word' id='word_1_218' title='bbox 1038 2615 1150 2652; x_wconf 87' lang='lat' dir='ltr'>perso-</span> 
     </span>
    </p>
   </div>
   <div class='ocr_carea' id='block_1_13' title="bbox 439 2675 877 2710">
    <p class='ocr_par' dir='ltr' id='par_1_14' title="bbox 439 2675 877 2710">
     <span class='ocr_line' id='line_1_48' title="bbox 439 2675 877 2710; baseline -0.002 -9"><span class='ocrx_word' id='word_1_219' title='bbox 439 2675 478 2710; x_wconf 81' lang='lat'>(1)</span> <span class='ocrx_word' id='word_1_220' title='bbox 496 2675 606 2710; x_wconf 75' lang='lat' dir='ltr'>Registr.</span> <span class='ocrx_word' id='word_1_221' title='bbox 625 2675 668 2702; x_wconf 71' lang='lat' dir='ltr'>lib.</span> <span class='ocrx_word' id='word_1_222' title='bbox 687 2683 716 2707; x_wconf 89' lang='grc' dir='ltr'>ιι,</span> <span class='ocrx_word' id='word_1_223' title='bbox 733 2675 810 2710; x_wconf 86' lang='lat' dir='ltr'>epist.</span> <span class='ocrx_word' id='word_1_224' title='bbox 829 2683 877 2702; x_wconf 77' lang='lat' dir='ltr'>vn.</span> 
     </span>
    </p>
   </div>
   <div class='ocr_carea' id='block_1_14' title="bbox 986 290 1361 319">
    <p class='ocr_par' dir='ltr' id='par_1_15' title="bbox 986 290 1361 319">
     <span class='ocr_line' id='line_1_49' title="bbox 986 290 1361 319; baseline -0.013 0"><span class='ocrx_word' id='word_1_225' title='bbox 986 292 1176 319; x_wconf 67' lang='lat' dir='ltr'>nummum</span> <span class='ocrx_word' id='word_1_226' title='bbox 1197 290 1361 315; x_wconf 70' lang='lat' dir='ltr'>ROMANUM</span> 
     </span>
    </p>
   </div>
   <div class='ocr_carea' id='block_1_15' title="bbox 1193 339 1940 637">
    <p class='ocr_par' dir='ltr' id='par_1_16' title="bbox 1193 339 1940 637">
     <span class='ocr_line' id='line_1_50' title="bbox 1195 339 1938 391; baseline -0.009 -10"><span class='ocrx_word' id='word_1_227' title='bbox 1195 357 1253 381; x_wconf 86' lang='lat' dir='ltr'>nae</span> <span class='ocrx_word' id='word_1_228' title='bbox 1273 344 1458 380; x_wconf 86' lang='lat' dir='ltr'>tribuimus:</span> <span class='ocrx_word' id='word_1_229' title='bbox 1474 341 1546 391; x_wconf 91' lang='lat' dir='ltr'>quia</span> <span class='ocrx_word' id='word_1_230' title='bbox 1564 353 1602 378; x_wconf 85' lang='lat' dir='ltr'>ex</span> <span class='ocrx_word' id='word_1_231' title='bbox 1616 348 1772 377; x_wconf 86' lang='lat' dir='ltr'>transacta</span> <span class='ocrx_word' id='word_1_232' title='bbox 1785 339 1816 376; x_wconf 87' lang='lat' dir='ltr'>in</span> <span class='ocrx_word' id='word_1_233' title='bbox 1835 346 1866 376; x_wconf 82' lang='lat' dir='ltr'>te</span> <span class='ocrx_word' id='word_1_234' title='bbox 1878 339 1938 375; x_wconf 79' lang='lat' dir='ltr'>vita</span> 
     </span>
     <span class='ocr_line' id='line_1_51' title="bbox 1194 390 1940 441; baseline -0.011 -10"><span class='ocrx_word' id='word_1_235' title='bbox 1194 395 1373 435; x_wconf 84' lang='lat' dir='ltr'>didicimus,</span> <span class='ocrx_word' id='word_1_236' title='bbox 1394 393 1450 441; x_wconf 92' lang='lat' dir='ltr'>qui</span> <span class='ocrx_word' id='word_1_237' title='bbox 1478 393 1571 428; x_wconf 82' lang='lat' dir='ltr'>etiam</span> <span class='ocrx_word' id='word_1_238' title='bbox 1594 391 1633 426; x_wconf 86' lang='lat' dir='ltr'>de</span> <span class='ocrx_word' id='word_1_239' title='bbox 1658 390 1864 437; x_wconf 86' lang='lat' dir='ltr'>subsequenti</span> <span class='ocrx_word' id='word_1_240' title='bbox 1888 397 1940 423; x_wconf 82' lang='lat' dir='ltr'>tua</span> 
     </span>
     <span class='ocr_line' id='line_1_52' title="bbox 1193 438 1940 488; baseline -0.012 -8"><span class='ocrx_word' id='word_1_241' title='bbox 1193 443 1430 480; x_wconf 84' lang='lat' dir='ltr'>conversatione</span> <span class='ocrx_word' id='word_1_242' title='bbox 1463 451 1710 488; x_wconf 85' lang='lat' dir='ltr'>praesumamus.</span> <span class='ocrx_word' id='word_1_243' title='bbox 1746 440 1856 475; x_wconf 88' lang='lat' dir='ltr'>Mense</span> <span class='ocrx_word' id='word_1_244' title='bbox 1883 438 1940 472; x_wconf 76' lang='lat' dir='ltr'>de-</span> 
     </span>
     <span class='ocr_line' id='line_1_53' title="bbox 1193 489 1681 534; baseline -0.014 -4"><span class='ocrx_word' id='word_1_245' title='bbox 1193 493 1322 534; x_wconf 89' lang='lat' dir='ltr'>cembri,</span> <span class='ocrx_word' id='word_1_246' title='bbox 1349 491 1521 527; x_wconf 89' lang='lat' dir='ltr'>indictione</span> <span class='ocrx_word' id='word_1_247' title='bbox 1547 489 1681 525; x_wconf 83' lang='lat' dir='ltr'>decima.</span> 
     </span>
     <span class='ocr_line' id='line_1_54' title="bbox 1229 545 1904 583; baseline -0.009 -2"><span class='ocrx_word' id='word_1_248' title='bbox 1229 551 1291 581; x_wconf 84' lang='lat' dir='ltr'>Dat.</span> <span class='ocrx_word' id='word_1_249' title='bbox 1313 558 1415 580; x_wconf 88' lang='lat' dir='ltr'>mense</span> <span class='ocrx_word' id='word_1_250' title='bbox 1433 546 1582 577; x_wconf 89' lang='lat' dir='ltr'>decembri</span> <span class='ocrx_word' id='word_1_251' title='bbox 1603 555 1680 576; x_wconf 84' lang='lat' dir='ltr'>anno</span> <span class='ocrx_word' id='word_1_252' title='bbox 1701 545 1817 576; x_wconf 85' lang='lat' dir='ltr'>Domini</span> <span class='ocrx_word' id='word_1_253' title='bbox 1837 545 1904 583; x_wconf 75' lang='lat'>591,</span> 
     </span>
     <span class='ocr_line' id='line_1_55' title="bbox 1371 594 1766 637; baseline -0.01 -10"><span class='ocrx_word' id='word_1_254' title='bbox 1371 596 1472 637; x_wconf 82' lang='lat' dir='ltr'>pontif.</span> <span class='ocrx_word' id='word_1_255' title='bbox 1491 594 1624 634; x_wconf 86' lang='lat' dir='ltr'>Gregorii</span> <span class='ocrx_word' id='word_1_256' title='bbox 1641 603 1718 625; x_wconf 85' lang='lat' dir='ltr'>anno</span> <span class='ocrx_word' id='word_1_257' title='bbox 1736 602 1766 624; x_wconf 85' lang='lat'>11.</span> 
     </span>
    </p>
   </div>
   <div class='ocr_carea' id='block_1_16' title="bbox 1475 659 1623 668">
    <p class='ocr_par' dir='ltr' id='par_1_17' title="bbox 1475 659 1623 668">
     <span class='ocr_line' id='line_1_56' title="bbox 1475 659 1623 668; baseline 0 2459"><span class='ocrx_word' id='word_1_258' title='bbox 1475 659 1623 668; x_wconf 95' lang='lat' dir='ltr'> </span> 
     </span>
    </p>
   </div>
   <div class='ocr_carea' id='block_1_17' title="bbox 1541 715 1594 750">
    <p class='ocr_par' dir='ltr' id='par_1_18' title="bbox 1541 715 1594 750">
     <span class='ocr_line' id='line_1_57' title="bbox 1541 715 1594 750; baseline 0 0"><span class='ocrx_word' id='word_1_259' title='bbox 1541 715 1594 750; x_wconf 91' lang='lat' dir='ltr'>IV.</span> 
     </span>
    </p>
   </div>
   <div class='ocr_carea' id='block_1_18' title="bbox 1195 786 1942 883">
    <p class='ocr_par' dir='ltr' id='par_1_19' title="bbox 1195 786 1942 883">
     <span class='ocr_line' id='line_1_58' title="bbox 1195 786 1942 831; baseline -0.008 -6"><span class='ocrx_word' id='word_1_260' title='bbox 1195 791 1272 825; x_wconf 74' lang='lat' dir='ltr'>Unio</span> <span class='ocrx_word' id='word_1_261' title='bbox 1283 791 1437 825; x_wconf 80' lang='lat' dir='ltr'>Cumanae</span> <span class='ocrx_word' id='word_1_262' title='bbox 1447 797 1473 823; x_wconf 82' lang='lat' dir='ltr'>et</span> <span class='ocrx_word' id='word_1_263' title='bbox 1481 788 1643 823; x_wconf 77' lang='lat' dir='ltr'>Misenalis</span> <span class='ocrx_word' id='word_1_264' title='bbox 1650 788 1869 831; x_wconf 73' lang='lat' dir='ltr'>Ecclesiarum,</span> <span class='ocrx_word' id='word_1_265' title='bbox 1876 786 1942 831; x_wconf 78' lang='lat' dir='ltr'>qm·-</span> 
     </span>
     <span class='ocr_line' id='line_1_59' title="bbox 1240 838 1936 883; baseline -0.007 -9"><span class='ocrx_word' id='word_1_266' title='bbox 1240 842 1294 874; x_wconf 85' lang='lat' dir='ltr'>bus</span> <span class='ocrx_word' id='word_1_267' title='bbox 1313 841 1485 873; x_wconf 77' lang='lat' dir='ltr'>Benenatus</span> <span class='ocrx_word' id='word_1_268' title='bbox 1508 839 1662 883; x_wconf 80' lang='lat' dir='ltr'>episcopus</span> <span class='ocrx_word' id='word_1_269' title='bbox 1683 838 1864 882; x_wconf 81' lang='lat' dir='ltr'>praeficitur</span> <span class='ocrx_word' id='word_1_270' title='bbox 1882 839 1936 879; x_wconf 59' lang='lat' dir='ltr'>(i).</span> 
     </span>
    </p>
   </div>
   <div class='ocr_carea' id='block_1_19' title="bbox 1463 901 1679 933">
    <p class='ocr_par' dir='ltr' id='par_1_20' title="bbox 1463 901 1679 933">
     <span class='ocr_line' id='line_1_60' title="bbox 1463 901 1679 933; baseline -0.005 0"><span class='ocrx_word' id='word_1_271' title='bbox 1463 901 1679 933; x_wconf 66' lang='lat' dir='ltr'><strong>SUMMARIUM</strong></span> 
     </span>
    </p>
   </div>
   <div class='ocr_carea' id='block_1_20' title="bbox 1192 958 1942 1032">
    <p class='ocr_par' dir='ltr' id='par_1_21' title="bbox 1192 958 1942 1032">
     <span class='ocr_line' id='line_1_61' title="bbox 1192 958 1942 1032; baseline -0.007 -40"><span class='ocrx_word' id='word_1_272' title='bbox 1192 961 1285 1032; x_wconf 45' lang='lat' dir='ltr'>Caluia</span> <span class='ocrx_word' id='word_1_273' title='bbox 1301 961 1428 991; x_wconf 87' lang='lat' dir='ltr'>unionis.</span> <span class='ocrx_word' id='word_1_274' title='bbox 1442 977 1482 983; x_wconf 92' lang='lat'>—</span> <span class='ocrx_word' id='word_1_275' title='bbox 1495 959 1629 990; x_wconf 83' lang='lat' dir='ltr'>Facultas</span> <span class='ocrx_word' id='word_1_276' title='bbox 1644 958 1796 989; x_wconf 88' lang='lat' dir='ltr'>residendi</span> <span class='ocrx_word' id='word_1_277' title='bbox 1812 959 1843 989; x_wconf 90' lang='lat' dir='ltr'>in</span> <span class='ocrx_word' id='word_1_278' title='bbox 1861 962 1942 988; x_wconf 80' lang='lat' dir='ltr'>utra·</span> 
     </span>
     <span class='ocr_line' id='line_1_62' title="bbox 1243 1002 1313 1032; baseline -0.014 0"><span class='ocrx_word' id='word_1_279' title='bbox 1243 1002 1251 1032; x_wconf 93' lang='lat' dir='ltr'>i</span> <span class='ocrx_word' id='word_1_280' title='bbox 1276 1005 1313 1031; x_wconf 86' lang='lat' dir='ltr'>et.</span> 
     </span>
    </p>
   </div>
   <div class='ocr_carea' id='block_1_21' title="bbox 1279 1056 1851 1097">
    <p class='ocr_par' dir='ltr' id='par_1_22' title="bbox 1279 1056 1851 1097">
     <span class='ocr_line' id='line_1_63' title="bbox 1279 1056 1851 1097; baseline -0.002 -10"><span class='ocrx_word' id='word_1_281' title='bbox 1279 1057 1465 1097; x_wconf 82' lang='lat' dir='ltr'>Gregorius</span> <span class='ocrx_word' id='word_1_282' title='bbox 1485 1057 1657 1087; x_wconf 84' lang='lat' dir='ltr'>Benenato</span> <span class='ocrx_word' id='word_1_283' title='bbox 1679 1056 1851 1096; x_wconf 84' lang='lat' dir='ltr'>episcopo.</span> 
     </span>
    </p>
   </div>
   <div class='ocr_carea' id='block_1_22' title="bbox 1188 1114 1944 2547">
    <p class='ocr_par' dir='ltr' id='par_1_23' title="bbox 1188 1114 1944 2547">
     <span class='ocr_line' id='line_1_64' title="bbox 1239 1114 1941 1163; baseline -0.001 -13"><span class='ocrx_word' id='word_1_284' title='bbox 1239 1116 1280 1150; x_wconf 91' lang='lat' dir='ltr'>Et</span> <span class='ocrx_word' id='word_1_285' title='bbox 1305 1115 1456 1163; x_wconf 91' lang='lat' dir='ltr'>temporis</span> <span class='ocrx_word' id='word_1_286' title='bbox 1478 1115 1612 1163; x_wconf 89' lang='lat' dir='ltr'>qualitas</span> <span class='ocrx_word' id='word_1_287' title='bbox 1626 1142 1636 1160; x_wconf 95' lang='lat'>,</span> <span class='ocrx_word' id='word_1_288' title='bbox 1659 1123 1690 1150; x_wconf 89' lang='lat' dir='ltr'>et</span> <span class='ocrx_word' id='word_1_289' title='bbox 1717 1114 1862 1150; x_wconf 84' lang='lat' dir='ltr'>vicinitas</span> <span class='ocrx_word' id='word_1_290' title='bbox 1882 1126 1941 1150; x_wconf 89' lang='lat' dir='ltr'>nos</span> 
     </span>
     <span class='ocr_line' id='line_1_65' title="bbox 1191 1163 1941 1211; baseline -0.003 -11"><span class='ocrx_word' id='word_1_291' title='bbox 1191 1165 1332 1200; x_wconf 89' lang='lat' dir='ltr'>locorum</span> <span class='ocrx_word' id='word_1_292' title='bbox 1355 1165 1478 1209; x_wconf 83' lang='lat' dir='ltr'>invitat,</span> <span class='ocrx_word' id='word_1_293' title='bbox 1505 1173 1540 1200; x_wconf 90' lang='lat' dir='ltr'>ut</span> <span class='ocrx_word' id='word_1_294' title='bbox 1566 1164 1741 1200; x_wconf 82' lang='lat' dir='ltr'>Cumanam</span> <span class='ocrx_word' id='word_1_295' title='bbox 1764 1172 1858 1211; x_wconf 87' lang='lat' dir='ltr'>atque</span> <span class='ocrx_word' id='word_1_296' title='bbox 1880 1163 1941 1198; x_wconf 85' lang='lat' dir='ltr'>Mi-</span> 
     </span>
     <span class='ocr_line' id='line_1_66' title="bbox 1192 1213 1941 1260; baseline -0.001 -12"><span class='ocrx_word' id='word_1_297' title='bbox 1192 1222 1330 1249; x_wconf 87' lang='lat' dir='ltr'>senatem</span> <span class='ocrx_word' id='word_1_298' title='bbox 1358 1215 1447 1249; x_wconf 91' lang='lat' dir='ltr'>unire</span> <span class='ocrx_word' id='word_1_299' title='bbox 1475 1214 1646 1250; x_wconf 86' lang='lat' dir='ltr'>debeamus</span> <span class='ocrx_word' id='word_1_300' title='bbox 1672 1213 1941 1260; x_wconf 87' lang='lat' dir='ltr'>Ecclesias:quo-</span> 
     </span>
     <span class='ocr_line' id='line_1_67' title="bbox 1192 1262 1938 1310; baseline -0.001 -13"><span class='ocrx_word' id='word_1_301' title='bbox 1192 1263 1274 1298; x_wconf 89' lang='lat' dir='ltr'>niam</span> <span class='ocrx_word' id='word_1_302' title='bbox 1297 1276 1334 1298; x_wconf 79' lang='lat' dir='ltr'>ex</span> <span class='ocrx_word' id='word_1_303' title='bbox 1363 1275 1426 1299; x_wconf 90' lang='lat' dir='ltr'>non</span> <span class='ocrx_word' id='word_1_304' title='bbox 1458 1263 1553 1310; x_wconf 82' lang='lat' dir='ltr'>longo</span> <span class='ocrx_word' id='word_1_305' title='bbox 1579 1275 1595 1297; x_wconf 88' lang='lat' dir='ltr'>a</span> <span class='ocrx_word' id='word_1_306' title='bbox 1622 1275 1656 1298; x_wconf 88' lang='lat' dir='ltr'>se</span> <span class='ocrx_word' id='word_1_307' title='bbox 1683 1262 1806 1297; x_wconf 88' lang='lat' dir='ltr'>itineris</span> <span class='ocrx_word' id='word_1_308' title='bbox 1837 1264 1938 1309; x_wconf 84' lang='lat' dir='ltr'>spatio</span> 
     </span>
     <span class='ocr_line' id='line_1_68' title="bbox 1191 1311 1938 1359; baseline -0.001 -12"><span class='ocrx_word' id='word_1_309' title='bbox 1191 1313 1349 1348; x_wconf 86' lang='lat' dir='ltr'>seiunctae</span> <span class='ocrx_word' id='word_1_310' title='bbox 1370 1321 1454 1357; x_wconf 84' lang='lat' dir='ltr'>sunt,</span> <span class='ocrx_word' id='word_1_311' title='bbox 1481 1324 1539 1348; x_wconf 90' lang='lat' dir='ltr'>nec</span> <span class='ocrx_word' id='word_1_312' title='bbox 1567 1312 1703 1359; x_wconf 89' lang='lat' dir='ltr'>peccatis</span> <span class='ocrx_word' id='word_1_313' title='bbox 1729 1311 1938 1352; x_wconf 85' lang='lat' dir='ltr'>facientibus,</span> 
     </span>
     <span class='ocr_line' id='line_1_69' title="bbox 1192 1360 1937 1410; baseline 0 -14"><span class='ocrx_word' id='word_1_314' title='bbox 1192 1370 1274 1398; x_wconf 88' lang='lat' dir='ltr'>tanta</span> <span class='ocrx_word' id='word_1_315' title='bbox 1296 1362 1404 1410; x_wconf 91' lang='lat' dir='ltr'>populi</span> <span class='ocrx_word' id='word_1_316' title='bbox 1426 1362 1594 1397; x_wconf 90' lang='lat' dir='ltr'>multitudo</span> <span class='ocrx_word' id='word_1_317' title='bbox 1625 1369 1682 1401; x_wconf 91' lang='lat' dir='ltr'>est,</span> <span class='ocrx_word' id='word_1_318' title='bbox 1709 1368 1745 1396; x_wconf 90' lang='lat' dir='ltr'>ut</span> <span class='ocrx_word' id='word_1_319' title='bbox 1769 1360 1915 1408; x_wconf 82' lang='lat' dir='ltr'>singulos</span> <span class='ocrx_word' id='word_1_320' title='bbox 1929 1389 1937 1402; x_wconf 88' lang='lat'>,</span> 
     </span>
     <span class='ocr_line' id='line_1_70' title="bbox 1191 1410 1941 1453; baseline 0 -7"><span class='ocrx_word' id='word_1_321' title='bbox 1191 1412 1271 1447; x_wconf 89' lang='lat' dir='ltr'>sicut</span> <span class='ocrx_word' id='word_1_322' title='bbox 1295 1412 1368 1446; x_wconf 87' lang='lat' dir='ltr'>olim</span> <span class='ocrx_word' id='word_1_323' title='bbox 1391 1411 1459 1453; x_wconf 85' lang='lat' dir='ltr'>suit,</span> <span class='ocrx_word' id='word_1_324' title='bbox 1487 1411 1603 1446; x_wconf 89' lang='lat' dir='ltr'>habere</span> <span class='ocrx_word' id='word_1_325' title='bbox 1630 1411 1767 1447; x_wconf 85' lang='lat' dir='ltr'>debeant</span> <span class='ocrx_word' id='word_1_326' title='bbox 1791 1410 1941 1446; x_wconf 86' lang='lat' dir='ltr'>sacerdo-</span> 
     </span>
     <span class='ocr_line' id='line_1_71' title="bbox 1190 1459 1941 1507; baseline -0.001 -11"><span class='ocrx_word' id='word_1_327' title='bbox 1190 1469 1247 1496; x_wconf 88' lang='lat' dir='ltr'>tes.</span> <span class='ocrx_word' id='word_1_328' title='bbox 1277 1461 1359 1503; x_wconf 85' lang='lat' dir='ltr'>Quia</span> <span class='ocrx_word' id='word_1_329' title='bbox 1394 1461 1489 1507; x_wconf 79' lang='lat' dir='ltr'>igitur</span> <span class='ocrx_word' id='word_1_330' title='bbox 1510 1459 1645 1496; x_wconf 90' lang='lat' dir='ltr'>Cumam</span> <span class='ocrx_word' id='word_1_331' title='bbox 1672 1460 1766 1496; x_wconf 84' lang='lat' dir='ltr'>castri</span> <span class='ocrx_word' id='word_1_332' title='bbox 1791 1460 1941 1495; x_wconf 84' lang='lat' dir='ltr'>sacerdos</span> 
     </span>
     <span class='ocr_line' id='line_1_72' title="bbox 1190 1509 1941 1557; baseline -0.001 -12"><span class='ocrx_word' id='word_1_333' title='bbox 1190 1523 1318 1546; x_wconf 88' lang='lat' dir='ltr'>cursum</span> <span class='ocrx_word' id='word_1_334' title='bbox 1345 1510 1426 1545; x_wconf 78' lang='lat' dir='ltr'>vitae</span> <span class='ocrx_word' id='word_1_335' title='bbox 1458 1510 1553 1545; x_wconf 89' lang='lat' dir='ltr'>huius</span> <span class='ocrx_word' id='word_1_336' title='bbox 1587 1509 1747 1557; x_wconf 76' lang='lat' dir='ltr'>explevit,</span> <span class='ocrx_word' id='word_1_337' title='bbox 1774 1517 1941 1556; x_wconf 86' lang='lat' dir='ltr'>utramque</span> 
     </span>
     <span class='ocr_line' id='line_1_73' title="bbox 1189 1558 1940 1606; baseline -0.003 -11"><span class='ocrx_word' id='word_1_338' title='bbox 1189 1572 1246 1595; x_wconf 86' lang='lat' dir='ltr'>nos</span> <span class='ocrx_word' id='word_1_339' title='bbox 1262 1559 1440 1595; x_wconf 85' lang='lat' dir='ltr'>Ecclesiam</span> <span class='ocrx_word' id='word_1_340' title='bbox 1468 1559 1644 1606; x_wconf 83' lang='lat' dir='ltr'>praesentis</span> <span class='ocrx_word' id='word_1_341' title='bbox 1664 1558 1861 1594; x_wconf 86' lang='lat' dir='ltr'>auctoritatis</span> <span class='ocrx_word' id='word_1_342' title='bbox 1876 1570 1940 1606; x_wconf 87' lang='lat' dir='ltr'>pa-</span> 
     </span>
     <span class='ocr_line' id='line_1_74' title="bbox 1189 1608 1939 1656; baseline -0.001 -13"><span class='ocrx_word' id='word_1_343' title='bbox 1189 1609 1261 1655; x_wconf 82' lang='lat' dir='ltr'>gina</span> <span class='ocrx_word' id='word_1_344' title='bbox 1289 1609 1405 1649; x_wconf 89' lang='lat' dir='ltr'>unisse,</span> <span class='ocrx_word' id='word_1_345' title='bbox 1432 1608 1551 1656; x_wconf 88' lang='lat' dir='ltr'>tibique</span> <span class='ocrx_word' id='word_1_346' title='bbox 1577 1608 1787 1652; x_wconf 85' lang='lat' dir='ltr'>commisisse,</span> <span class='ocrx_word' id='word_1_347' title='bbox 1818 1620 1939 1654; x_wconf 78' lang='lat' dir='ltr'>cogno-</span> 
     </span>
     <span class='ocr_line' id='line_1_75' title="bbox 1189 1657 1940 1706; baseline 0 -14"><span class='ocrx_word' id='word_1_348' title='bbox 1189 1670 1260 1704; x_wconf 82' lang='lat' dir='ltr'>sce,</span> <span class='ocrx_word' id='word_1_349' title='bbox 1287 1658 1512 1706; x_wconf 87' lang='lat' dir='ltr'>propriumque</span> <span class='ocrx_word' id='word_1_350' title='bbox 1542 1666 1749 1705; x_wconf 87' lang='lat' dir='ltr'>utrarumque</span> <span class='ocrx_word' id='word_1_351' title='bbox 1779 1657 1940 1693; x_wconf 80' lang='lat' dir='ltr'>Ecclesia-</span> 
     </span>
     <span class='ocr_line' id='line_1_76' title="bbox 1189 1707 1941 1754; baseline 0 -13"><span class='ocrx_word' id='word_1_352' title='bbox 1189 1719 1259 1743; x_wconf 91' lang='lat' dir='ltr'>rum</span> <span class='ocrx_word' id='word_1_353' title='bbox 1278 1708 1356 1743; x_wconf 78' lang='lat' dir='ltr'>scito</span> <span class='ocrx_word' id='word_1_354' title='bbox 1378 1715 1408 1743; x_wconf 90' lang='lat' dir='ltr'>te</span> <span class='ocrx_word' id='word_1_355' title='bbox 1427 1719 1496 1743; x_wconf 90' lang='lat' dir='ltr'>esse</span> <span class='ocrx_word' id='word_1_356' title='bbox 1517 1707 1710 1753; x_wconf 85' lang='lat' dir='ltr'>pontificem.</span> <span class='ocrx_word' id='word_1_357' title='bbox 1733 1707 1775 1742; x_wconf 88' lang='lat' dir='ltr'>Et</span> <span class='ocrx_word' id='word_1_358' title='bbox 1795 1718 1941 1754; x_wconf 82' lang='lat' dir='ltr'>quaeque</span> 
     </span>
     <span class='ocr_line' id='line_1_77' title="bbox 1190 1756 1939 1804; baseline -0.003 -13"><span class='ocrx_word' id='word_1_359' title='bbox 1190 1757 1245 1792; x_wconf 89' lang='lat' dir='ltr'>tibi</span> <span class='ocrx_word' id='word_1_360' title='bbox 1267 1757 1305 1792; x_wconf 92' lang='lat' dir='ltr'>de</span> <span class='ocrx_word' id='word_1_361' title='bbox 1327 1769 1434 1792; x_wconf 90' lang='lat' dir='ltr'>earum</span> <span class='ocrx_word' id='word_1_362' title='bbox 1456 1756 1660 1804; x_wconf 83' lang='lat' dir='ltr'>patrimonio,</span> <span class='ocrx_word' id='word_1_363' title='bbox 1684 1756 1733 1791; x_wconf 85' lang='lat' dir='ltr'>vel</span> <span class='ocrx_word' id='word_1_364' title='bbox 1752 1756 1826 1791; x_wconf 90' lang='lat' dir='ltr'>cleri</span> <span class='ocrx_word' id='word_1_365' title='bbox 1852 1756 1939 1790; x_wconf 88' lang='lat' dir='ltr'>ordi-</span> 
     </span>
     <span class='ocr_line' id='line_1_78' title="bbox 1189 1805 1940 1854; baseline -0.003 -13"><span class='ocrx_word' id='word_1_366' title='bbox 1189 1807 1326 1848; x_wconf 86' lang='lat' dir='ltr'>natione,</span> <span class='ocrx_word' id='word_1_367' title='bbox 1348 1807 1414 1841; x_wconf 81' lang='lat' dir='ltr'>sive</span> <span class='ocrx_word' id='word_1_368' title='bbox 1441 1806 1639 1854; x_wconf 89' lang='lat' dir='ltr'>promotione</span> <span class='ocrx_word' id='word_1_369' title='bbox 1664 1805 1749 1841; x_wconf 78' lang='lat' dir='ltr'>iuxta</span> <span class='ocrx_word' id='word_1_370' title='bbox 1781 1817 1940 1840; x_wconf 88' lang='lat' dir='ltr'>canonum</span> 
     </span>
     <span class='ocr_line' id='line_1_79' title="bbox 1188 1854 1941 1903; baseline -0.001 -12"><span class='ocrx_word' id='word_1_371' title='bbox 1188 1864 1302 1891; x_wconf 82' lang='lat' dir='ltr'>statuta</span> <span class='ocrx_word' id='word_1_372' title='bbox 1318 1855 1381 1890; x_wconf 85' lang='lat' dir='ltr'>visa</span> <span class='ocrx_word' id='word_1_373' title='bbox 1396 1855 1513 1890; x_wconf 89' lang='lat' dir='ltr'>fuerint</span> <span class='ocrx_word' id='word_1_374' title='bbox 1534 1855 1691 1896; x_wconf 88' lang='lat' dir='ltr'>ordinare,</span> <span class='ocrx_word' id='word_1_375' title='bbox 1713 1862 1808 1903; x_wconf 87' lang='lat' dir='ltr'>atque</span> <span class='ocrx_word' id='word_1_376' title='bbox 1826 1854 1941 1902; x_wconf 88' lang='lat' dir='ltr'>dispo-</span> 
     </span>
     <span class='ocr_line' id='line_1_80' title="bbox 1189 1904 1941 1952; baseline -0.003 -12"><span class='ocrx_word' id='word_1_377' title='bbox 1189 1918 1275 1947; x_wconf 88' lang='lat' dir='ltr'>nere,</span> <span class='ocrx_word' id='word_1_378' title='bbox 1299 1904 1431 1940; x_wconf 84' lang='lat' dir='ltr'>habebis</span> <span class='ocrx_word' id='word_1_379' title='bbox 1450 1912 1483 1939; x_wconf 87' lang='lat' dir='ltr'>ut</span> <span class='ocrx_word' id='word_1_380' title='bbox 1500 1905 1647 1952; x_wconf 87' lang='lat' dir='ltr'>proprius</span> <span class='ocrx_word' id='word_1_381' title='bbox 1668 1916 1776 1939; x_wconf 84' lang='lat' dir='ltr'>revera</span> <span class='ocrx_word' id='word_1_382' title='bbox 1793 1904 1941 1939; x_wconf 85' lang='lat' dir='ltr'>sacerdos</span> 
     </span>
     <span class='ocr_line' id='line_1_81' title="bbox 1189 1954 1936 1990; baseline -0.004 0"><span class='ocrx_word' id='word_1_383' title='bbox 1189 1955 1317 1990; x_wconf 88' lang='lat' dir='ltr'>liberam</span> <span class='ocrx_word' id='word_1_384' title='bbox 1344 1966 1382 1989; x_wconf 71' lang='lat' dir='ltr'>ex</span> <span class='ocrx_word' id='word_1_385' title='bbox 1408 1962 1533 1989; x_wconf 85' lang='lat' dir='ltr'>nostrae</span> <span class='ocrx_word' id='word_1_386' title='bbox 1564 1954 1759 1990; x_wconf 83' lang='lat' dir='ltr'>auctoritatis</span> <span class='ocrx_word' id='word_1_387' title='bbox 1779 1965 1936 1988; x_wconf 88' lang='lat' dir='ltr'>consensu</span> 
     </span>
     <span class='ocr_line' id='line_1_82' title="bbox 1188 2002 1940 2052; baseline -0.003 -13"><span class='ocrx_word' id='word_1_388' title='bbox 1188 2012 1281 2052; x_wconf 85' lang='lat' dir='ltr'>atque</span> <span class='ocrx_word' id='word_1_389' title='bbox 1318 2003 1527 2050; x_wconf 87' lang='lat' dir='ltr'>permissione</span> <span class='ocrx_word' id='word_1_390' title='bbox 1562 2002 1731 2038; x_wconf 84' lang='lat' dir='ltr'>licentiam.</span> <span class='ocrx_word' id='word_1_391' title='bbox 1771 2002 1834 2038; x_wconf 93' lang='lat' dir='ltr'>Ubi</span> <span class='ocrx_word' id='word_1_392' title='bbox 1867 2015 1940 2037; x_wconf 77' lang='lat' dir='ltr'>vero</span> 
     </span>
     <span class='ocr_line' id='line_1_83' title="bbox 1188 2051 1940 2100; baseline -0.003 -12"><span class='ocrx_word' id='word_1_393' title='bbox 1188 2053 1388 2089; x_wconf 83' lang='lat' dir='ltr'>commodius</span> <span class='ocrx_word' id='word_1_394' title='bbox 1407 2060 1502 2100; x_wconf 90' lang='lat' dir='ltr'>atque</span> <span class='ocrx_word' id='word_1_395' title='bbox 1518 2051 1627 2087; x_wconf 90' lang='lat' dir='ltr'>utilius</span> <span class='ocrx_word' id='word_1_396' title='bbox 1641 2064 1710 2087; x_wconf 90' lang='lat' dir='ltr'>esse</span> <span class='ocrx_word' id='word_1_397' title='bbox 1732 2052 1940 2100; x_wconf 77' lang='lat' dir='ltr'>perspexeris,</span> 
     </span>
     <span class='ocr_line' id='line_1_84' title="bbox 1188 2101 1940 2147; baseline -0.003 -10"><span class='ocrx_word' id='word_1_398' title='bbox 1188 2103 1342 2143; x_wconf 83' lang='lat' dir='ltr'>habitat0;</span> <span class='ocrx_word' id='word_1_399' title='bbox 1364 2102 1405 2137; x_wconf 89' lang='lat' dir='ltr'>ita</span> <span class='ocrx_word' id='word_1_400' title='bbox 1432 2113 1519 2147; x_wconf 81' lang='lat' dir='ltr'>sane,</span> <span class='ocrx_word' id='word_1_401' title='bbox 1541 2109 1576 2136; x_wconf 87' lang='lat' dir='ltr'>ut</span> <span class='ocrx_word' id='word_1_402' title='bbox 1602 2101 1731 2137; x_wconf 86' lang='lat' dir='ltr'>alteram</span> <span class='ocrx_word' id='word_1_403' title='bbox 1763 2101 1940 2136; x_wconf 85' lang='lat' dir='ltr'>Ecclesiam</span> 
     </span>
     <span class='ocr_line' id='line_1_85' title="bbox 1188 2150 1938 2199; baseline -0.005 -11"><span class='ocrx_word' id='word_1_404' title='bbox 1188 2165 1204 2188; x_wconf 88' lang='lat' dir='ltr'>a</span> <span class='ocrx_word' id='word_1_405' title='bbox 1227 2164 1289 2199; x_wconf 92' lang='lat' dir='ltr'>qua</span> <span class='ocrx_word' id='word_1_406' title='bbox 1311 2151 1515 2199; x_wconf 88' lang='lat' dir='ltr'>corporaliter</span> <span class='ocrx_word' id='word_1_407' title='bbox 1528 2150 1565 2186; x_wconf 91' lang='lat' dir='ltr'>ad</span> <span class='ocrx_word' id='word_1_408' title='bbox 1588 2162 1738 2197; x_wconf 86' lang='lat' dir='ltr'>praesens</span> <span class='ocrx_word' id='word_1_409' title='bbox 1759 2150 1874 2185; x_wconf 85' lang='lat' dir='ltr'>absens</span> <span class='ocrx_word' id='word_1_410' title='bbox 1891 2162 1938 2188; x_wconf 87' lang='lat' dir='ltr'>es,</span> 
     </span>
     <span class='ocr_line' id='line_1_86' title="bbox 1188 2199 1943 2248; baseline -0.005 -11"><span class='ocrx_word' id='word_1_411' title='bbox 1188 2201 1324 2240; x_wconf 83' lang='lat' dir='ltr'>solicita.</span> <span class='ocrx_word' id='word_1_412' title='bbox 1341 2199 1586 2248; x_wconf 87' lang='lat' dir='ltr'>providentique</span> <span class='ocrx_word' id='word_1_413' title='bbox 1598 2212 1674 2236; x_wconf 86' lang='lat' dir='ltr'>cura</span> <span class='ocrx_word' id='word_1_414' title='bbox 1689 2200 1853 2247; x_wconf 89' lang='lat' dir='ltr'>disponas:</span> <span class='ocrx_word' id='word_1_415' title='bbox 1869 2212 1943 2246; x_wconf 87' lang='lat' dir='ltr'>qua-</span> 
     </span>
     <span class='ocr_line' id='line_1_87' title="bbox 1188 2249 1943 2297; baseline -0.004 -11"><span class='ocrx_word' id='word_1_416' title='bbox 1188 2259 1284 2287; x_wconf 85' lang='lat' dir='ltr'>tenus</span> <span class='ocrx_word' id='word_1_417' title='bbox 1305 2250 1410 2285; x_wconf 83' lang='lat' dir='ltr'>divina</span> <span class='ocrx_word' id='word_1_418' title='bbox 1425 2250 1490 2285; x_wconf 89' lang='lat' dir='ltr'>illic</span> <span class='ocrx_word' id='word_1_419' title='bbox 1511 2249 1658 2297; x_wconf 71' lang='lat' dir='ltr'>mysteria</span> <span class='ocrx_word' id='word_1_420' title='bbox 1680 2249 1874 2288; x_wconf 85' lang='lat' dir='ltr'>solemniter,</span> <span class='ocrx_word' id='word_1_421' title='bbox 1889 2261 1943 2283; x_wconf 92' lang='lat' dir='ltr'>au-</span> 
     </span>
     <span class='ocr_line' id='line_1_88' title="bbox 1188 2297 1943 2346; baseline -0.005 -10"><span class='ocrx_word' id='word_1_422' title='bbox 1188 2301 1317 2336; x_wconf 79' lang='lat' dir='ltr'>xiliante</span> <span class='ocrx_word' id='word_1_423' title='bbox 1347 2299 1498 2344; x_wconf 90' lang='lat' dir='ltr'>Domino,</span> <span class='ocrx_word' id='word_1_424' title='bbox 1527 2307 1728 2346; x_wconf 86' lang='lat' dir='ltr'>peragantur.</span> <span class='ocrx_word' id='word_1_425' title='bbox 1752 2297 1943 2333; x_wconf 84' lang='lat' dir='ltr'>Fraternitas</span> 
     </span>
     <span class='ocr_line' id='line_1_89' title="bbox 1189 2347 1944 2396; baseline -0.004 -11"><span class='ocrx_word' id='word_1_426' title='bbox 1189 2362 1264 2396; x_wconf 82' lang='lat' dir='ltr'>ergo</span> <span class='ocrx_word' id='word_1_427' title='bbox 1283 2357 1336 2384; x_wconf 92' lang='lat' dir='ltr'>tua</span> <span class='ocrx_word' id='word_1_428' title='bbox 1357 2356 1444 2384; x_wconf 88' lang='lat' dir='ltr'>tanto</span> <span class='ocrx_word' id='word_1_429' title='bbox 1459 2348 1491 2383; x_wconf 92' lang='lat' dir='ltr'>in</span> <span class='ocrx_word' id='word_1_430' title='bbox 1510 2348 1740 2390; x_wconf 90' lang='lat' dir='ltr'>adhortatione,</span> <span class='ocrx_word' id='word_1_431' title='bbox 1756 2347 1944 2383; x_wconf 85' lang='lat' dir='ltr'>lucrandis-</span> 
     </span>
     <span class='ocr_line' id='line_1_90' title="bbox 1189 2397 1943 2448; baseline -0.005 -14"><span class='ocrx_word' id='word_1_432' title='bbox 1189 2411 1253 2448; x_wconf 89' lang='lat' dir='ltr'>que</span> <span class='ocrx_word' id='word_1_433' title='bbox 1274 2398 1440 2434; x_wconf 84' lang='lat' dir='ltr'>animabus</span> <span class='ocrx_word' id='word_1_434' title='bbox 1462 2398 1633 2433; x_wconf 89' lang='lat' dir='ltr'>sollicitiori</span> <span class='ocrx_word' id='word_1_435' title='bbox 1656 2409 1731 2433; x_wconf 86' lang='lat' dir='ltr'>cura</span> <span class='ocrx_word' id='word_1_436' title='bbox 1748 2403 1873 2444; x_wconf 86' lang='lat' dir='ltr'>semper</span> <span class='ocrx_word' id='word_1_437' title='bbox 1893 2397 1943 2430; x_wconf 84' lang='lat' dir='ltr'>in—</span> 
     </span>
     <span class='ocr_line' id='line_1_91' title="bbox 1190 2445 1943 2495; baseline -0.005 -11"><span class='ocrx_word' id='word_1_438' title='bbox 1190 2448 1311 2495; x_wconf 84' lang='lat' dir='ltr'>vigilet,</span> <span class='ocrx_word' id='word_1_439' title='bbox 1337 2455 1456 2494; x_wconf 89' lang='lat' dir='ltr'>quanto</span> <span class='ocrx_word' id='word_1_440' title='bbox 1485 2459 1518 2483; x_wconf 88' lang='lat' dir='ltr'>se</span> <span class='ocrx_word' id='word_1_441' title='bbox 1539 2447 1701 2482; x_wconf 87' lang='lat' dir='ltr'>unitarum</span> <span class='ocrx_word' id='word_1_442' title='bbox 1726 2445 1943 2481; x_wconf 89' lang='lat' dir='ltr'>Ecclesiarum</span> 
     </span>
     <span class='ocr_line' id='line_1_92' title="bbox 1189 2495 1943 2547; baseline -0.001 -15"><span class='ocrx_word' id='word_1_443' title='bbox 1189 2497 1432 2547; x_wconf 83' lang='lat' dir='ltr'>gubernationis</span> <span class='ocrx_word' id='word_1_444' title='bbox 1447 2508 1543 2532; x_wconf 88' lang='lat' dir='ltr'>onera</span> <span class='ocrx_word' id='word_1_445' title='bbox 1569 2496 1750 2544; x_wconf 88' lang='lat' dir='ltr'>suscepisse</span> <span class='ocrx_word' id='word_1_446' title='bbox 1767 2495 1943 2541; x_wconf 75' lang='lat' dir='ltr'>cognoscit.</span> 
     </span>
    </p>
   </div>
   <div class='ocr_carea' id='block_1_23' title="bbox 1271 2559 1864 2650">
    <p class='ocr_par' dir='ltr' id='par_1_24' title="bbox 1271 2559 1864 2650">
     <span class='ocr_line' id='line_1_93' title="bbox 1271 2559 1864 2598; baseline -0.003 -6"><span class='ocrx_word' id='word_1_447' title='bbox 1271 2562 1333 2593; x_wconf 88' lang='lat' dir='ltr'>Dat.</span> <span class='ocrx_word' id='word_1_448' title='bbox 1356 2571 1459 2592; x_wconf 86' lang='lat' dir='ltr'>mense</span> <span class='ocrx_word' id='word_1_449' title='bbox 1475 2562 1542 2593; x_wconf 88' lang='lat' dir='ltr'>iulii</span> <span class='ocrx_word' id='word_1_450' title='bbox 1560 2571 1637 2592; x_wconf 87' lang='lat' dir='ltr'>anno</span> <span class='ocrx_word' id='word_1_451' title='bbox 1657 2560 1774 2591; x_wconf 91' lang='lat' dir='ltr'>Domini</span> <span class='ocrx_word' id='word_1_452' title='bbox 1795 2559 1864 2598; x_wconf 75' lang='lat'>592,</span> 
     </span>
     <span class='ocr_line' id='line_1_94' title="bbox 1364 2609 1772 2650; baseline -0.002 -9"><span class='ocrx_word' id='word_1_453' title='bbox 1364 2611 1496 2650; x_wconf 83' lang='lat' dir='ltr'>Gregorii</span> <span class='ocrx_word' id='word_1_454' title='bbox 1519 2609 1622 2650; x_wconf 87' lang='lat' dir='ltr'>pontis.</span> <span class='ocrx_word' id='word_1_455' title='bbox 1645 2618 1722 2639; x_wconf 86' lang='lat' dir='ltr'>anno</span> <span class='ocrx_word' id='word_1_456' title='bbox 1739 2617 1772 2640; x_wconf 83' lang='grc' dir='ltr'>ιι.</span> 
     </span>
    </p>
   </div>
   <div class='ocr_carea' id='block_1_24' title="bbox 1229 2671 1690 2710">
    <p class='ocr_par' dir='ltr' id='par_1_25' title="bbox 1229 2671 1690 2710">
     <span class='ocr_line' id='line_1_95' title="bbox 1229 2671 1690 2710; baseline -0.004 -10"><span class='ocrx_word' id='word_1_457' title='bbox 1229 2672 1268 2710; x_wconf 83' lang='lat'>(¹)</span> <span class='ocrx_word' id='word_1_458' title='bbox 1284 2673 1397 2708; x_wconf 75' lang='lat' dir='ltr'>Registr.</span> <span class='ocrx_word' id='word_1_459' title='bbox 1414 2671 1460 2699; x_wconf 89' lang='lat' dir='ltr'>lib.</span> <span class='ocrx_word' id='word_1_460' title='bbox 1477 2679 1507 2706; x_wconf 87' lang='grc' dir='ltr'>ιι,</span> <span class='ocrx_word' id='word_1_461' title='bbox 1524 2672 1602 2709; x_wconf 83' lang='lat' dir='ltr'>epist.</span> <span class='ocrx_word' id='word_1_462' title='bbox 1623 2678 1690 2698; x_wconf 59' lang='lat' dir='ltr'>xcv.</span> 
     </span>
    </p>
   </div>
   <div class='ocr_carea' id='block_1_25' title="bbox 1967 276 2145 303">
    <p class='ocr_par' dir='ltr' id='par_1_26' title="bbox 1967 276 2145 303">
     <span class='ocr_line' id='line_1_96' title="bbox 1967 276 2145 303; baseline 0 -1"><span class='ocrx_word' id='word_1_463' title='bbox 1967 276 2019 303; x_wconf 82' lang='lat' dir='ltr'>An.</span> <span class='ocrx_word' id='word_1_464' title='bbox 2044 276 2070 303; x_wconf 83' lang='lat' dir='ltr'>C.</span> <span class='ocrx_word' id='word_1_465' title='bbox 2099 276 2145 303; x_wconf 70' lang='lat'>591</span> 
     </span>
    </p>
   </div>
   <div class='ocr_carea' id='block_1_26' title="bbox 1968 1116 2148 1137">
    <p class='ocr_par' dir='ltr' id='par_1_27' title="bbox 1968 1116 2148 1137">
     <span class='ocr_line' id='line_1_97' title="bbox 1968 1116 2148 1137; baseline 0 -1"><span class='ocrx_word' id='word_1_466' title='bbox 1968 1116 2035 1136; x_wconf 70' lang='lat' dir='ltr'>Causa</span> <span class='ocrx_word' id='word_1_467' title='bbox 2052 1116 2148 1137; x_wconf 77' lang='lat' dir='ltr'>unionis.</span> 
     </span>
    </p>
   </div>
   <div class='ocr_carea' id='block_1_27' title="bbox 1964 1996 2149 2055">
    <p class='ocr_par' dir='ltr' id='par_1_28' title="bbox 1964 1996 2149 2055">
     <span class='ocr_line' id='line_1_98' title="bbox 1965 1996 2136 2018; baseline -0.006 0"><span class='ocrx_word' id='word_1_468' title='bbox 1965 1996 2067 2018; x_wconf 63' lang='lat' dir='ltr'>Familias</span> <span class='ocrx_word' id='word_1_469' title='bbox 2094 2004 2136 2017; x_wconf 73' lang='lat' dir='ltr'>res·</span> 
     </span>
     <span class='ocr_line' id='line_1_99' title="bbox 1964 2031 2149 2055; baseline 0 -3"><span class='ocrx_word' id='word_1_470' title='bbox 1964 2031 2030 2053; x_wconf 60' lang='lat' dir='ltr'>«tendi</span> <span class='ocrx_word' id='word_1_471' title='bbox 2051 2032 2071 2055; x_wconf 77' lang='lat' dir='ltr'>in</span> <span class='ocrx_word' id='word_1_472' title='bbox 2090 2037 2149 2053; x_wconf 76' lang='lat' dir='ltr'>uua-</span> 
     </span>
    </p>
   </div>
   <div class='ocr_carea' id='block_1_28' title="bbox 1964 2065 2026 2088">
    <p class='ocr_par' dir='ltr' id='par_1_29' title="bbox 1964 2065 2026 2088">
     <span class='ocr_line' id='line_1_100' title="bbox 1964 2065 2026 2088; baseline 0 0"><span class='ocrx_word' id='word_1_473' title='bbox 1964 2065 2026 2088; x_wconf 72' lang='lat' dir='ltr'>Lbet.</span> 
     </span>
    </p>
   </div>
  </div>
 </body>
</html>
