2237 3127
569 513 790 588 INDEX
824 510 1304 585 RUBRICARUM

391 676 677 718 BULLARUM
707 676 775 716 ΕΤ
801 672 1223 716 PRIVILEGIORUM
1250 672 1467 715 OMNIUM

558 817 645 857 Quae
666 817 699 849 in
730 817 786 850 hoc
808 816 910 861 primo
936 816 1090 850 volumme
1117 815 1307 849 continentur

364 1182 399 1218 S.
422 1182 508 1218 LEO
530 1183 701 1219 PRIMUS.

154 1274 179 1310 1.
202 1275 250 1311 De
271 1275 369 1311 sacris
391 1277 655 1318 ordinationibus,
678 1277 717 1313 de
739 1277 864 1312 Donato
883 1286 913 1312 et

255 1324 438 1363 DonatiStis,
461 1339 535 1371 pay.
558 1329 614 1361 58.

154 1373 193 1408 ll.
216 1374 404 1410 Adhortatio
426 1376 463 1409 ad
480 1375 643 1410 Rusticum
659 1376 911 1415 Narbonensem,

254 1436 294 1458 ne
313 1436 400 1458 suam
416 1424 590 1459 Ecclesiam
605 1425 787 1460 solitudinis
802 1435 913 1471 peten-

253 1472 312 1507 dae
333 1485 459 1508 cansam
489 1474 627 1508 deserat:
648 1482 679 1508 et
705 1475 742 1508 ad
770 1475 911 1509 eiusdem

254 1522 410 1563 consulta,
435 1523 670 1569 responsiones,
690 1525 747 1557 42.

155 1570 210 1605 Ill.
233 1571 394 1606 Adversus
421 1572 604 1606 ordinantes
630 1584 737 1607 servos
772 1581 802 1607 et
824 1572 914 1617 biga-

254 1632 340 1654 mos:
366 1633 424 1655 nec
447 1634 508 1655 non
533 1629 642 1656 contra
676 1622 808 1656 clericos
844 1622 914 1656 soe-

255 1677 427 1710 neratores,
451 1671 508 1704 46.

154 1717 209 1753 lv.
236 1717 422 1754 Anastasius
454 1719 745 1754 Thessalonicensis
779 1720 913 1754 vicarius

253 1767 457 1814 Apostolicae
477 1768 571 1803 Sedis
590 1781 644 1816 per
664 1769 820 1816 Illyricum
836 1782 914 1803 con-

254 1817 410 1852 stituitur:
441 1818 600 1864 multaque
637 1818 837 1852 disseruntur
874 1818 913 1853 de

256 1866 324 1900 iure
362 1867 467 1900 vicarii
512 1874 611 1914 apost.
653 1867 913 1914 metropolitanos

256 1915 436 1958 ordinandi,
461 1918 517 1957 48.

154 1963 193 1999 V.
220 1964 328 1999 Italiae
351 1965 518 2012 episcopos
541 1965 692 2000 certiores
714 1965 815 2000 reddit
836 1965 913 2006 Leo,

255 2014 331 2060 quid
356 2026 371 2048 a
399 2026 432 2048 se
455 2022 562 2048 contra
584 2014 787 2049 Manichaeos
809 2023 911 2049 actum

256 2063 313 2098 sit:
337 2063 556 2110 hortaturque,
580 2073 611 2097 ut
635 2076 690 2098 eos
713 2064 912 2110 investigent,

250 2124 297 2146 -ne
325 2113 459 2158 populos
486 2121 702 2158 corrumpant,
731 2116 788 2147 49.

156 2160 208 2195 VI.
232 2160 409 2196 Nonnullas
432 2162 645 2196 dubitationes
667 2174 683 2196 a
715 2162 915 2196 Thessaloni-

256 2211 342 2244 censi
366 2211 516 2257 episcopo
544 2212 742 2257 Apostolicae
765 2211 859 2246 Sedis
874 2211 916 2245 vi-

257 2259 342 2293 cario
371 2260 549 2306 propositas
576 2260 679 2299 diluit,
709 2263 765 2295 50.

157 2307 227 2343 VII.
262 2308 424 2343 Resutatio
465 2309 630 2344 haeresum
658 2309 916 2344 Priscillianista-

258 2369 341 2398 rum,
361 2360 418 2392 54.

158 2405 240 2441 Vlll.
277 2405 323 2440 De
360 2406 515 2452 baptismo
543 2406 574 2440 in
602 2407 654 2441 die
687 2407 852 2443 Paschatis
885 2415 915 2443 et

257 2455 463 2490 Pentecostes
481 2455 688 2499 conserendo,
709 2460 765 2491 61.

157 2503 216 2539 IX.
231 2504 279 2539 De
290 2504 384 2539 rebus
396 2505 558 2539 Ecclesiae
572 2506 836 2549 non‘alienandis,
854 2508 912 2539 65.

159 2552 202 2588 X.
225 2553 318 2595 Quod
335 2555 439 2588 omnis
453 2554 622 2588 cuiuslibet
635 2555 755 2589 ordinis
770 2555 914 2595 clericus,

260 2603 312 2649 qui
336 2603 521 2637 catholicam
551 2603 714 2647 deserens,
742 2604 916 2638 haereticae

261 2664 295 2686 se
318 2653 534 2686 communioni
559 2653 732 2689 miscuerit.
755 2654 778 2687 si
802 2653 839 2687 ad
860 2653 917 2687 Ec-

261 2701 388 2736 clesiam
415 2714 558 2735 reversus
578 2702 680 2741 suerit,
699 2703 729 2735 in
753 2715 789 2736 eo
805 2703 915 2748 gradu,

385 2762 457 2772 ρ,-

1050 1182 1081 1217 ἱη
1105 1194 1169 1229 qno
1195 1189 1273 1223 erat,
1300 1181 1367 1217 sine
1390 1180 1588 1228 promotione
1611 1193 1709 1216 rema-

1051 1240 1135 1271 neat,
1153 1233 1209 1266 66.

952 1281 1008 1315 XI.
1038 1281 1201 1328 Expositio
1237 1292 1326 1315 verae
1349 1280 1510 1314 doctrinae
1529 1280 1567 1313 ab
1594 1280 1708 1314 Eccle-

1051 1331 1095 1364 sia
1132 1329 1286 1364 eatholica
1322 1338 1467 1376 receptae
1503 1329 1545 1363 ‘de
1589 1328 1707 1364 Christi

1051 1378 1179 1413 Domini
1208 1379 1437 1421 incarnatione,
1465 1380 1521 1412 66.

951 1427 1023 1462 XII.
1047 1428 1234 1462 Adliortatio
1257 1428 1295 1462 ad
1319 1428 1511 1473 Ephesinam
1539 1427 1705 1474 synodum,

1052 1485 1085 1511 ut
1106 1477 1295 1524 Eutychetis
1314 1489 1436 1510 errores
1454 1476 1595 1515 damnet,
1617 1477 1706 1511 cuius

1049 1538 1173 1561 causam
1204 1526 1293 1572 legati
1321 1526 1506 1559 mittuntur:
1535 1525 1562 1560 ei
1591 1534 1707 1566 tamen,

1050 1576 1074 1610 si
1095 1575 1270 1621 resipiscat,
1285 1575 1543 1609 communionem
1561 1586 1624 1609 non
1637 1587 1708 1610 esse

1050 1624 1281 1670 denegandam,
1303 1628 1358 1658 71.

951 1673 1036 1707 XIII.
1061 1674 1247 1707 Adhortatio
1269 1673 1308 1707 ad
1330 1673 1496 1714 Faustum,
1519 1681 1549 1707 et
1567 1680 1708 1707 caeteros

1050 1722 1311 1757 archimandritas
1344 1722 1379 1756 C.
1403 1721 1453 1765 Ρ.7
1476 1730 1506 1756 et
1541 1722 1707 1756 detestatio

1051 1780 1192 1806 actorum
1221 1772 1330 1818 synodi
1354 1771 1545 1817 Ephesinae,
1569 1772 1708 1818 quaeir-

1052 1822 1106 1855 rita
1130 1829 1159 1855 et
1183 1822 1265 1855 nulla
1294 1820 1504 1864 declarantur,
1529 1822 1585 1854 72.

952 1869 1037 1904 XIV.
1065 1870 1227 1905 Sententia
1250 1882 1345 1916 snper
1371 1870 1497 1915 antiqua
1523 1870 1707 1916 quaestione

1051 1919 1277 1954 iurisdictionis
1312 1919 1393 1952 inter
1419 1918 1637 1953 Arelatensem
1677 1927 1708 1953 et

1050 1968 1266 2002 Viennensem
1290 1968 1469 2002 Ecclesias:
1493 1975 1524 2002 et
1546 1976 1708 2002 utrarum-

1054 2030 1115 2064 que
1134 2018 1270 2051 limitum
1291 2017 1476 2062 assignatio,
1502 2018 1558 2051 75.

953 2067 1024 2102 XV.
1046 2067 1199 2102 Decernit
1230 2080 1295 2107 eos,
1328 2067 1381 2112 qui
1406 2078 1422 2100 e
1450 2066 1628 2112 captivitate
1651 2078 1708 2100 re-

1053 2124 1228 2159 vertuntur,
1255 2117 1280 2150 si
1296 2128 1330 2150 se
1345 2116 1518 2162 baptizatos
1534 2114 1709 2162 probabili-

1051 2173 1098 2200 ter
1131 2166 1286 2210 ignorent,
1312 2177 1375 2198 non
1406 2164 1522 2199 debere
1549 2164 1707 2211 baptismo

1054 2219 1229 2266 prohiberi:
1253 2219 1292 2253 ab
1315 2218 1478 2252 haereticis
1500 2230 1574 2252 vero
1597 2217 1708 2265 bapti-

1053 2282 1137 2307 zatos
1166 2285 1220 2319 per
1246 2285 1359 2307 manus
1382 2272 1615 2318 impositionem
1637 2284 1707 2307 esse

1053 2327 1092 2361 ab
1120 2327 1260 2361 Ecclesia
1284 2326 1494 2372 recipiendos,
1524 2328 1581 2360 74.

953 2380 1039 2415 XVI.
1065 2381 1111 2415 De
1130 2381 1274 2415 Nestorio
1304 2388 1334 2415 et
1357 2379 1512 2426 Eutyche,
1535 2391 1708 2425 eorumque

1054 2433 1238 2468 haeresibus
1261 2435 1289 2467 in
1313 2434 1460 2477 concilio,
1483 2433 1521 2467 ad
1541 2433 1625 2479 quod
1642 2433 1707 2467 Leo

1053 2487 1171 2533 legatos
1198 2499 1284 2530 suos,
1313 2486 1449 2532 fideique
1479 2487 1706 2533 professionem

1054 2542 1193 2584 miserat,
1216 2540 1383 2579 damnatis,
1405 2542 1460 2573 75.

954 2594 1067 2629 XVIII.
1092 2593 1300 2629 Confirmatio
1321 2602 1447 2628 sanctae
1469 2593 1709 2628 Chalcedonen-

1053 2649 1098 2683 sis
1111 2648 1220 2695 synodi
1236 2647 1265 2681 in
1283 2647 1329 2686 iis,
1346 2660 1425 2693 quae
1440 2647 1477 2681 ad
1495 2647 1706 2681 tideit·ausa111

1055 2703 1225 2749 pertinent:
1267 2709 1297 2734 et
1332 2702 1489 2735 damnatio
1524 2702 1707 2748 dogmatum

1222 2759 1286 2771 uve-³
