2237 3127
199 367 251 394 An.
274 366 303 393 C.
332 366 381 393 404

202 674 231 695 De
250 675 383 694 (naevorum

216 708 361 729 ‹»t.>tinati‹um

201 745 221 765 iu
262 742 381 764 erroribus.

466 366 533 399 408

409 434 530 464 acatium
549 432 607 460 ture
626 437 642 458 a
658 429 719 457 sede
731 426 879 463 apostoliea
898 423 1064 453 damnatum,
1084 420 1112 448 et
1127 419 1155 446 in

456 483 727 515 excommunicatione
737 481 873 509 mortuum
884 484 936 506 non
951 483 1029 512 posse
1042 473 1153 505 absolvi,

456 542 484 569 et
502 545 561 567 cum
580 537 627 565 itlo
646 543 698 564 non
717 532 974 563 communicandum.

462 614 491 645 l.
515 610 582 655 Ego
600 619 726 655 quoque
749 613 853 640 mente
876 602 1002 651 percepi
1019 600 1156 636 Graecos

410 661 441 695 iu
461 672 516 695 sua
543 657 751 693 obstinatione
775 665 951 695 mansuros,
977 664 1016 686 ne
1038 651 1086 685 cui
1102 662 1157 684 ve-

411 711 456 745 lut
479 710 654 756 iuspeetum
683 705 780 739 videri
808 711 925 751 potest,
949 701 1034 750 quod
1057 708 1102 735 est
1125 700 1155 734 in

411 767 483 794 ante
507 757 754 806 praecognitum.
778 754 978 800 Quapropter
1013 763 1073 784 nou
1098 750 1156 783 iam

411 816 540 856 propter
562 805 721 849 religionis
742 815 851 838 causas
873 802 999 837 student
1020 799 1158 847 disposi—

411 857 551 892 tionibus
574 855 708 903 publicis
729 853 867 896 obviare,
890 851 944 886 sed
973 850 1076 898 potius
1102 860 1159 895 per

412 907 609 942 occasionem
645 903 811 950 legationis
843 902 946 948 regiae
973 899 1158 934 catholicam

412 958 506 991 tidem
536 955 711 989 moliuntur
744 959 896 994 evertere,
926 957 957 984 et
990 949 1041 983 tali
1065 960 1161 982 com-

413 1015 520 1040 mento
542 1005 684 1039 nituntur
717 1009 839 1049 sperata
876 1007 1043 1045 praestare.
1076 997 1159 1039 Quid

415 1057 471 1089 sibi
496 1055 559 1088 vult
581 1061 699 1091 autem,
729 1051 813 1098 quod
847 1050 959 1084 dixerit
980 1049 1160 1095 imperator,

416 1120 430 1139 a
455 1105 544 1139 nobis
570 1116 603 1138 se
630 1103 660 1136 iu
684 1102 833 1147 religione
865 1100 1060 1140 damnatum,
1089 1108 1160 1131 cum

416 1167 510 1198 super
534 1154 590 1187 bac
619 1158 717 1199 parte,
753 1158 783 1184 et
809 1149 957 1183 decessor
984 1159 1072 1181 meus
1100 1158 1160 1179 uon

417 1204 517 1237 solum
540 1202 670 1236 minime
693 1211 808 1234 nomen
839 1199 907 1233 eius
941 1196 1086 1242 attigerit,
1109 1195 1161 1228 sed

418 1255 547 1299 insuper
577 1250 703 1298 quaudo
731 1248 882 1296 principia
903 1246 1035 1293 adeptus
1062 1244 1163 1291 regiae

418 1309 580 1350 malestatis
608 1299 758 1339 exercuit,
780 1299 811 1332 in
843 1298 912 1331 eius
939 1308 972 1330 se
1006 1294 1164 1340 rescripsit

417 1352 535 1397 imperii
559 1349 754 1397 promotione
777 1347 925 1394 gaudere,
948 1355 976 1380 et
1000 1357 1057 1391 ego
1081 1342 1162 1377 nulla

416 1403 516 1448 ipsius
539 1412 680 1446 unquam
704 1398 816 1444 scripta
841 1395 1037 1443 percipiens,
1064 1393 1165 1427 liono-

417 1451 514 1486 riticis
536 1453 579 1493 (ut
607 1448 715 1491 nostis)
737 1460 807 1481 eum
832 1446 930 1480 literis
955 1444 1089 1478 salutare
1111 1455 1167 1476 cu-

419 1500 574 1535 raverim?
604 1499 793 1533 Decessores
815 1496 876 1529 mei
899 1493 1087 1530 sacerdotes,
1113 1492 1164 1538 qui

421 1547 723 1598 praevaricatoribus
756 1558 790 1581 se
817 1543 1067 1579 communicasse
1091 1554 1168 1588 pro-

420 1601 484 1647 pria
510 1610 584 1633 voce
612 1597 745 1631 confessi
774 1602 858 1637 suut,
891 1606 906 1627 a
944 1592 1168 1627 communione

418 1649 588 1695 apostolica
613 1647 850 1680 submoverunt.
874 1643 907 1678 Si
932 1643 980 1677 isti
1009 1642 1108 1688 placet
1135 1653 1168 1674 se

422 1700 553 1732 miscere
575 1696 740 1735 damnatis,
762 1694 854 1729 nobis
869 1705 930 1727 nou
947 1699 1047 1739 potest
1064 1691 1169 1736 impu-

421 1750 494 1786 tari;
517 1747 542 1781 si
565 1746 603 1779 :ib
625 1746 671 1779 eis
696 1745 766 1779 velit
792 1742 972 1785 abscedere,
995 1749 1079 1774 tanto
1102 1752 1171 1773 ma-

421 1799 468 1842 gis
490 1809 505 1831 a
535 1796 626 1830 uobis
657 1807 717 1828 uon
755 1800 855 1840 potest
883 1804 951 1826 csse
987 1790 1169 1832 damnatus,

420 1847 475 1881 scd
499 1846 602 1893 potius
620 1844 655 1878 ad
673 1843 802 1890 gratiam
818 1843 957 1877 slucerae
971 1839 1170 1875 commuuio-

423 1898 472 1930 nis
493 1895 661 1929 admissus.
694 1893 741 1927 Ad
770 1900 912 1926 senatum
941 1902 1012 1924 vere
1040 1889 1173 1936 pertinet

422 1957 602 1981 romanum,
626 1951 658 1977 ut
682 1954 801 1977 memor
835 1941 920 1981 fidei,
948 1952 1041 1987 quam
1071 1951 1086 1973 a
1110 1950 1173 1985 pa—

423 1994 563 2030 reutibus
585 2005 618 2028 se
640 1992 816 2038 suscepisse
838 1990 992 2029 meminit,
1031 1987 1171 2033 contagia

425 2046 498 2079 xitet
529 2043 761 2078 communionis
788 2049 944 2077 aeternae,
980 2051 1019 2073 ne
1041 2051 1058 2072 a
1085 2050 1174 2072 com-

425 2094 575 2128 munione
611 2092 705 2126 buius
734 2091 818 2125 sedis
857 2088 1047 2137 apostolicae
1079 2087 1173 2134 (quod

426 2144 517 2178 absitt
540 2142 687 2177 reddatur
708 2149 867 2175 externus.
882 2139 1014 2174 Veniam
1037 2137 1094 2172 sibi
1109 2137 1173 2170 dari

430 2199 621 2241 proponunt.
655 2191 803 2237 Legatur,
834 2202 871 2224 ex
897 2201 960 2236 quo
992 2195 1039 2222 est
1069 2186 1175 2232 religio

410 2242 608 2280 ‘christiana
634 2240 680 2274 ret
704 2248 787 2274 certe
818 2239 909 2273 detur
930 2237 1122 2284 exemplum,
1146 2236 1175 2270 in

429 2292 570 2326 Ecclesia
598 2290 655 2324 Dei
690 2302 705 2324 a
739 2289 932 2336 quibuslibet
960 2286 1177 2334 pontificibus,

429 2342 469 2376 ab
490 2341 566 2388 ipsis
585 2339 746 2386 apostolis,
768 2339 806 2373 ab
830 2339 898 2384 ipso
921 2337 1055 2383 denique
1074 2335 1179 2370 Salva-

430 2400 508 2429 tore,
530 2391 651 2424 veniam
685 2389 744 2422 nisi
769 2387 996 2434 corrigentibus
1023 2398 1055 2420 se
1082 2385 1178 2419 fuisse

299 2462 304 2474 t
339 2461 363 2474 m
382 2461 390 2474 s
431 2452 626 2475 concessam.
649 2438 800 2473 Auditum
823 2445 926 2472 autem
949 2436 1008 2471 sub
1024 2435 1179 2470 istocoelo

229 2488 388 2518 corrigentibus

239 2533 281 2546 uon
299 2523 377 2545 dandi.

432 2502 490 2524 nec
517 2490 629 2535 legitur
664 2488 809 2526 omnino,
844 2499 903 2521 nec
941 2486 1066 2523 dicitur,
1094 2484 1178 2531 quod

431 2552 540 2573 eorum
563 2550 639 2572 voce
669 2536 877 2584 depromitur:
911 2535 989 2570 Date
1016 2534 1106 2568 nobis
1127 2546 1181 2568 ve-

431 2590 513 2622 niam
543 2588 618 2622 dum
641 2595 744 2621 tamen
769 2599 827 2620 uos
842 2587 872 2619 in
889 2597 993 2620 errore
1016 2584 1178 2618 duremus.

432 2638 466 2672 ld
499 2649 624 2685 quoque
654 2637 769 2684 pariter
803 2635 970 2670 ostendant
1003 2634 1056 2681 qui
1091 2634 1181 2668 nobis

433 2699 570 2721 canones
600 2687 744 2721 nituntur
777 2697 948 2732 opponere,
982 2684 1096 2730 quibus
1124 2684 1182 2718 boc

435 2736 620 2782 canonibus,
642 2735 759 2784 quibus
780 2735 909 2783 regulis,
943 2746 1004 2782 qua
1037 2734 1183 2778 lectione,

1032 360 1168 385 BULLAm
1175 359 1219 382 ΟΜ
1250 357 1410 380 ΗΟΜᾹΝΙῚΙ

1199 424 1299 459 quove
1320 411 1521 452 documento,
1548 408 1613 443 sive
1645 420 1661 441 a
1690 404 1863 440 ‘maioribus
1884 417 1944 440 no-

1198 461 1281 506 stris,
1309 461 1372 494 sire
1394 459 1432 494 ab
1459 458 1535 506 ipsis
1557 455 1705 503 apostolis
1727 457 1819 502 (quos
1841 455 1945 502 potio-

1198 523 1248 545 res
1270 510 1381 545 merito
1409 508 1503 543 fuisse
1530 519 1592 541 non
1621 505 1754 539 dubium
1782 508 1850 548 est),
1888 516 1942 538 seu

1198 560 1236 595 ab
1252 561 1319 606 ipso
1337 559 1473 593 Domino
1487 554 1724 601 S;1tx·at01-o,qui
1749 553 1943 588 iudicaturus

1199 610 1337 644 creditur
1360 609 1444 642 vivos
1466 614 1496 641 et
1515 614 1664 649 mortuos,
1686 604 1749 637 sive
1768 603 1882 637 factum
1899 610 1944 637 est

1201 671 1350 706 uuquam,
1377 657 1424 692 vel
1446 655 1623 690 faciendum
1662 665 1730 688 esse
1757 651 1946 686 mandatur?

1200 709 1341 743 Mortuos
1362 707 1529 742 suscitasse
1557 705 1691 750 legimus
1718 701 1892 745 Christum,
1915 701 1945 735 iu

1200 771 1305 793 errore
1333 764 1474 791 mortuos
1509 754 1682 789 absolvisse
1717 764 1778 786 non
1815 751 1949 797 legimus

1202 811 1253 851 (a).
1277 807 1316 841 Et
1338 806 1390 853 qui
1417 813 1501 839 certe
1529 804 1587 838 boc
1608 802 1740 837 faciendi
1776 801 1862 836 solus
1885 800 1948 834 ba—

1201 857 1268 891 buit
1293 862 1488 903 potestatem,
1511 853 1602 888 beato
1620 852 1714 886 Petro
1736 850 1950 898 principaliter

1202 906 1329 940 mandat
1363 904 1520 951 apostolo:
1556 902 1644 944 Quae
1673 901 1816 947 ligaveris
1855 912 1949 946 super

1203 964 1328 996 terram,
1353 955 1443 1000 ligata
1466 959 1558 987 erunt
1579 959 1609 986 et
1631 951 1661 985 in
1690 949 1796 990 coelis,
1815 957 1847 983 et
1869 961 1949 996 quae

1202 1005 1332 1039 solveris
1354 1015 1448 1049 super
1470 1011 1595 1045 terram⁷
1622 1009 1712 1035 erunt
1738 999 1838 1034 soluta
1866 1006 1896 1033 et
1919 998 1948 1032 in

1203 1054 1299 1089 coelis
1321 1056 1368 1098 (b).
1398 1053 1501 1099 Super
1516 1060 1640 1092 terram,
1664 1049 1781 1097 inquit:
1806 1048 1950 1083 uambae

1204 1103 1353 1149 ligatione
1374 1102 1558 1137 defunctum
1592 1111 1745 1147 nusquam
1782 1099 1858 1132 dixit
1889 1097 1950 1132 ab—

1205 1153 1296 1187 solvi.
1318 1151 1411 1194 Quod
1438 1163 1512 1197 ergo
1554 1161 1710 1196 nusquam
1753 1148 1867 1182 sactum
1894 1156 1952 1191 est,

1205 1202 1252 1236 vel
1265 1211 1369 1236 mente
1392 1201 1557 1247 concipere
1580 1199 1795 1237 formidamus,
1818 1199 1954 1231 seientes

1207 1252 1237 1285 in
1260 1251 1366 1285 divino
1389 1249 1506 1284 iudicio
1534 1261 1595 1283 non
1620 1260 1710 1294 posse
1738 1247 1863 1294 penitus
1890 1259 1952 1280 ex—

1207 1301 1321 1335 cusari.
1337 1300 1502 1342 Stantem,
1524 1297 1608 1345 quod
1631 1309 1715 1331 nuuc
1731 1295 1952 1343 praetendunt,

1207 1363 1223 1384 a
1246 1362 1373 1384 romana
1408 1348 1551 1383 Ecclesia
1583 1359 1616 1381 se
1649 1354 1724 1381 sunt
1757 1345 1899 1384 divisuri,
1923 1345 1952 1378 id

1209 1399 1390 1434 iamdudum
1419 1398 1530 1432 fecisse
1563 1404 1788 1431 monstrantur.
1823 1394 1955 1441 Eupbe—

1209 1462 1306 1483 mium
1336 1460 1408 1483 vero
1435 1460 1542 1490 miror,
1569 1459 1594 1480 st
1630 1454 1836 1491 ignorantiam
1868 1456 1955 1478 suam

1209 1499 1276 1544 ipse
1299 1510 1361 1532 non
1383 1497 1542 1544 perspicit,
1570 1496 1621 1542 qui
1653 1494 1729 1529 dicit
1750 1494 1895 1528 Acutium
1918 1493 1956 1526 ab

1210 1560 1273 1582 uno
1308 1559 1369 1581 non
1412 1546 1551 1593 potuisse
1587 1544 1739 1578 damnari.
1776 1543 1861 1578 [tane
1895 1555 1956 1576 nou

1212 1597 1359 1644 perspicit
1381 1596 1554 1630 secundum
1578 1594 1707 1628 sormam
1736 1592 1846 1640 synodi
1869 1591 1961 1627 Clial-

1211 1646 1409 1689 cetlonensis,
1438 1646 1583 1680 Acatium
1620 1643 1715 1677 fuisse
1752 1640 1959 1677 damnatum?

1211 1696 1276 1730 Nec
1299 1696 1383 1730 norit
1411 1707 1491 1739 eam,
1516 1702 1569 1729 aut
1590 1705 1623 1727 se
1651 1705 1744 1727 nosse
1766 1691 1956 1727 dissimulat:

1213 1745 1242 1779 in
1266 1757 1327 1791 qua
1350 1745 1459 1792 utique
1481 1756 1537 1791 per
1558 1755 1758 1777 numerosam
1772 1741 1958 1776 sententiam

1213 1795 1411 1829 sacerdotum
1438 1793 1554 1828 erroris
1571 1792 1667 1827 buius
1682 1799 1827 1827 auctores
1840 1797 1962 1825 constat

1214 1845 1308 1878 fuisse
1327 1845 1504 1887 damnatos,
1529 1843 1610 1877 sicut
1631 1842 1662 1876 in
1685 1852 1871 1888 unaquaque
1892 1839 1963 1874 bae-

1214 1895 1273 1928 resi
1297 1906 1312 1928 a
1342 1893 1497 1940 principio
1533 1891 1721 1926 christianae
1749 1889 1910 1936 religionis
1932 1897 1960 1924 et

1216 1944 1329 1978 sactum
1354 1943 1460 1983 fuisse,
1488 1950 1516 1976 et
1539 1941 1618 1985 fieri,
1654 1940 1816 1975 manifesta
1856 1952 1961 1973 rerum

1215 1994 1334 2027 ratione
1357 2000 1557 2031 monstratur,
1580 1992 1841 2036 decessoremque
1856 2001 1960 2023 meum

1216 2050 1413 2077 executorem
1442 2041 1538 2075 fuisse
1563 2040 1678 2074 veteris
1705 2038 1879 2077 constituti,
1898 2050 1960 2072 non

1217 2104 1314 2126 novae
1336 2090 1570 2125 constitutionis
1588 2090 1770 2124 auctorem?
1791 2088 1885 2130 Quod
1901 2100 1962 2122 non

1217 2142 1317 2176 solum
1343 2140 1474 2187 praesuli
1496 2139 1669 2186 apostolico
1685 2138 1786 2172 facere
1814 2136 1962 2178 licct‚sed

1218 2191 1407 2237 cuicumque
1419 2189 1570 2237 pontifici,
1583 2195 1616 2222 ut
1630 2187 1797 2235 quoslibet,
1808 2194 1838 2221 et
1853 2198 1965 2234 quem-

1218 2241 1291 2275 libet
1313 2241 1428 2280 locum,
1451 2238 1626 2274 secuudum
1641 2237 1779 2283 regulam
1802 2237 1966 2270 haereseos

1220 2290 1318 2337 ipsius
1335 2297 1406 2323 ante
1433 2289 1597 2323 damnatae
1618 2299 1635 2321 a
1649 2286 1801 2321 catholica
1823 2297 1968 2320 eommu-

1221 2340 1314 2375 nione
1336 2339 1525 2373 discernant.
1556 2336 1811 2383 Acatiusquippe
1834 2335 1968 2370 nonfuit

1221 2389 1303 2430 novi,
1325 2388 1373 2423 vel
1412 2387 1528 2434 proprii
1556 2388 1700 2421 inventor
1727 2386 1852 2425 erroris,
1875 2393 1910 2419 ut
1936 2384 1966 2418 in

1221 2452 1291 2473 eum
1314 2450 1391 2472 nova
1418 2438 1495 2472 scita
1524 2436 1697 2484 prodirent,
1720 2435 1773 2469 sed
1796 2434 1898 2469 alieno
1920 2433 1968 2468 fa·
2016 2466 2020 2476 ,

1222 2488 1320 2524 cinori
1334 2500 1389 2522 sua
1413 2487 1636 2521 communione
1658 2497 1692 2520 se
1707 2485 1844 2518 miscuit.
1857 2483 1968 2530 ltaque

1224 2549 1351 2572 necesse
1373 2545 1430 2577 est,
1453 2544 1487 2570 ut
1528 2536 1560 2570 in
1587 2535 1670 2570 illam
1709 2534 1859 2569 recideret
1894 2533 1973 2567 iusta

1224 2588 1312 2622 lance
1338 2587 1537 2627 sententiam,
1559 2597 1652 2632 quam
1675 2596 1746 2619 eum
1761 2583 1827 2618 suis
1848 2594 1970 2617 sueces-

1224 2637 1348 2672 soribus
1363 2648 1418 2684 per
1432 2635 1682 2670 convenientiam
1716 2632 1896 2681 synodalem
1919 2643 1974 2666 su·-

1261 2710 1299 2744 (11)
1316 2709 1410 2736 matth.
1428 2709 1454 2735 o.
1473 2709 1554 2736 Marc.
1575 2708 1602 2736 5.
1623 2698 1729 2735 Lucls.
1748 2707 1818 2734 tuan.
1844 2706 1886 2733 ii.

1261 2747 1298 2782 (b)
1315 2744 1408 2772 naith.
1428 2745 1469 2772 ic».

1976 347 2028 375 An.
2051 345 2080 374 C.
2106 345 2158 374 491

2022 2380 2110 2401 §.carine
2126 2379 2181 2402 ulio-

1998 2423 2074 2438 nnruut
2110 2420 2182 2437 sneu-

2074 2463 2181 2478 errorum.
