2237 3127
68 219 121 249 An.
143 219 171 249 C.
201 219 254 250 984

276 172 361 196 ‘un-„i

742 218 881 242 Joiimzs
907 219 966 242 xiv
993 219 1033 242 ΕΤ
1059 211 1199 243 [osnes
1226 220 1272 243 xv
1298 221 1349 244 ιφ.

286 283 412 306 menses
437 283 501 306 viil
523 273 577 316 (t),
607 271 685 307 Post
710 272 772 307 lioc
805 286 877 307 vero
912 281 1037 320 tempus

284 332 356 355 eum
383 321 584 368 supradictus
612 321 794 357 Bonifacius
820 322 963 356 Ferrneii
1000 323 1037 356 fi-

260 411 263 416 ,
283 369 344 404 lius
367 382 509 404 reversus
530 370 819 417 Constantinopoli,
849 371 899 405 tibi
925 372 1036 416 suerat,

283 419 538 466 comprehendit,
564 432 600 455 ae
622 419 778 465 deposuit,
801 428 832 455 ct
854 420 885 454 in
916 421 1037 455 castel-

282 467 347 502 lum
371 467 404 502 S.
427 467 540 514 Augeli
570 469 600 503 ii]
632 469 773 503 custodia
804 469 888 503 misit
904 497 912 510 ,
939 478 969 505 et
992 469 1034 503 ibi

282 516 441 552 custodire
463 529 534 551 eum
563 517 646 561 fecit,
669 518 721 551 ubi
758 518 972 553 infirmitatem
1005 526 1035 553 et

283 566 374 601 samis
411 566 552 613 inopiam
599 579 654 613 per
692 578 727 600 ιν
760 579 887 601 menses
921 567 1035 602 aeriter

281 615 442 656 sustinuit,
463 627 500 649 ae
520 623 663 650 mortuns
684 622 752 658 est,
774 616 899 650 occisus
921 620 1035 662 (prout

282 664 396 710 legitur
428 665 457 698 iu
480 676 506 698 11
533 664 670 710 Vignolii
698 665 873 711 catalogo).
910 665 1035 699 loannis

281 713 437 760 depositio
473 713 661 758 assignanda
703 721 750 748 est
784 714 896 748 martio
933 714 1033 747 mensi

281 763 405 797 circiter
418 762 536 797 ineunti
552 762 625 796 anni
641 764 724 806 985,
739 775 822 797 mors
840 774 913 797 vero
932 763 1033 797 mensi

279 819 414 858 augusto
442 811 505 845 diei
533 820 638 846 autem
662 813 720 846 20.

328 860 475 895 Schisma
501 860 660 895 decimum
684 860 867 907 septimum.

327 909 404 945 Post
431 909 638 944 Benedictnm
661 909 700 943 vi
728 910 758 943 in
783 921 908 944 carcere
932 917 1032 944 stran-

279 959 434 1005 gulatum,
461 958 661 993 Bonifacium
688 958 744 993 Vll
774 971 885 1006 papam
909 958 936 992 vi
974 971 1033 993 or—

279 1009 422 1043 dinatum
441 1008 589 1049 vidimus,
616 1008 670 1042 sed
707 1016 777 1054 post
798 1020 940 1042 mensem
969 1007 1032 1041 ba-

278 1057 366 1092 silica
392 1057 543 1092 Vaticana
578 1057 724 1104 pretiosis
751 1057 845 1091 rebus
880 1057 1032 1091 omnibus

277 1107 423 1154 spoliata,
433 1106 743 1153 Constantinopolim
768 1106 959 1153 profugisse,
977 1106 1029 1140 ubi

277 1156 445 1202 degentem
466 1155 662 1191 Benedictus
684 1155 741 1190 VII
774 1157 805 1190 iii
829 1155 949 1202 synodo
973 1167 1031 1189 ro-

277 1217 370 1240 mana
397 1218 414 1240 a
436 1217 469 1240 se
500 1204 656 1240 celebrata
693 1204 1031 1239 excommunicationis

277 1255 434 1290 sententia
458 1254 622 1301 percussit.
648 1253 681 1288 ln
710 1254 875 1301 iniquitate
898 1265 952 1287 suti
983 1261 1031 1287 tzi-

277 1304 410 1339 bescens
446 1311 477 1338 et
509 1303 687 1338 fervescens
726 1303 912 1338 Βοιιίἱὶιαίιις
940 1302 1030 1337 Con-

277 1353 481 1400 stantinopoli
503 1364 647 1387 reversus
669 1352 816 1387 loannem
829 1351 913 1392 XIV,
928 1359 961 1386 nt
978 1351 1030 1385 di-

278 1403 396 1441 ximus,
423 1401 676 1448 comprehendit,
711 1411 740 1436 et
775 1402 804 1435 iii
841 1402 968 1435 castello
995 1400 1028 1434 S.

277 1451 392 1498 Angeti
416 1447 601 1497 relegatum,
625 1450 717 1489 sanie,
741 1458 771 1484 et
793 1458 827 1484 ut
851 1450 1028 1496 pei-hibent,

276 1512 399 1535 veneno
433 1500 577 1540 enecuit,
609 1500 740 1546 eiusque
775 1499 881 1533 sedem
918 1499 1029 1533 invasit

277 1551 389 1585 martio
411 1550 537 1584 circiter
564 1549 692 1583 ineunte
728 1549 801 1583 anni
839 1550 922 1582 983.
959 1548 1028 1581 Non

276 1600 376 1635 multo
404 1607 473 1646 post
494 1598 657 1644 repentina
679 1606 779 1633 morte
801 1598 932 1635 interiit,
955 1597 1028 1631 etin

277 1656 363 1684 tanto
390 1660 463 1683 eum
490 1648 563 1682 odio
603 1647 780 1682 habuerunt
806 1646 867 1687 sui,
904 1654 938 1680 iit
960 1654 1030 1693 post

276 1705 410 1733 mortem
438 1710 510 1732 eum
538 1696 717 1739 caederent,
744 1704 775 1730 et
808 1695 925 1730 lanceis
951 1695 1029 1729 vul—

277 1755 435 1791 nerarent,
457 1755 551 1793 atque
579 1758 634 1793 per
656 1746 752 1792 pedes
773 1745 944 1787 trnlierent,
969 1756 1029 1777 nn-

275 1796 349 1831 dato
371 1808 514 1842 corpore,
530 1807 632 1841 usque
654 1796 685 1829 in
708 1806 855 1841 eampum
871 1801 942 1827 ante
966 1792 1029 1827 Ca-

278 1845 394 1880 ballum
435 1844 636 1880 Constantini
673 1846 808 1890 (nempe
848 1850 1027 1888 equestrem

276 1902 410 1929 statuam
437 1906 567 1929 aeneam
598 1893 675 1940 imp.
708 1893 750 1927 M.
782 1892 921 1930 Aurelii,
949 1903 1028 1937 qnae

277 1944 307 1978 in
330 1956 402 1978 area
434 1942 611 1990 Capitolina
652 1954 737 1976 nune
771 1944 949 1988 spectatur)
986 1940 1026 1973 ilii

277 1994 477 2040 proiecerunt
499 2004 587 2035 eum,
607 1999 701 2038 atque
732 1990 932 2025 dimiserunt.
966 1988 1026 2023 Ubi

276 2054 367 2077 mane
390 2043 551 2077 venientes
574 2040 690 2080 elei-ici,
718 2049 748 2074 et
775 2039 918 2073 videntes
952 2050 1024 2072 euin

277 2092 315 2126 ita
338 2092 471 2138 turpiter
507 2100 538 2125 et
577 2102 649 2124 ciim
677 2089 831 2123 dedecore
863 2088 1026 2126 iacentem,

275 2153 400 2175 caesum
428 2148 460 2175 et
481 2141 661 2179 laceratum,
685 2138 881 2184 collegerunt
907 2144 936 2171 et
970 2148 1028 2170 se-

276 2191 443 2237 pelierunt.

323 2239 394 2281 Quo
417 2239 514 2283 sacto,
541 2237 676 2272 Ioannes
698 2235 830 2271 Roberti
860 2235 942 2269 filins
968 2233 1028 2268 ele-

273 2297 344 2324 ctus
366 2296 413 2323 est
434 2299 585 2322 romanus
609 2286 761 2333 pontifex,
783 2296 876 2332 quein
892 2296 964 2318 cnm
988 2283 1028 2317 ab

274 2338 409 2373 erud-itis
435 2336 512 2371 viris
539 2336 641 2370 solum
665 2335 799 2369 electum
820 2332 1029 2367 nominarile-

309 2404 348 2439 (ί)
369 2403 412 2430 Sic
429 2403 524 2436 legitur
540 2402 566 2428 in
591 2409 644 2427 uno
665 2408 698 2426 ex
716 2400 800 2426 tribus
820 2399 934 2434 Vignolii
951 2399 1028 2425 Cata-

274 2444 349 2478 togis,
369 2451 416 2469 sex
431 2443 488 2469 aliis
504 2441 593 2468 Critie.
611 2441 708 2466 Bnron.
726 2438 861 2474 praefixis,
878 2438 923 2473 qni
941 2441 1026 2464 taimen

274 2484 414 2510 terminum
434 2482 539 2509 loannis
555 2479 717 2516 pontiticntui
738 2480 887 2514 praefigunt
903 2478 953 2504 diei
977 2478 1027 2504 ‹le-

274 2524 412 2560 positioiiis
427 2523 495 2553 eius,
507 2530 559 2548 non
577 2521 674 2551 obitus,
686 2520 731 2554 qui
745 2520 791 2546 snit
804 2522 863 2554 post
873 2526 975 2544 menses
988 2525 1025 2549 iv,

273 2571 355 2599 quare
371 2561 618 2596 Augustodunensis
638 2564 782 2594 utrumque.
803 2558 940 2585 includens
960 2560 1028 2584 teni-

274 2612 334 2640 pus,
354 2606 426 2630 recte
441 2602 530 2630 loanni
547 2600 675 2628 adscribit
690 2606 790 2627 annum
806 2606 826 2625 1.

1712 210 1776 243 451

1077 274 1229 319 gerimus,
1260 287 1323 309 non
1352 274 1531 310 ordinatum
1556 282 1720 322 putamus,
1748 287 1831 321 prae—

1078 324 1184 358 sertim
1219 336 1291 358 cuin
1321 336 1391 358 euni
1426 325 1541 360 obiisse
1575 331 1698 359 constet
1737 323 1830 371 paulo

1080 380 1149 419 post
1164 373 1276 408 eodem
1299 386 1382 409 anno
1404 376 1486 409 985.

1317 538 1500 586 lsslNNES
1535 538 1596 586 XV

1364 620 1457 649 ΪἋΡᾹ
1484 620 1549 649 CXL

1077 678 1168 711 Alieno
1177 690 1265 712 acrae
1279 678 1393 712 Christi
1408 691 1514 712 contin.
1529 679 1825 713 DCCCCLXXXV.

1078 751 1226 830 {oannes
1252 792 1551 839 decimiist‘piintuS,
1572 793 1698 827 natione
1720 805 1828 828 roma-

1077 854 1146 881 nus,
1169 854 1207 875 ex
1235 850 1321 886 patre
1356 842 1463 876 Leone
1490 841 1688 889 presbytero,
1710 842 1749 877 de
1771 854 1829 877 re—

1074 891 1166 935 gione
1198 890 1297 924 Albae
1324 890 1479 931 Gallinae,
1515 891 1679 925 ordinatus
1701 899 1749 925 est
1771 904 1829 926 ro-

1075 951 1187 973 manus
1214 940 1356 986 pontifex
1380 953 1487 973 mense
1510 940 1635 974 circiter
1662 939 1825 975 decembri

1074 1001 1155 1022 anno
1178 1001 1250 1023 vero
1272 991 1355 1029 935,
1371 999 1438 1034 post
1460 989 1613 1023 Bonifacii
1641 989 1693 1023 Vll
1720 989 1826 1024 interi-

1074 1045 1139 1071 tuin
1175 1045 1206 1072 et
1244 1047 1375 1072 morteiii
1412 1038 1539 1072 loannis
1580 1038 1632 1071 lilii
1679 1037 1822 1072 Roberti.

1073 1086 1164 1120 Sedit
1185 1099 1284 1121 annos
1302 1100 1335 1128 x,
1360 1100 1483 1121 menses
1500 1099 1543 1131 vi,
1571 1087 1639 1121 dies
1654 1091 1752 1129 xtl):
1767 1086 1826 1121 fuit

1073 1144 1177 1170 nutem
1200 1137 1397 1182 temporibus
1423 1136 1530 1170 Basilii
1567 1145 1596 1169 et
1623 1135 1826 1170 Constantini

1073 1184 1111 1218 R.
1134 1185 1158 1218 Ι.
1182 1184 1215 1219 F.
1253 1186 1282 1219 in
1317 1185 1460 1229 Oriente,
1496 1185 1526 1219 in
1554 1184 1732 1219 Occidente
1755 1197 1828 1220 vero

1072 1233 1208 1268 Otlionis
1230 1234 1284 1275 Iil,
1321 1235 1559 1280 imperatorum.
1600 1233 1647 1267 Ex
1683 1241 1825 1281 tempore

1073 1282 1199 1317 loannis
1223 1283 1416 1329 pontificatui
1457 1283 1617 1329 adscripto
1652 1283 1825 1317 dicendum

1072 1341 1117 1366 cst
1146 1345 1218 1366 enm
1250 1332 1366 1366 obiisse
1401 1332 1529 1365 ineunte
1564 1332 1688 1365 circiter
1716 1344 1826 1366 mense

1071 1381 1160 1426 aprili
1195 1382 1269 1415 anni
1294 1383 1377 1419 996,
1401 1381 1439 1414 de
1467 1393 1530 1427 quo
1553 1380 1638 1414 nulla
1665 1381 1747 1414 inter
1769 1393 1827 1414 au-

1072 1439 1173 1464 ctores
1195 1430 1361 1464 dissensio.
1388 1429 1539 1475 Sepultus
1561 1437 1607 1463 est
1635 1430 1664 1463 in
1698 1429 1824 1464 basilica

1071 1479 1104 1513 S.
1132 1479 1217 1513 Petri
1242 1480 1271 1512 in
1303 1479 1438 1513 oratorio
1472 1479 1506 1513 S.
1530 1479 1657 1513 Mai-iae.
1697 1478 1827 1513 Vacavit

1071 1528 1163 1563 sedes
1190 1528 1228 1563 ad
1255 1541 1281 1563 11
1304 1540 1442 1562 menses.

1436 1657 1461 1692 Ι.

1111 1725 1310 1771 Confirmatio
1332 1725 1482 1758 bonorum
1503 1730 1530 1757 ct
1563 1724 1788 1768 possessionum
1831 1759 1834 1764 ,

1207 1776 1397 1808 (limenensis
1420 1775 1600 1807 monaswrii
1626 1774 1681 1815 (2).
1830 1773 1834 1810 Ῑ

1338 1837 1552 1869 ΞΌΜᾸΙᾹΠΙΠΜ

1069 1893 1258 1923 Proceriiium.
1283 1909 1323 1914 -
1350 1892 1454 1921 Preces
1487 1891 1613 1921 abbatis.
1640 1907 1679 1913 —
1705 1890 1820 1920 Confir-

1109 1933 1198 1962 nintio
1212 1932 1392 1968 monasterii,
1403 1932 1526 1969 eiusque
1537 1929 1823 1959 bonorum—Enu-

1108 1973 1229 2001 meratio
1243 1972 1398 2001 honorum.
1408 1988 1448 1993 ——
1459 1971 1591 2000 Termini
1603 1970 1821 1999 describuntur.

1107 2029 1147 2034 —-
1163 2012 1275 2050 Cuique
1295 2020 1438 2050 personne
1458 2010 1634 2039 monasterio
1654 2009 1820 2039 molestiam

1109 2052 1218 2081 inferre
1241 2051 1436 2080 interdicitur.
1466 2067 1505 2071 —
1532 2050 1589 2079 Sed
1613 2050 1685 2079 illud
1705 2054 1822 2079 maneat

1108 2092 1162 2121 snb
1186 2092 1297 2120 ditione
1318 2090 1346 2120 S.
1365 2090 1397 2119 Ιὶ.
1416 2089 1448 2119 Ε.
1465 2106 1504 2110 —-
1518 2089 1695 2125 Miilctlictio,
1710 2093 1821 2118 etana-

1109 2131 1307 2160 tlieinatizntio
1336 2133 1435 2159 contra
1466 2129 1689 2158 inobserviintes
1713 2132 1820 2158 statuta

1109 2171 1256 2210 privilegii
1280 2170 1380 2199 liuius.

1104 2228 1142 2263 (1)
1159 2229 1192 2255 Ut
1208 2227 1321 2253 liabetur
1339 2226 1365 2252 in
1386 2225 1470 2251 tribus
1486 2225 1596 2259 Vignolii
1613 2224 1753 2259 Catalogis:
1774 2223 1819 2251 sed

1068 2276 1157 2295 mense
1174 2276 1201 2293 iv
1222 2266 1361 2302 legendnm
1381 2270 1521 2300 putamus;
1541 2272 1572 2290 ne
1587 2272 1648 2291 eum
1666 2264 1733 2290 ultra
1754 2264 1822 2290 Gre-

1068 2313 1133 2345 gorii
1150 2312 1167 2338 V
1184 2310 1344 2338 successoris
1360 2309 1432 2335 initui
1450 2308 1600 2343 pontificem
1612 2315 1734 2342 regnasse
1750 2308 1821 2333 dica-

1069 2345 1136 2383 mus,
1156 2354 1184 2377 ut
1203 2359 1235 2377 ex
1253 2354 1371 2384 tempore
1387 2348 1610 2382 eideinGregorio
1631 2347 1818 2374 adscribendo.

1069 2394 1123 2419 Hoc
1138 2400 1246 2427 quoque
1270 2394 1374 2426 tempus
1393 2393 1514 2417 statuunt
1535 2388 1638 2415 Ioannis
1658 2387 1820 2423 pontificatui

1070 2437 1122 2459 tres
1135 2441 1167 2459 ex
1178 2432 1267 2458 Critie.
1280 2431 1374 2457 Bairoii.
1390 2429 1471 2464 praef.
1485 2429 1611 2461 Czitnlogi,
1628 2431 1654 2454 et
1669 2427 1819 2454 Chronicon

1068 2473 1256 2499 Yultnruense:
1286 2471 1516 2497 Fossuenovantiin
1545 2476 1609 2494 vero
1638 2475 1698 2493 enin
1725 2466 1820 2493 Gode-

1070 2513 1135 2539 frido
1154 2512 1309 2539 viterbiensi
1326 2510 1353 2536 (l.
1377 2518 1391 2535 x
1415 2509 1551 2535 omittunt.
1591 2506 1630 2541 (2)
1649 2507 1686 2532 Ex
1711 2506 1820 2532 cliartu-

1069 2554 1132 2580 lario
1150 2552 1420 2578 monast.(lux-anons.
1437 2548 1520 2576 edidit
1536 2547 1658 2575 Baluzius
1673 2547 1698 2573 iii
1714 2554 1819 2581 appeu-

1068 2594 1125 2621 diee
1141 2593 1245 2619 Mai-cae
1264 2590 1428 2626 llispuiiieae.

1851 214 1904 243 An.
1926 214 1954 244 C.
1984 216 2036 244 985
