2237 3127
66 274 120 303 An.
151 273 180 304 C.
199 274 254 304 878

70 338 160 361 loannis
176 339 220 362 ΡΙ).
231 339 253 362 in

67 372 152 396 Gallias
169 373 220 396 iter.

67 659 179 688 Rostagno
212 659 251 681 vi-

66 702 104 717 ces
121 694 251 725 apostolica]

66 729 196 760 delegantur
230 734 252 753 ct

67 765 160 796 pallium
190 774 251 789 con-

66 801 162 826 ceditur.

63 1334 119 1357 Eum
156 1332 251 1356 Ioannes

65 1370 109 1392 Pt’.
137 1368 250 1400 hortatur,

66 1409 91 1429 ut
124 1406 194 1436 magis
228 1406 251 1428 in

65 1442 114 1465 dies
132 1441 250 1465 virtutibus

66 1481 163 1502 crescat.

95 1846 227 1878 Simoniam,

63 1890 120 1914 quae
132 1883 154 1906 in
167 1883 249 1906 Galliae

63 1923 86 1942 et
118 1920 249 1942 Germaniae

62 1954 164 1986 partibus
175 1963 249 1978 emer-

63 1993 133 2022 serat,
150 1991 250 2014 detesta-

63 2030 108 2050 tur.

934 275 989 298 10A
995 275 1075 299 NNES
1093 276 1153 299 vm
1173 276 1224 299 Pr.

287 327 354 364 Hac
368 327 473 376 itaque
481 328 606 370 virtute,
619 329 713 364 frater
725 328 898 371 carissime,
908 329 1037 377 plenum

287 387 317 413 te
339 391 409 413 esse
431 379 604 426 reperiens,
620 391 691 413 cum
708 390 765 426 pro
787 388 965 414 sanctarum
978 380 1037 415 Dei

284 427 500 463 Ecclesiarum
516 429 743 463 restauratione
757 428 789 463 in
802 428 1035 464 Arelatensium

285 478 411 513 civitate
433 478 628 525 corporalem
645 478 855 525 praesentiam
878 479 1038 514 exhibuis-

284 540 365 571 sem,
386 528 468 563 sicut
489 528 565 562 mihi
588 527 627 562 de
650 536 679 562 te
702 528 875 563 multorum
899 529 1037 563 testimo-

284 577 410 612 niorum
435 577 514 612 fama
535 589 607 612 vera
629 577 722 624 longe
745 577 870 624 lateque
884 588 1034 613 narraret.

283 627 377 669 Quod
402 639 474 662 vero
494 627 579 661 iuxta
610 627 774 674 antiquum
798 639 918 662 morem
941 640 1034 662 usum

285 677 370 724 pallii
392 689 429 712 ac
449 677 535 712 vices
548 676 633 712 sedis
650 676 842 723 apostolicae
857 678 1034 723 postulasti,

283 727 365 762 absit
380 739 419 762 ne
433 734 487 761 aut
501 726 699 761 transitoriae
716 727 878 773 potestatis
895 727 1034 771 culmen,

281 785 335 812 aut
356 776 519 812 exterioris
544 776 647 811 cultus
671 784 893 811 ornamentum
910 777 940 811 in
956 777 1034 811 rici-

283 826 343 861 bus
369 826 486 861 nostris
508 837 543 861 ac
566 825 658 872 pallio
680 825 851 872 quaesiisse
878 827 1031 873 suspicer.

280 875 346 911 Sed
367 876 441 923 quia
455 876 576 911 cunctis
591 876 700 922 liquet,
714 875 799 910 unde
814 876 845 910 in
859 875 1031 911 Galliarum

281 925 465 972 regionibus
506 925 583 960 fides
624 934 730 960 sancta
764 925 927 973 prodierit,
960 938 1031 960 eum

281 976 416 1022 priscam
439 974 702 1011 consuetudinem
730 975 814 1010 sedis
840 976 1033 1022 apostolicae

280 1035 382 1060 vestra
404 1025 580 1060 fraternitas
594 1025 716 1072 repetit,
739 1025 815 1072 quid
837 1026 921 1060 aliud
938 1038 1030 1072 quam

280 1075 364 1110 bona
386 1075 512 1110 soboles
545 1075 583 1110 ad
616 1076 722 1110 sinum
746 1076 855 1111 matris
877 1076 1032 1110 recurrit?

281 1125 406 1160 Libenti
420 1137 495 1172 ergo
510 1125 616 1160 animo
639 1126 792 1172 postulata
814 1126 1031 1165 concedimus,

280 1187 321 1210 ne
354 1184 408 1210 aut
442 1183 562 1210 restrae
589 1175 749 1210 Ecclesiae
785 1175 957 1222 quidquam
993 1176 1031 1210 de

283 1224 391 1260 debito
412 1225 534 1260 honore
556 1225 752 1263 subtrahere,
771 1234 823 1260 aut
841 1225 1031 1272 condignam

282 1275 467 1321 petitionem
491 1283 583 1310 vestri
607 1275 836 1322 contempsisse
857 1275 1029 1310 vide-innui:

282 1324 346 1360 Sed
368 1325 429 1359 iam
452 1337 537 1360 nunc
558 1325 661 1360 studio
689 1326 805 1360 maiore
828 1338 878 1360 res
900 1325 1030 1371 indiget,

282 1382 316 1409 ut
341 1387 413 1409 cum
446 1375 548 1409 honor
575 1375 698 1416 crescit,
734 1375 826 1409 etiam
863 1375 1030 1409 solicitudo

281 1424 435 1471 proficiat,
469 1433 500 1458 et
531 1436 603 1471 erga
638 1433 833 1459 caeterorum
855 1424 1029 1459 custodiam

283 1473 441 1520 vigilantia
464 1481 641 1515 excrescat3
665 1475 746 1508 ritae
771 1486 900 1521 quoque
923 1474 1030 1508 merita

279 1523 432 1558 subiectis
444 1524 475 1558 in
488 1523 670 1571 exemplum
682 1524 819 1563 veniant,
829 1532 1028 1570 etnunquam

279 1586 335 1609 sua
351 1586 406 1621 per
419 1574 557 1620 suscepti
574 1574 702 1608 lionoris
716 1574 860 1620 gratiam,
874 1573 928 1608 sed
945 1574 1029 1608 luera

279 1624 423 1659 caelestis
461 1623 579 1671 patriae
623 1633 724 1658 vestra
764 1623 941 1659 fraternitas
975 1635 1030 1658 ex-

279 1673 393 1721 quirat.
414 1673 520 1708 Nostis
534 1673 619 1708 eriim
637 1673 712 1721 quid
736 1673 846 1708 beatus
860 1673 1030 1720 Apostolus

279 1735 412 1770 gemens
444 1723 540 1758 dicat:
576 1722 698 1758 Omnes
732 1724 816 1758 enim
855 1735 936 1770 quae
974 1735 1030 1757 sua

279 1781 355 1808 sunt
388 1781 557 1821 quaerunt,
593 1785 656 1808 non
690 1785 771 1820 quae
804 1781 878 1808 sunt
910 1772 1028 1807 Christi

280 1822 351 1858 lesu
373 1826 425 1868 (a).
449 1822 647 1864 Quibusdam
674 1834 810 1870 namque
831 1822 1030 1857 narrantibus

279 1873 404 1919 agnovi,
427 1873 510 1920 quod
542 1873 573 1907 in
609 1871 795 1918 Galliarum⁷
822 1872 869 1907 vel
896 1870 1031 1906 Germa-

280 1923 403 1958 niarum
419 1922 560 1969 partibus
574 1922 682 1957 nullus
695 1922 733 1957 ad
749 1935 873 1958 sacrum
885 1921 1028 1956 ordinem

279 1973 350 2008 sine
375 1972 534 2007 commodi
572 1972 699 2007 datione
726 1973 897 2019 perveniat.
935 1970 1028 2013 Quod

280 2023 307 2057 si
330 2023 371 2057 ita
393 2030 451 2064 est,
474 2022 553 2057 flens
584 2021 665 2062 dico,
701 2033 832 2068 gemens
859 2021 1029 2062 denuncio,

279 2072 353 2119 quia
375 2084 448 2107 cum
470 2072 672 2107 sacerdotalis
694 2071 772 2107 ordo
794 2072 880 2106 intus
905 2071 1029 2111 cecidit,

281 2121 356 2157 foris
378 2134 504 2169 quoque
518 2122 572 2156 diu
590 2131 672 2156 stare
684 2134 748 2156 non
766 2122 888 2166 poterit.
903 2120 1030 2156 Scimus

281 2172 399 2219 quip'pe
417 2184 455 2206 ex
465 2171 636 2217 Evangelio
658 2171 737 2218 quid
758 2171 955 2218 Redemptor
972 2183 1030 2204 no-

281 2229 345 2256 ster
353 2233 408 2268 per
418 2221 624 2268 semetipsum
636 2220 762 2256 fecerit:
777 2222 851 2268 quia
869 2221 1030 2267 ingressus

280 2271 434 2318 templum
456 2271 620 2306 cathedras
642 2271 845 2306 vendentium
868 2270 1031 2305 columbas

281 2321 394 2355 evertit
420 2323 472 2365 (b).
500 2320 671 2355 Columbas
703 2321 788 2355 enim
823 2320 960 2355 rendere
984 2327 1030 2354 est

281 2370 320 2405 de
340 2370 459 2405 Sancto
473 2370 606 2417 Spiritu,
623 2382 718 2417 quem
731 2371 818 2406 Deus
831 2371 1031 2417 omnipotens

281 2420 581 2455 consubstantialem
617 2420 677 2455 sibi
712 2433 767 2466 per
793 2420 1029 2467 impositionem

281 2483 434 2505 manuum
464 2469 648 2505 hominibus
678 2470 798 2511 tribuit,
826 2469 1029 2506 commodum

283 2520 453 2567 temporale
468 2520 641 2567 percipere.
661 2520 708 2554 Ex
730 2533 806 2567 qno,
828 2528 862 2555 ut
879 2520 1030 2567 praedixi,

282 2570 444 2605 maloram
468 2570 622 2610 innuitur,
657 2570 731 2616 quid
766 2578 930 2617 sequatur:
959 2570 1029 2616 quia

281 2620 333 2668 qui
350 2621 379 2654 in
397 2620 515 2667 templo
537 2618 593 2654 Dei
618 2620 781 2655 columbas
799 2620 932 2656 rendere
946 2631 1032 2669 prae-

314 2684 356 2719 (α)
375 2682 487 2719 riniipp.
505 2681 532 2709 ⁵2.
571 2682 609 2719 (b)
630 2682 722 2709 natta.
743 2682 788 2710 21.

1712 269 1782 302 549
1855 269 1909 299 An.
1939 268 1968 298 C.
1989 269 2042 298 878

1080 338 1299 377 sumpserunt,
1325 343 1433 366 eorum
1455 331 1524 367 Deo
1546 332 1648 367 iudice
1664 334 1830 369 cathedrae

1080 380 1275 421 ceciderunt,
1299 382 1352 428 qui
1376 382 1519 417 videlicet
1536 395 1622 417 error
1643 383 1672 417 in
1695 383 1830 418 subditis

1079 442 1152 465 cum
1194 440 1365 478 augmento
1394 440 1619 479 propugnatur.
1655 433 1733 468 Nam
1762 434 1829 480 ipse

1078 492 1206 526 quoque
1239 482 1292 527 qui
1322 482 1419 527 pretio
1456 483 1492 516 ad
1527 495 1650 517 sacrum
1685 483 1827 519 ordinem

1080 529 1273 574 perducitur,
1296 531 1355 566 iani
1381 531 1409 564 in
1434 531 1498 578 ipsa
1524 541 1690 579 provectus
1711 533 1758 567 sui
1777 546 1829 568 ra-

1077 578 1147 613 dice
1169 579 1305 620 vitiatus,
1327 581 1460 625 paratior
1482 591 1525 615 cst
1545 582 1613 617 aliis
1635 582 1827 628 venundare,

1077 628 1161 673 quod
1184 630 1269 664 emit.
1293 630 1354 665 [bi
1382 639 1427 664 est
1457 631 1541 678 quod
1575 632 1726 678 scriptum
1762 641 1825 667 est:

1076 677 1180 713 Gratis
1202 679 1377 726 accepistis,
1391 681 1485 726 gratis
1508 681 1594 715 date?
1616 686 1669 725 (u).
1694 682 1733 716 Et
1755 695 1826 717 cum

1077 728 1176 774 prima
1198 737 1306 763 contra
1329 738 1468 764 sanctam
1497 730 1553 764 Dei
1582 731 1758 766 Ecclesiam
1780 733 1824 767 si-
1856 750 1981 772 smmum„
1994 751 2040 780 pf.-

1077 778 1217 812 moniaca
1240 778 1378 814 haere—sis
1395 780 1434 813 sit
1457 789 1574 819 exorta,
1599 793 1655 815 cur
1676 793 1739 816 non
1755 794 1826 829 per-
1856 794 1889 808 11¹³
1902 786 2001 827 ¹¹³²1¹⁰⁵³⁵
2018 787 2040 827 ³5¹

1077 827 1235 873 penditur,
1251 840 1306 863 cur
1322 841 1384 864 non
1402 829 1617 877 vitletiit*,qtiia
1633 843 1718 868 eum,
1731 844 1826 878 quem
1855 823 1958 845 ¹³⁰⁰¹⁰⁵¹³
1990 823 2041 845 ⁰⁰¹·

1075 876 1147 923 quis
1162 889 1233 911 cum
1252 879 1350 925 pretio
1372 878 1506 919 ordinat,
1530 880 1732 927 provehendo
1751 881 1824 928 agit,

1075 935 1108 960 ut
1132 926 1306 962 hacreticus
1333 930 1386 962 liat
1408 931 1463 972 (l).

1123 976 1231 1024 Itaque
1240 976 1423 1012 fraternitati
1433 987 1492 1013 tuae
1501 978 1583 1014 vices
1593 987 1714 1014 nostras
1726 980 1757 1014 in
1770 979 1822 1015 Ec-

1074 1026 1275 1074 clesiis,quae
1289 1028 1348 1062 sub
1359 1028 1637 1074 regqualliarum
1647 1038 1730 1074 sunt,
1740 1030 1824 1064 iuxta

1074 1077 1237 1123 antiquum
1260 1090 1380 1112 morem
1407 1078 1476 1112 Deo
1498 1086 1625 1113 auctore
1653 1080 1826 1114 committi-

1074 1138 1159 1160 mus:
1182 1127 1316 1173 singulis
1334 1128 1463 1174 quidem
1488 1128 1694 1176 metropolitis
1707 1141 1824 1164 secun-

1073 1175 1148 1209 duin
1173 1177 1304 1223 priscam
1333 1178 1595 1213 consuetudinem
1620 1179 1748 1226 proprio
1766 1179 1827 1214 ho—

1074 1238 1148 1260 nore
1161 1235 1292 1261 serrato.
1307 1227 1439 1261 Palliuin
1453 1240 1578 1275 quoque
1593 1229 1822 1269 concessimus,

1072 1288 1134 1322 quo
1145 1276 1319 1311 fraternitas
1333 1285 1381 1310 tua
1394 1278 1569 1312 decoretur.
1584 1278 1638 1313 Sic
1653 1278 1703 1313 ubi
1717 1287 1821 1313 autem

1072 1325 1198 1371 longius
1229 1327 1451 1373 episcoporum
1490 1328 1658 1374 quisquam
1694 1340 1824 1375 pergere

1074 1374 1151 1409 forte
1174 1375 1320 1416 voluerit,
1342 1377 1410 1411 sine
1431 1384 1503 1411 tuae
1525 1378 1700 1412 sanctitatis
1714 1386 1826 1412 aucto-

1072 1424 1162 1459 ritate
1190 1425 1218 1459 ei
1247 1425 1285 1459 ad
1313 1425 1380 1459 loca
1403 1426 1460 1460 alia
1485 1427 1615 1461 transire
1639 1440 1699 1461 uon
1723 1427 1824 1462 liceat.

1071 1473 1105 1508 Si
1129 1487 1189 1521 qna
1218 1487 1291 1509 vero
1311 1476 1472 1521 inquisitio
1489 1476 1526 1509 ‹le
1545 1477 1616 1517 lide,
1632 1477 1679 1511 rel
1696 1478 1826 1512 sortasse

1071 1523 1201 1558 aliarum
1218 1537 1323 1559 rerum
1344 1526 1425 1559 inter
1437 1526 1604 1572 episcopos
1620 1538 1712 1561 causa
1728 1539 1825 1561 emer-

1071 1574 1157 1614 serit,
1180 1586 1259 1620 quae
1287 1575 1422 1610 discerni
1452 1575 1608 1611 difficilius
1632 1577 1746 1622 possit,
1765 1577 1827 1611 col-

1072 1622 1161 1658 lectis
1183 1623 1351 1659 duodecim
1368 1625 1528 1672 episcopis
1542 1626 1709 1661 ventiletur
1731 1634 1823 1674 atque

1071 1672 1252 1708 decidatur:
1280 1674 1329 1709 sin
1363 1683 1467 1709 autem
1504 1675 1605 1710 decidi
1634 1676 1822 1724 nequiverit,

1071 1723 1214 1758 discussa
1253 1724 1380 1759 veritate
1417 1724 1455 1759 ad
1494 1733 1637 1760 nostrum
1672 1726 1823 1760 iudicium

1071 1772 1234 1807 reseratur.
1274 1773 1359 1808 Proh
1394 1773 1500 1809 dolor!
1540 1787 1611 1810 cum
1640 1775 1671 1810 in
1705 1775 1825 1811 Galliae

1072 1822 1212 1869 partibus
1239 1836 1401 1865 essemus,
1441 1824 1522 1858 inter
1563 1832 1684 1860 caetera
1726 1838 1824 1860 unum

1072 1871 1160 1906 valde
1195 1873 1426 1919 prohibendum
1463 1874 1665 1910 invenimus:
1700 1884 1825 1910 metro-

1071 1921 1184 1968 politae
1200 1930 1368 1970 antequam
1386 1923 1513 1971 pallium
1529 1936 1544 1958 a
1560 1925 1635 1959 sede
1653 1925 1826 1972 apostolica

1071 1972 1256 2019 suscipiant,
1284 1974 1556 2008 consecrationem
1578 1973 1680 2009 facere
1702 1987 1826 2021 praesu-

1071 2030 1176 2056 munt:
1212 2022 1297 2069 qnod
1325 2031 1542 2058 antecessores
1573 2024 1684 2066 nostri,
1711 2033 1742 2059 et
1767 2037 1826 2060 nos

1071 2071 1223 2106 canonico
1250 2072 1387 2117 decreto,
1410 2085 1450 2108 ne
1471 2073 1571 2112 lieret,
1594 2074 1824 2110 interdiximus.

1071 2120 1164 2156 Unde
1198 2121 1422 2158 fraternitatem
1465 2130 1551 2157 tuam
1596 2136 1651 2170 per
1690 2123 1825 2158 Galliam

1071 2180 1209 2206 nostram
1233 2172 1333 2207 vicem
1356 2181 1515 2208 tenentem
1544 2173 1717 2212 hortamur,
1745 2186 1825 2221 qua—

1071 2228 1165 2255 tenus
1186 2233 1282 2269 super
1303 2222 1363 2257 hoc
1389 2222 1624 2257 solicitudinem
1647 2223 1776 2268 habeas,
1795 2231 1826 2259 et

1855 1501 1932 1523 Monet
1949 1499 2001 1531 quid
2019 1501 2040 1523 in

1856 1537 1929 1558 causis
1957 1536 2042 1558 difficl-

1854 1572 1948 1595 lioribus
1965 1573 1995 1595 sit
2011 1581 2040 1595 a-

1856 1607 1950 1639 gendum
1961 1616 1966 1639 ς

1853 1778 1933 1809 Arguit
1949 1780 2040 1801 metro-

1855 1814 1965 1845 politanos
1983 1813 2040 1836 Gal-

1854 1850 1919 1880 ticos,
1981 1849 2041 1880 quod

1853 1890 1904 1909 autc
1921 1885 1982 1916 pallii
1998 1893 2040 1908 rc-

1856 1923 1984 1952 ccptioncm
2011 1930 2040 1944 c-

1854 1958 1962 1988 piscopos
1985 1966 2040 1980 cou-

1854 1998 1952 2025 secr-eng

1853 2136 1967 2167 Praecipit
1995 2137 2040 2160 Bu-

1853 2177 1940 2203 stagno,
1965 2176 1989 2195 ut
2017 2180 2041 2195 se

1853 2211 1972 2233 certiorem
2005 2210 2040 2233 sa-

1869 2248 1873 2252 ”
2004 2245 2039 2268 bis

1072 2282 1111 2305 ne
1138 2271 1221 2305 istud
1255 2272 1399 2312 adoleat,
1431 2273 1614 2307 auctoritate
1642 2273 1824 2320 prohibeas:
1853 2250 1909 2314 {iiie
1936 2247 2039 2314 aecem

1853 2321 1945 2344 suerint.

1072 2330 1102 2354 et
1129 2329 1162 2355 ut
1185 2321 1361 2356 secundum
1388 2322 1552 2369 antiquum
1580 2335 1700 2357 morem
1728 2335 1826 2370 quae-

1071 2382 1140 2405 rere
1152 2370 1312 2413 festinent,
1328 2384 1468 2415 moneas,
1487 2372 1610 2413 incites,
1626 2380 1720 2420 atque
1733 2385 1826 2419 prae-

1072 2420 1189 2467 cipias:
1213 2429 1242 2455 et
1269 2421 1293 2455 si
1318 2422 1377 2468 ipsi
1397 2421 1559 2465 obediant,
1580 2434 1637 2457 nec
1650 2433 1701 2466 ne,
1718 2431 1826 2458 nostro

1108 2482 1147 2517 (¹)
1167 2483 1313 2518 Hucusque
1332 2484 1405 2511 eard.
1432 2484 1540 2515 Carasa,
1566 2484 1610 2518 qui
1637 2492 1678 2516 ea,
1696 2492 1764 2518 quae
1783 2493 1827 2512 sc-

1072 2526 1213 2557 qurrntur,
1234 2527 1354 2558 separata
1375 2524 1451 2558 quasi
1478 2523 1617 2558 epistolam
1648 2524 1775 2557 alteram,
1801 2529 1829 2552 et

1071 2562 1178 2597 quidem
1203 2568 1266 2589 ante
1289 2563 1365 2589 allata
1390 2563 1481 2589 edidit.
1504 2564 1559 2590 Nos
1584 2572 1649 2591 vero
1665 2565 1828 2593 recentiores

1073 2610 1163 2628 rerum
1183 2602 1376 2637 pontificiarum
1396 2602 1515 2629 eruditos
1542 2603 1613 2629 viros
1633 2608 1776 2639 sectantes,
1792 2613 1826 2632 ex

1073 2642 1176 2668 duabus
1194 2651 1272 2669 unam
1288 2642 1449 2670 confecimus
1464 2643 1602 2678 epistolam
1615 2664 1622 2676 ,
1649 2653 1827 2681 unamquam-

1073 2692 1125 2718 que
1136 2693 1184 2710 :uo
1196 2682 1253 2710 luco
1264 2683 1443 2711 restituentes.
1482 2684 1521 2720 (a)
1537 2684 1630 2711 Mattli.
1645 2686 1686 2713 1¹).
