2237 3127
381 281 414 300 'Q-

216 298 222 310 ,
421 298 483 305 Ἀ-

647 309 777 354 ῦΕίΑειῐ
797 329 811 352 1
830 329 1007 353 pennarum
1028 330 1069 353 nn
1091 330 1199 353 tinnis
1651 317 1720 349 667

245 393 331 424 Gelasii
343 394 460 424 decretum
477 403 505 424 ex
516 393 571 424 eod.
585 394 719 424 Florentino
768 393 853 422 Gelasii
871 392 989 422 decretum
1011 402 1040 423 ex
1055 393 1110 423 Cod.
1131 393 1229 423 Furensi
1285 391 1370 422 Getasii
1385 391 1504 422 deci-etum
1520 400 1548 421 ex
1566 391 1622 421 eod.
1642 391 1754 422 l'iiliriino

266 453 329 478 lietu
346 453 470 492 opuscula
484 450 733 478 B.AtlianasiiAle—
784 450 846 475 Item
868 450 994 484 opuscula
1021 450 1088 476 beati
1116 450 1249 477 Athanasii
1301 449 1365 475 Item
1391 449 1517 488 opuscula
1546 449 1614 476 beati
1641 449 1767 476 Atliiinasi

230 487 354 514 xaiidriiii
374 487 501 522 episcopi.
751 485 917 511 Alexandrini
937 485 1064 519 episcopi.
1269 484 1441 512 Alexandriae
1461 486 1513 520 epi.

266 524 331 550 ltem
348 524 475 558 opuscula
489 523 515 548 Β.
530 521 653 549 Iohannis
663 522 731 548 Coii-
783 521 847 547 Item
877 520 1004 555 opuscula
1030 521 1098 546 beati
1128 521 1251 547 lobannis
1302 520 1367 546 Item
1387 529 1430 555 op.
1452 520 1520 547 beati
1547 520 1670 547 Iohannis
1695 521 1769 547 Con-

229 559 453 594 stantinopulitaui
473 558 599 592 episcopi.
748 556 1027 590 Constantinopolitani
1053 556 1180 590 episcopi.
1269 556 1514 590 stantinopolitaiiae
1531 557 1583 590 epi.

266 595 329 620 ltein
341 595 466 628 opuscula
485 591 734 627 B.'sbeophiliAle-
785 592 846 618 ltem
870 591 993 626 opuscula
1020 591 1087 617 beati
1113 591 1249 626 Theophili
1302 591 1366 616 Item
1382 600 1426 626 op.
1450 591 1517 618 beuti
1544 591 1682 626 Theophili
1711 592 1771 617 Ale-

231 630 352 656 xandrini
372 630 499 664 episcopi.
750 626 919 654 Alexandrini
939 626 1066 661 episcopi.
1268 626 1392 653 xandriae
1408 627 1460 662 epi.

266 666 329 692 ltem
347 665 474 700 opuscula
493 665 520 690 B.
533 664 599 699 cylti
616 662 655 698 (Ι)
673 662 734 689 Ale-

230 701 352 727 xaudr'ini
369 699 496 734 episcopi.

267 737 331 763 ltem
350 736 477 771 opuscula
494 736 523 762 B.
538 734 630 761 Hilarii
647 734 733 760 Picta-

229 771 330 798 viensis
345 772 472 806 episcopi.

266 808 328 833 lteni
346 806 473 841 opuscula
491 806 518 832 B.
533 805 663 832 Ambrosii
678 805 733 831 Me—

228 842 387 869 diolaneiisis
406 841 532 876 episcopi.

265 878 327 904 Item
364 876 491 911 opuscula
525 876 553 902 B.
593 875 731 909 Augustini

229 913 393 947 Ypponeregi
414 913 453 947 (Ξ)
482 912 653 946 Regionensis
676 911 732 945 epi-

227 956 272 974 sco
295 957 311 974 i.

264 956 329 1009 leem
357 982 483 1022 opuscula
519 982 546 1008 B.
576 981 730 1016 Hieronymi

227 1019 388 1054 presbyteri.

263 1055 328 1081 Item
345 1053 472 1088 opuscula
492 1053 523 1080 Β.
542 1052 664 1087 Prosperi
682 1052 730 1077 viri

226 1089 427 1123 religiosissimi.

265 1126 327 1152 ltem
345 1125 482 1160 epistolam
500 1125 528 1150 B.
549 1124 634 1157 Papae
660 1123 728 1149 Leo-

227 1169 281 1192 nis,
308 1160 340 1187 ad
366 1161 522 1187 Flavianum
541 1159 727 1186 Constantino-

783 663 847 688 Item
864 662 990 696 opuscula
1007 661 1076 688 beati
1088 661 1178 696 Cyrilli
1191 661 1251 688 Ale-

750 698 869 724 xandrini
890 697 1019 732 episcopi.

785 735 849 760 ltem
868 733 995 767 opuscula
1011 732 1081 758 beati
1098 731 1188 758 Hilarii
1206 732 1249 758 Pi-
1300 730 1365 757 Item
1376 732 1456 767 op.bi
1468 733 1554 759 Helari
1566 732 1769 766 pictavinsis-(i)

748 769 890 796 ctaviensis
909 768 1038 803 episcopi.
1265 766 1317 799 epi.

782 805 847 831 ltem
872 804 999 839 opuscula
1019 803 1087 830 beati
1117 802 1249 830 Ambrosii
1300 801 1365 828 Item
1381 810 1424 836 op.
1443 803 1468 829 bi
1494 803 1617 830 Ambrosi
1645 803 1754 829 Mediola

749 840 949 866 Mediolanensis
964 838 1091 874 episcopi.
1267 837 1356 863 nensis
1376 838 1414 871 (2)
1430 839 1483 873 epi.

784 877 847 902 ltem
873 875 999 910 opuscula
1023 875 1091 901 beati
1108 874 1249 908 Augustini
1301 872 1364 898 ltem
1387 881 1431 908 op.
1459 874 1485 900 bi
1511 874 1651 909 Augustini
1678 874 1769 909 Yppo—

748 911 996 946 Hipponeregiensis
1012 909 1141 945 episcopi.
1267 908 1410 942 nereginsis
1425 910 1478 944 epi.

782 982 846 1008 llem
865 981 993 1017 opuscula
1009 981 1077 1008 beati
1094 980 1249 1016 Hieronymi
1301 978 1366 1005 item
1382 987 1426 1014 op.
1444 979 1470 1006 bi
1489 980 1636 1007 Hieronimi
1651 980 1721 1015 prbi.

748 1018 907 1053 presbyteri.

783 1053 846 1079 llem
878 1051 1005 1088 opuscula
1030 1051 1098 1078 beati
1128 1051 1248 1087 Prosperi
1280 1049 1365 1089 ,Πρω
1387 1057 1431 1086 ορ.
1456 1051 1578 1086 Prosperi
1600 1051 1648 1077 viri
1666 1051 1770 1085 religio-

749 1089 796 1114 viri
816 1088 1011 1123 religiosissimi.
1115 1095 1117 1097 ¹
1265 1085 1371 1111 sissimi.

783 1124 846 1151 [tem
886 1124 1027 1159 epistolam
1062 1122 1134 1149 beati
1165 1123 1249 1158 Papae
1300 1121 1366 1147 {tem
1394 1121 1505 1156 epistola
1529 1122 1556 1148 bi
1585 1122 1679 1149 Leonis
1702 1122 1764 1155 l'ap.

748 1160 840 1186 Leonis
856 1159 888 1186 ad
916 1160 1068 1186 Flavianum
1092 1158 1247 1185 Constanti·
1265 1155 1297 1182 ad
1316 1156 1467 1184 Flavianum
1493 1157 1767 1192 Constantinopolita-

226 1196 371 1231 politanum
384 1197 544 1231 Episcopum
561 1195 728 1220 destinatam:
748 1195 930 1230 nopolitaiium
949 1195 1103 1230 episcopum
1128 1194 1247 1221 destina-
1266 1199 1328 1217 num
1345 1192 1499 1227 episcopum
1520 1193 1641 1219 distinata
1655 1213 1662 1223 ,
1693 1193 1770 1219 cuius

226 1231 259 1258 de
274 1232 350 1258 cuius
380 1236 453 1258 textu
476 1231 608 1266 quispiam
625 1230 646 1256 si
670 1238 728 1264 usq.
747 1235 812 1257 tam:
831 1231 863 1257 de
888 1231 964 1257 cuius
989 1234 1063 1256 textu
1080 1230 1211 1264 quispiam
1227 1231 1248 1256 si
1265 1231 1366 1254 textum
1387 1228 1518 1263 quispiam
1546 1230 1621 1259 suis,
1641 1237 1709 1263 quae
1736 1228 1769 1254 'dd

225 1267 258 1293 ad
280 1276 361 1294 unum
387 1268 466 1293 iotam
486 1266 678 1301 disputaverit,
705 1270 729 1291 et
747 1274 830 1301 usque
846 1267 877 1292 ad
897 1274 978 1292 unum
995 1266 1046 1292 iota
1058 1265 1247 1300 disputaverit,
1266 1271 1348 1289 unum
1373 1263 1424 1290 1013
1450 1264 1645 1298 disputaverit,
1666 1269 1691 1290 Θῑ
1718 1272 1770 1290 11011

225 1311 277 1329 non
294 1311 351 1329 eam
368 1303 393 1329 in
409 1302 532 1329 omnibus
545 1301 728 1328 venerabiliter
745 1306 769 1328 et
788 1310 838 1328 non
855 1310 912 1328 eam
929 1302 954 1327 in
971 1301 1096 1328 omnibus
1109 1301 1249 1328 venerabi·
1264 1306 1322 1325 eam
1342 1298 1367 1325 in
1384 1299 1507 1326 omnibus
1526 1299 1709 1326 venerabiliter
1727 1307 1770 1325 re-

225 1339 365 1372 receperit,
382 1338 519 1364 anathema
537 1337 580 1363 sit.
746 1338 803 1364 liter
821 1338 961 1372 receperit,
978 1336 1116 1363 anathema
1134 1337 1178 1363 sit.
1264 1335 1374 1369 ceperit,
1394 1335 1533 1361 anatliema
1552 1336 1597 1361 sit.

261 1375 326 1400 ltem
349 1375 477 1408 opuscula
502 1377 582 1407 atque
603 1375 730 1398 tractatus
782 1374 845 1399 item
866 1373 994 1407 opuscula
1013 1376 1095 1406 atque
1120 1375 1250 1399 tractatus
1301 1370 1364 1396 item
1382 1378 1427 1405 op.
1445 1374 1573 1397 tractatus
1589 1370 1706 1397 omnium
1721 1370 1769 1395 Pa-

225 1410 342 1436 omnium
365 1411 471 1435 Patrum
492 1407 727 1438 Ortliodoxorum;
745 1409 862 1435 omnium
883 1410 989 1434 Patrum
1013 1407 1246 1438 orthodoxorum,
1266 1410 1336 1431 trum
1353 1405 1566 1437 Ortodoxorum‚
1591 1406 1636 1441 qui
1655 1406 1680 1431 in
1699 1406 1769 1432 nullo

225 1446 269 1477 qiii
287 1445 311 1470 iu
336 1445 406 1471 nullo
434 1453 446 1471 a
464 1445 575 1471 Sanctae
597 1444 728 1469 Romanae
744 1445 788 1478 qui
814 1445 840 1470 in
865 1444 936 1470 nullo
961 1451 974 1470 a
994 1446 1100 1469 sanctae
1117 1444 1249 1470 Romanae
1264 1449 1277 1466 a
1293 1449 1352 1468 scae
1364 1441 1493 1468 Ecclesiae
1502 1442 1619 1468 Romane
1634 1442 1769 1467 consortio

226 1481 356 1506 Ecclesiae
389 1481 524 1507 consortio
563 1479 705 1505 deviarunt
721 1498 727 1508 ‚
746 1479 874 1506 Ecclesiae
889 1479 1024 1506 consortio
1035 1479 1189 1510 deviarunt,
1203 1487 1249 1506 nec
1264 1476 1415 1508 deviarunt,
1444 1485 1491 1503 nec
1515 1477 1548 1503 ab
1573 1477 1630 1503 eins
1650 1476 1700 1502 lide
1727 1477 1770 1502 vel

226 1524 274 1542 iiec
289 1517 322 1542 ab
337 1516 394 1542 eius
411 1516 460 1542 tide
478 1516 519 1542 vel
536 1514 729 1549 praedicatione
743 1515 776 1541 ab
811 1516 867 1541 eius
897 1514 947 1540 side
980 1514 1021 1540 vel
1053 1514 1249 1549 praedicatione
1266 1512 1459 1546 praedicatione
1483 1513 1595 1539 seiuncti
1621 1516 1702 1542 511111,
1723 1511 1769 1538 Sed

224 1552 335 1578 seiuncti
348 1555 419 1583 suiit3
431 1551 476 1577 sed
488 1550 571 1585 ipsius
581 1549 728 1576 communi·
744 1551 854 1577 seiuncti
871 1554 947 1582 sunt;
967 1549 1013 1576 sed
1028 1550 1112 1584 ipsius
1127 1558 1248 1577 commu·
1265 1548 1347 1582 ipsius
1371 1548 1611 1574 communicatione
1637 1556 1683 1582 per
1703 1555 1767 1581 gra-

223 1587 330 1618 cationi,
345 1595 390 1621 per
405 1587 516 1620 gratiam
533 1585 589 1617 Dei,
607 1584 727 1619 usquein
745 1586 879 1617 nicationi,
901 1594 948 1620 per
959 1585 1071 1619 gratiam
1088 1585 1146 1617 Dei,
1164 1593 1249 1620 usque
1265 1584 1326 1609 tiam
1343 1583 1389 1610 Dei
1410 1591 1495 1618 usque
1510 1584 1536 1610 in
1556 1583 1678 1610 ultimum
1700 1583 1770 1608 vitae

224 1621 348 1648 ultimum
359 1622 427 1648 diem
438 1622 506 1648 vitae
513 1629 576 1647 suae
587 1620 660 1646 fuere
669 1627 728 1654 par-
745 1623 769 1648 in
787 1622 909 1648 ultimum
928 1621 998 1648 diem
1016 1621 1086 1647 vitae
1101 1629 1165 1647 suae
1176 1621 1249 1648 fuere
1264 1626 1328 1646 suae
1343 1618 1417 1646 fuere
1432 1619 1585 1654 participes,
1603 1618 1710 1653 legende
1724 1618 1771 1644 de-

224 1657 317 1692 ticipes
336 1657 461 1692 legendos
490 1657 661 1684 decernimus
677 1656 727 1690 (5).
744 1657 901 1692 participes,
918 1656 1043 1691 legendos
1067 1656 1247 1684 decernimus.
1264 1655 1409 1681 cernimus.

259 1729 324 1755 {tem
342 1727 492 1755 Decretales
510 1726 646 1762 epistolas,
662 1734 729 1761 quas
779 1729 843 1754 ltem
861 1727 1006 1754 decretales
1025 1727 1166 1762 epistolas,
1182 1736 1250 1763 quas
1300 1725 1365 1752 Item
1382 1725 1526 1752 decretales
1542 1724 1676 1760 epistolas,
1702 1732 1769 1759 (111115

223 1764 371 1791 Beatissimi
402 1765 486 1798 Papae
508 1763 628 1790 diversis
658 1765 725 1788 tem·
746 1764 890 1790 beatissimi
912 1764 1007 1798 Papae,
1037 1763 1153 1790 diversis
1177 1766 1248 1790 tem·
1266 1760 1407 1788 beatissimi
1420 1762 1505 1796 Papae
1524 1761 1638 1787 diversis
1659 1764 1767 1794 tempo-

222 1800 335 1834 poribus
350 1800 383 1826 ab
404 1800 470 1825 urbe
489 1800 603 1825 Romana
625 1805 673 1832 pro
684 1797 727 1823 ‹ti—
745 1799 863 1834 poribus.
878 1799 910 1826 ab
923 1800 987 1826 urbe
1000 1800 1080 1825 Roma
1093 1807 1142 1833 pro
1154 1798 1248 1826 diver·
1266 1797 1340 1824 ribus
1355 1797 1388 1823 ab
1405 1796 1470 1823 urbe
1487 1796 1525 1832 (5)
1546 1797 1628 1823 Roma
1655 1804 1703 1830 pro
1729 1795 1771 1821 ni-

225 1843 366 1861 versorum
400 1836 505 1861 Patrum
535 1833 729 1860 consultatione
744 1843 834 1861 sorum
856 1835 962 1861 Patrum
987 1835 1179 1862 consultatione
1203 1835 1251 1862 de·
1266 1833 1520 1859 versorumt‘atrum
1532 1831 1710 1859 consolatione
1722 1831 1771 1856 de—

223 1870 369 1932 flederunt,
389 1869 572 1897 venerabiliter
583 1869 729 1903 suscipien-
744 1871 852 1903 derunt,
862 1870 1049 1897 venerabiliter
1056 1870 1247 1905 suscipiendas.
1265 1867 1372 1900 derunt,
1386 1868 1571 1895 venerabiliter
1578 1866 1768 1901 suscipiendas.

243 1914 271 1932 as
290 1914 357 1933 esse.

260 1942 324 1968 stem
345 1944 416 1975 ἕρὸῑὸ
442 1943 596 1967 sanctorum
624 1939 728 1973 ΜῊίΥ-
780 1942 846 1968 ltem
867 1945 938 1975 gesta
965 1944 1119 1968 sanctorum
1144 1938 1249 1977 Marty-
1301 1939 1366 1965 Item
1392 1942 1464 1973 gesta
1489 1941 1641 1965 sanctorum
1668 1937 1770 1971 Marty-

223 1985 299 2007 rum,
325 1978 370 2011 qui
397 1975 587 2010 multiplicibus
606 1979 727 2001 tormen·
746 1985 815 2008 rum,
832 1984 900 2012 quae
916 1976 1108 2011 multiplicibus
1128 1981 1248 2003 tormen·
1267 1982 1336 2007 rum,
1354 1975 1398 2009 qui
1415 1974 1605 2008 multiplicibus
1621 1977 1769 1999 tormento-

224 2015 312 2039 torum
329 2012 502 2043 cruciatibus,
523 2015 549 2037 Εἰ
565 2009 730 2037 mirabilibus
746 2018 833 2040 torum
849 2012 1022 2044 cruciatibus,
1043 2016 1070 2038 et
1085 2012 1251 2039 mirabilibus
1267 2018 1326 2036 rum
1351 2010 1512 2036 cruciatibus
1524 2029 1531 2041 ,
1556 2013 1583 2035 et
1607 2008 1771 2034 mirabilibus

223 2048 418 2074 confessionum
431 2046 573 2081 triumphis
589 2046 728 2072 irradiant.
745 2049 939 2075 confessionum
951 2047 1093 2082 triumphis
1107 2048 1248 2074 inradiant.
1265 2046 1460 2072 confessionum
1477 2044 1618 2079 triumphis
1629 2043 1769 2069 inradiant.

223 2083 289 2117 Quis
299 2083 494 2110 Catholicoruiu
510 2082 613 2108 dubitet
631 2082 728 2107 maiora
745 2084 810 2118 Quis
836 2085 884 2110 ista
904 2084 1100 2110 Catholicorum
1126 2083 1249 2114 dubitet,
1266 2080 1331 2114 Quis
1364 2081 1414 2108 isia
1444 2080 1640 2107 Catholicorum
1666 2078 1772 2104 dubit-at

223 2127 269 2146 eos
289 2120 314 2145 iii
330 2119 459 2153 agonibus
475 2118 555 2144 fuisse
571 2118 730 2151 perpessos?
745 2124 771 2146 et
788 2119 886 2146 maiora
907 2127 953 2146 eos
970 2120 994 2145 in
1018 2119 1148 2153 agonibus
1170 2119 1251 2146 fuisse
1267 2118 1364 2143 maiora
1381 2124 1427 2143 eos
1438 2117 1464 2142 in
1480 2115 1609 2150 agonibus
1619 2114 1700 2140 fuisse
1712 2121 1772 2148 per-

224 2163 274 2181 nec
288 2155 344 2181 suis
361 2155 475 2185 viribus,
490 2153 535 2180 sed
554 2153 598 2179 Dei
610 2153 692 2186 gratia
706 2156 729 2178 ei
747 2156 905 2190 perpessos?
930 2162 978 2181 nec
993 2154 1049 2181 suis
1066 2154 1179 2186 viribus,
1205 2155 1250 2181 sed
1268 2160 1368 2187 pessos,
1387 2160 1435 2178 nec
1453 2152 1508 2178 suis
1526 2150 1637 2181 vii-ibus,
1658 2149 1703 2175 sed
1726 2149 1772 2187 Dei

223 2190 356 2217 adiutorio
369 2191 493 2216 universa
514 2188 666 2215 tollerasse?
682 2188 730 2213 Sed
748 2191 791 2217 Dei
818 2191 899 2224 gratia
925 2194 951 2216 et
969 2190 1101 2217 adiutorio
1126 2191 1250 2217 universa
1267 2189 1348 2222 grat-ia
1362 2207 1369 2219 ,
1403 2191 1429 2214 et
1458 2186 1611 2213 adiutorio?
1641 2184 1772 2219 Singulari

223 2226 283 2252 ideo
299 2225 445 2252 secundum
461 2224 597 2259 antiquam
614 2231 730 2250 consue·
748 2227 908 2253 tollerasse?
939 2226 989 2252 Sed
1016 2225 1075 2252 ideo
1103 2225 1251 2253 secundum
1267 2223 1376 2250 cautella
1402 2223 1428 2249 in
1452 2230 1496 2249 sca
1520 2222 1637 2248 Romana
1657 2219 1772 2246 Ecclesia

225 2261 345 2287 tudinem
361 2261 489 2295 singulari
505 2260 606 2286 cautela
623 2259 648 2285 in
666 2266 729 2285 san·
747 2263 881 2296 antiquam
907 2261 1136 2293 consuetudinem,
1161 2262 1252 2292 singu-
1270 2267 1320 2286 non
1348 2258 1470 2293 leguntur
1482 2277 1489 2289 ,
1516 2257 1579 2292 quia
1603 2260 1629 2283 et
1657 2263 1751 2282 eorum
1764 2274 1772 2286 ,

223 2300 264 2323 cta
279 2297 394 2323 Romana
403 2296 517 2323 Ecclesia
529 2303 580 2322 non
597 2295 731 2329 leguntur,
749 2298 793 2324 {firi
810 2297 911 2324 cautela
927 2298 953 2323 in
969 2301 1058 2323 sancta
1072 2297 1188 2323 Romana
1199 2297 1251 2323 Ec·
1268 2295 1315 2329 qui
1338 2293 1516 2324 conscribere,
1536 2292 1640 2318 nomina
1668 2291 1774 2326 penitus

224 2333 286 2367 quia
307 2336 332 2359 et
349 2340 453 2364 eorum,
474 2331 519 2366 qni
538 2331 731 2365 conscripsere,
748 2333 823 2360 etesia
852 2341 903 2359 non
923 2332 1062 2366 leguntur,
1088 2333 1149 2367 quia
1167 2336 1193 2359 et,
1208 2340 1253 2359 eo-
1269 2331 1425 2364 ignoratum
1459 2334 1485 2355 et
1513 2327 1547 2354 ab
1572 2327 1723 2354 infidelibus
1747 2329 1774 2352 ct

223 2368 330 2394 nomina
346 2368 454 2402 penitus
469 2368 625 2401 ignorantur
637 2385 643 2397 ,
661 2368 687 2391 et.
701 2366 733 2391 ab
750 2377 820 2400 rum,
832 2369 878 2403 qui
891 2368 1083 2403 conscripsere,
1093 2369 1198 2394 nomina
1206 2376 1252 2402 pe·
1270 2365 1356 2392 idiotis
1371 2363 1515 2397 superflua,
1536 2366 1582 2390 aut
1601 2363 1688 2389 minus
1701 2365 1773 2396 apta,

226 2403 378 2430 infidelibus
409 2407 435 2429 et
466 2402 555 2429 idiotis
579 2400 733 2436 superflua,
751 2405 822 2431 nitus
846 2405 1016 2439 ignorantur;
1042 2407 1069 2430 et
1087 2404 1120 2429 ab
1137 2403 1252 2430 infideli·
1269 2408 1348 2435 quam
1375 2401 1410 2426 rei
1431 2399 1496 2426 ordo
1521 2398 1622 2430 fuerit,
1641 2406 1699 2424 esse
1720 2406 1773 2431 pii-

226 2443 273 2465 flut
299 2439 387 2465 minus
411 2441 468 2465 acta
497 2437 555 2473 (lt),
585 2444 666 2472 quam
697 2438 734 2462 1·θί
751 2441 800 2467 bus
821 2443 847 2467 et
872 2439 959 2466 idiotis
978 2439 1123 2474 superflua,
1140 2443 1186 2465 aut
1206 2439 1254 2465 mi-
1271 2439 1368 2462 tautur.
1395 2435 1469 2462 Sicut
1491 2433 1629 2461 cuiusdam
1649 2433 1727 2459 Ciriri
1749 2435 1775 2457 et

227 2474 294 2501 ordo
310 2474 406 2506 fuerit,
423 2481 481 2500 esse
498 2476 641 2508 putantur;
667 2472 735 2498 sicut
753 2483 802 2503 nus
820 2479 892 2511 apta,
918 2483 1000 2510 quam
1019 2475 1057 2501 rei
1082 2474 1148 2501 ordo
1164 2474 1252 2506 suerit,
1271 2471 1361 2498 [ulitae
1378 2470 1428 2505 (lt),
1445 2471 1513 2497 sicut
1529 2470 1629 2503 Giorgi‚
1647 2468 1776 2495 aliorum-

232 2519 735 2526 ————
1271 2513 1774 2523 ———-—,.—..

266 2537 305 2569 (l)
323 2537 390 2572 Lege
406 2538 512 2570 Cyri'i'to'.

267 2573 295 2679 {²
324 2573 392 2607 Lege
410 2573 666 2605 Hippuizeregiensis.

1304 2537 1345 2571 (1)
1365 2536 1423 2563 Sec.
1444 2544 1504 2562 cur.
1525 2537 1695 2561 Pectat-ensis.

1305 2573 1344 2607 (⁹2)
1360 2571 1418 2599 Sec.
1439 2579 1496 2598 cur.
1515 2572 1730 2597 Mndi'otanensis.

1305 2609 1344 2643 (5)
1356 2607 1424 2634 Ante
1432 2608 1524 2638 Roma,
1533 2605 1649 2633 deletum
1663 2604 1776 2631 liabetur

1273 2643 1385 2671 verbum
1404 2643 1431 2669 in
1449 2642 1551 2674 codice,
1568 2640 1640 2676 quod
1661 2640 1710 2675 legi
1729 2648 1775 2666 ne-

1271 2678 1465 2715 quit,exceptis
1472 2677 1569 2704 ultimis
1579 2676 1728 2707 elementis,
1736 2677 1773 2701 ἑο.

1306 2715 1347 2751 (lt)
1365 2715 1410 2742 Pr.
1429 2714 1502 2741 curis
1519 2714 1627 2741 Ioniae.

281 2609 297 2634 5
329 2607 394 2634 Cod.
414 2610 519 2640 leqendo
535 2611 696 2633 decerneret.

280 2644 308 2679 lt)
323 2644 405 2678 Lege,
420 2643 441 2670 si
458 2643 554 2678 placet,
570 2641 644 2675 εἴρια.

1366 2801 1441 2812 ’-Α
