2237 3127
74 300 127 327 An.
149 299 177 327 C.
204 299 256 326 67ss

67 1009 188 1039 Episcopus
205 1011 252 1033 nul·

63 1044 106 1067 lam
145 1047 167 1067 in
209 1047 250 1068 linc

91 1082 225 1104 monasterio

64 1120 194 1144 potestatem
211 1118 251 1140 he-

64 1151 114 1174 bent
125 1161 131 1181 3

91 1801 134 1822 *iisi
162 1804 244 1823 iani-nm

58 1837 171 1858 monachis
204 1845 243 1858 su-

58 1880 109 1894 crus
145 1872 242 1900 ominis,

60 1913 81 1929 ct
145 1913 244 1930 sunctum

59 1944 157 1966 chrisma
184 1952 243 1965 con-

58 1979 150 2001 retrudi.

82 2445 203 2467 Anatlirnm
222 2447 241 2467 {u

56 2484 210 2511 repugnantes.

830 307 932 331 BONUS
954 308 976 337 ῘΑΓ
999 309 1025 331 S.
1055 308 1189 332 AGATnO
1210 310 1221 332 1
1249 310 1277 332 Ὠ.
1291 326 1297 332 .

286 358 410 406 regulae
433 367 590 394 tantorum
613 359 836 408 episcoporum
862 373 1032 397 consonam

283 408 473 444 sententiam
499 408 565 445 fore
591 410 829 457 perpendimus.
851 409 1034 458 Propterea,

283 465 315 492 et
349 470 408 494 nos
431 471 504 505 erga
536 459 621 506 quod
662 459 760 494 iidem
799 459 910 495 fratres
935 461 1032 495 nostri

282 508 537 543 reverendissimi
561 516 742 556 praesentes
767 509 911 544 conferre
927 510 1034 557 provi—

283 556 409 599 derunt,
429 557 523 592 simili
546 570 681 593 censura
703 569 740 592 ex
755 558 940 593 auctoritate
965 572 1031 606 pro-

281 605 363 642 fecto
401 607 614 654 apostolorum
649 606 818 654 principis,
853 608 903 642 cui
930 608 1032 643 claves

282 655 413 702 ligandi,
435 664 529 703 atquc
563 656 705 691 solvendi
731 655 902 701 Conditor,
938 666 1031 704 atque

279 704 476 753 Redemptor
512 705 660 740 omnibns
686 705 819 745 tribuit,
857 706 1031 741 identidem

280 754 396 789 firmari
429 755 658 794 concessimus,
691 763 725 789 ut
759 756 930 802 apostolica
960 756 1028 791 fulti

277 803 476 844 auctoritate,
510 815 567 851 per
603 803 756 850 privilegii
783 805 896 839 seriem
927 805 1029 840 nullas

277 852 463 899 gravedines
496 865 513 887 a
539 853 680 899 quolibet
715 853 936 900 episcoporum
969 855 1029 889 sub

276 909 439 949 praetextu
474 901 684 937 discussionis
719 902 887 949 religiosus
920 902 1027 944 abbas,

276 950 326 986 vel
352 951 502 986 monachi
525 950 644 986 ibidem
667 951 819 997 degentes
839 952 1026 987 sustineant:

277 1012 380 1048 neque
402 1013 513 1036 rursus
534 1000 715 1047 hospitandi
730 1000 789 1035 sihi
811 1001 896 1048 apud
917 1014 972 1037 eos
989 1001 1028 1036 li-

276 1050 413 1085 centiam
431 1049 646 1090 vendicantes,
677 1049 842 1097 dispendia
862 1050 912 1086 his
933 1058 1027 1098 atque

275 1098 460 1134 insolentias
491 1098 688 1146 angariarum
722 1100 898 1147 imponant,
922 1112 1027 1148 neque

277 1160 334 1195 per
355 1148 552 1184 occasionem
582 1148 734 1195 regularis
767 1149 955 1197 disciplinae
976 1151 1027 1184 ri—

276 1198 411 1234 mandae
444 1206 539 1245 atque
574 1197 746 1233 servandae
785 1199 939 1246 quaslibet
962 1200 1026 1234 im-

277 1254 404 1293 portent
432 1247 580 1282 ininrias:
609 1247 665 1282 sed
703 1247 835 1282 liberam
868 1248 1023 1284 licentiam

274 1296 390 1332 habere
412 1297 580 1332 statuimus
601 1297 685 1331 salva
703 1296 844 1344 profecto
865 1299 1026 1333 monachi-

275 1357 382 1380 carum
417 1347 596 1392 regularum
624 1346 778 1394 custodia,
806 1346 953 1394 religioso
973 1348 1025 1383 ab·

280 1394 351 1430 bate
376 1395 568 1442 quicumque
606 1408 661 1442 pro
692 1403 835 1443 tempore
868 1397 1023 1443 praeerit,

278 1444 415 1491 praefato
437 1444 604 1480 venerabili
632 1445 821 1480 monasterio
847 1445 878 1480 id
902 1446 1024 1492 procu-

275 1502 375 1535 rante,
407 1502 442 1528 ut
470 1506 544 1541 erga
577 1494 663 1541 quod
699 1494 821 1541 priscae
847 1495 1022 1531 traditionis

273 1543 341 1578 eius
372 1543 524 1578 articulus
556 1543 707 1584 continet,
734 1552 762 1578 ct
797 1543 865 1591 ipse
885 1557 1023 1580 conscr-

271 1604 344 1627 vare
369 1593 497 1633 nitatur,
519 1601 549 1627 et
583 1593 776 1639 quicumque
799 1593 859 1628 snb
881 1593 950 1629 eius
971 1607 1022 1639 re-

272 1649 389 1688 guntur
414 1641 650 1689 dispensatione
697 1642 830 1677 solerter
862 1644 1022 1680 custodire

272 1700 482 1731 commoneat,
505 1691 711 1738 districteque
737 1692 915 1739 compellat.

322 1743 354 1776 5.
385 1740 665 1776 Reverendissimo
698 1753 773 1776 vero
805 1741 967 1790 episcopo,
989 1743 1019 1778 in

271 1790 363 1825 cuius
405 1791 548 1837 paroecia
587 1790 767 1826 venerabile
809 1800 1018 1827 memoratum

273 1840 512 1878 monasterium,
534 1839 582 1874 vel
597 1852 648 1875 res
666 1840 734 1875 eius
749 1852 785 1875 ac
807 1842 1021 1887 possessiones

272 1889 482 1928 constiterint,
495 1888 656 1924 faciendae
676 1897 796 1924 tantum
813 1889 1021 1926 ordinationis

273 1950 309 1973 ac
330 1938 539 1985 promotionis
571 1938 792 1980 sacerdotum,
824 1947 918 1986 atque
943 1940 1021 1975 leri-

272 1995 386 2032 tarum7
407 1988 454 2022 vel
479 1987 667 2022 conficiendi
689 1988 866 2023 chrismatis
891 1989 931 2024 sit
952 1998 1021 2025 tan-

272 2045 338 2072 tum
372 2049 523 2072 concessa
568 2037 703 2072 licentia.
742 2038 1019 2085 Dispensationem

272 2094 376 2122 autem
402 2085 590 2121 venerabilis
616 2086 675 2121 loci
697 2099 817 2133 gerere,
830 2099 866 2123 ac
887 2100 1020 2124 conver-

271 2135 424 2171 sationem
444 2135 659 2171 monachicam
674 2137 849 2184 exquirere,
871 2138 1017 2185 religioso

271 2185 376 2220 abbati
398 2185 528 2232 eiusque
558 2186 748 2232 praeposito,
781 2186 834 2221 vel
856 2187 909 2235 qui
945 2200 1021 2235 pro-

272 2234 425 2269 batissimi
465 2234 498 2269 in
532 2234 643 2270 eodem
679 2236 869 2272 monasterio
904 2236 1021 2272 suerint

271 2284 366 2331 (quod
388 2284 480 2318 etiam
509 2283 670 2331 praesules
703 2297 844 2321 consona
866 2288 1019 2322 sententia

272 2333 472 2376 definierunt)
493 2333 704 2369 decernimus.

319 2385 353 2416 4.
381 2382 534 2430 Quisquis
567 2383 663 2429 igitur
695 2383 839 2431 quolibet
876 2393 1019 2433 tempore

273 2431 370 2480 (quod
391 2431 570 2467 nullatenus
590 2432 759 2477 credimus)
793 2434 888 2470 huius
909 2435 1020 2471 decre-

271 2489 339 2516 tum
359 2481 528 2529 privilegii,
542 2481 628 2529 quod
643 2483 828 2519 auctoritate
848 2485 1019 2532 apostolica

271 2531 398 2566 subnixi
423 2531 652 2566 consentiendo
681 2532 886 2576 firmavimus,
915 2535 948 2569 in
970 2542 1019 2570 to-

272 2588 352 2619 tum,
376 2581 422 2616 vel
448 2580 481 2615 in
514 2588 636 2628 partem
660 2589 813 2617 temerare
840 2584 1019 2630 tentaverit,

272 2642 412 2677 suaeque
441 2630 708 2678 praesumptionis
735 2632 898 2668 audaciam
925 2633 1018 2681 digna

271 2679 490 2716 emendatione
512 2679 619 2715 minus
643 2681 829 2723 correxerit;
851 2682 882 2718 in
903 2695 1018 2732 perpe-

348 2736 424 2768 Bau.
447 2736 523 2768 Rom.
553 2737 605 2767 Vol.
628 2737 674 2778 1,„,
811 2738 847 2769 2‘·

1707 305 1775 338 ⁶209

1077 370 1165 397 tuum
1179 362 1428 410 percellendum,
1444 364 1488 399 vel
1499 365 1822 403 anathematizandum

1075 423 1109 446 se
1130 412 1262 453 noverit,
1290 425 1353 448 non
1381 413 1481 448 solum
1511 422 1667 450 tantorum
1694 425 1826 452 senten-

1075 461 1117 496 tia
1149 461 1368 503 sacerdotum,
1401 463 1456 497 sed
1498 464 1591 499 ctiam
1630 466 1823 512 aequissimo

1073 510 1346 546 condemnationis
1371 512 1491 553 aculeo,
1529 513 1679 560 quoniam
1706 515 1824 552 violare

1074 560 1273 606 pertinaciter
1310 561 1394 596 visus
1433 570 1491 606 est,
1529 563 1615 609 quod
1654 564 1824 601 salubriter

1073 620 1258 645 conservare
1281 609 1427 646 debebat.
1450 611 1491 646 Et
1513 611 1554 647 ita
1577 625 1705 661 quoque
1726 614 1823 651 huius

1072 657 1227 705 privilegii
1254 659 1375 695 sanctio
1406 660 1506 702 firma,
1542 669 1572 696 et
1599 670 1663 697 rata
1690 663 1822 699 indimi-

1072 715 1148 742 nute
1182 708 1347 755 persistat,
1381 718 1475 757 atque
1512 721 1705 757 permaneat.
1737 713 1822 761 Erga

1072 756 1170 803 quod,
1203 765 1234 792 et
1266 758 1557 805 praecellentissimi
1588 761 1681 796 totins
1703 761 1823 798 Galliae

1071 817 1160 852 reges
1186 809 1231 849 (ut
1256 807 1374 854 scripto
1406 810 1631 855 comperimus)
1658 811 1696 845 ad
1727 825 1820 860 repe—

1070 854 1196 890 riendas
1210 855 1361 891 laicorum
1380 857 1596 894 infestationes
1617 859 1721 895 edicto
1736 874 1821 908 prae-

1070 904 1194 938 munire
1234 905 1317 940 idem
1358 907 1534 951 venerabile
1574 912 1820 952 monasterium,

1069 954 1164 999 regali
1187 953 1303 1000 pietate
1330 954 1451 1001 dignati
1477 964 1561 991 sunt.
1595 957 1683 993 Bene
1710 960 1821 1002 valete,

1068 1001 1264 1038 dilectissimi
1291 1003 1403 1039 fratres
1425 1007 1480 1049 (1).

1376 1162 1516 1212 BONUS

1342 1242 1436 1275 PAPA
1459 1246 1548 1276 LXXX

1067 1302 1159 1336 Anno
1194 1315 1284 1338 aerae
1319 1304 1434 1338 Christi
1465 1317 1572 1339 comm.
1612 1305 1757 1341 DCLXX
1765 1308 1816 1342 VI.

1067 1368 1218 1453 Bonus,
1244 1409 1371 1445 natione
1408 1423 1574 1453 romanus,
1609 1412 1692 1447 filius
1727 1413 1818 1449 Mau-

1064 1457 1147 1499 ritii,
1185 1458 1350 1494 ordinatus
1393 1460 1455 1494 kal.
1503 1461 1686 1496 novembris
1729 1474 1814 1498 anno

1065 1509 1152 1549 676,
1179 1507 1262 1542 sedit
1302 1508 1363 1543 sub
1400 1508 1612 1546 Constantino
1650 1511 1816 1558 Pogonato

1064 1555 1139 1602 imp.
1175 1568 1291 1592 annum
1327 1570 1352 1603 1,
1378 1570 1505 1594 menses
1540 1571 1577 1602 V,
1613 1560 1682 1596 dies
1708 1573 1732 1595 x
1759 1563 1815 1605 (⁶2).

1062 1603 1196 1640 Unicam
1222 1606 1334 1642 habuit
1358 1607 1590 1644 ordinationem
1620 1609 1818 1659 presbytero-

1062 1666 1131 1689 rum
1155 1655 1277 1701 decem,
1310 1656 1516 1693 diaconorum
1550 1659 1710 1707 qninque3
1746 1661 1818 1708 epi—

1062 1716 1175 1750 scopos
1212 1714 1316 1740 autern
1355 1719 1412 1753 per
1443 1707 1567 1743 diversa
1593 1709 1661 1743 loca
1696 1711 1816 1745 creavit

1064 1765 1196 1788 numero
1216 1766 1281 1789 sex.
1303 1755 1491 1792 Mortalitate
1517 1758 1653 1804 expleta,
1668 1760 1815 1806 sepultus

1063 1810 1110 1836 est
1131 1803 1168 1837 ad
1181 1803 1218 1837 B.
1242 1803 1369 1839 Petrum
1394 1805 1447 1841 die
1470 1810 1490 1841 5
1513 1806 1585 1842 idus
1602 1807 1713 1854 aprilis
1732 1820 1816 1844 anno

1063 1852 1147 1886 678.
1171 1851 1299 1888 Vacavit
1326 1854 1418 1890 sedes
1450 1868 1576 1891 menses
1602 1869 1638 1898 11,
1661 1857 1731 1893 dies
1756 1870 1814 1892 xv.

1290 2011 1326 2060 S.
1364 2012 1536 2062 AGATHO
1571 2015 1584 2062 l

1327 2094 1423 2124 PAPA
1440 2095 1541 2125 LXXXI

1061 2153 1155 2186 Anno
1179 2164 1270 2187 aerae
1299 2153 1413 2187 Christi
1432 2166 1539 2188 comm.
1565 2155 1714 2189 DCLXX
1723 2157 1811 2191 VIII.

1061 2221 1215 2309 Agatho,
1242 2264 1368 2299 natione
1395 2265 1530 2306 siculus,
1565 2278 1603 2301 ex
1635 2265 1810 2307 Monachis,

1061 2313 1224 2348 ordinatus
1245 2325 1394 2349 romanus
1415 2314 1554 2362 pontifex
1574 2315 1625 2350 die
1649 2315 1806 2352 dominica

1096 2382 1135 2418 (l)
1151 2382 1261 2411 Carolus
1279 2384 1399 2412 Cointius
1417 2384 1443 2411 in
1460 2385 1607 2412 Annalibus
1622 2385 1812 2413 Ecclesiasticis

1061 2418 1222 2445 Francorum
1237 2419 1271 2446 ad
1285 2427 1385 2446 annum
1406 2428 1527 2447 ncnxxvi
1547 2424 1607 2455 post
1626 2429 1742 2456 expensa
1764 2422 1810 2449 Io-

1061 2454 1136 2481 annis
1154 2453 1262 2481 Launoii
1282 2460 1451 2490 argumenta,
1477 2456 1577 2491 quibus
1596 2456 1638 2483 hic
1657 2457 1811 2491 privilegio-

1061 2497 1120 2515 rum
1132 2489 1328 2525 pontificiorum
1345 2492 1511 2526 impugnator
1524 2492 1726 2526 supposititium
1738 2493 1809 2519 istud

1060 2531 1118 2552 esse
1132 2525 1247 2560 probare
1261 2531 1373 2553 conatur
1383 2547 1390 2559 ,
1413 2530 1483 2553 reete
1498 2527 1633 2553 concludit
1649 2527 1675 2553 in
1691 2535 1724 2554 eo
1744 2530 1811 2554 nihil

1060 2568 1217 2592 occurrere,
1242 2564 1312 2594 quod
1337 2562 1469 2596 formulae
1486 2565 1621 2595 μνὶῑὶΙυῃίι·
1641 2571 1657 2588 a
1673 2563 1809 2597 Marc-ulfo

1061 2596 1106 2622 lib.
1124 2596 1149 2629 1,
1166 2605 1224 2629 cap.
1248 2598 1273 2629 1,
1293 2600 1423 2630 exibitae,
1450 2597 1613 2631 refrnyelur.
1641 2597 1700 2630 Quo
1721 2602 1807 2625 tamen

1059 2637 1128 2658 anno
1142 2631 1234 2659 datum
1248 2632 1312 2659 illud
1328 2633 1363 2660 sit.
1378 2641 1426 2660 nec
1441 2633 1497 2669 ipse
1517 2633 1636 2660 Cointius
1656 2633 1734 2665 dicit,
1762 2642 1808 2660 nec

1058 2666 1131 2701 apud
1149 2668 1300 2703 quempiam
1318 2669 1399 2695 alium
1415 2668 1559 2697 invonitur.
1599 2669 1639 2704 (ᾖ)
1660 2668 1774 2696 Exclusa
1793 2678 1808 2696 a

1060 2709 1163 2730 summa
1179 2702 1222 2731 die
1235 2703 1385 2739 sepulcrali.

1850 305 1902 331 An.
1931 304 1958 331 C.
1981 306 2031 333 07ss

1844 1416 1896 1444 An.
1926 1417 1953 1445 C.
1977 1419 2028 1445 (37³5

1837 2280 1887 2306 An.
1917 2280 1943 2307 (ζ,
1966 2282 2017 2307 078
