2237 3127
164 315 215 342 Au.
238 314 267 341 C.
294 315 343 341 1303

163 681 278 709 llign'itniie
296 680 341 709 pri-

162 724 205 737 wttt

163 752 213 773 liunt*

161 832 201 844 rest
214 828 288 843 tii-*tunt
295 840 300 850 ‚
319 831 341 844 a>

160 861 267 883 narbonia.

432 320 500 354 174

379 391 472 431 atque
500 379 687 430 presbyteri,
712 377 829 414 hahere
855 376 1015 412 licentiam
1045 387 1114 422 pro-

378 434 538 468 hibemus:
574 442 612 465 nc
647 429 742 464 huius
775 428 817 462 rei
853 438 953 473 usquc
986 424 1023 460 ad
1061 424 1120 458 hoc

378 481 540 528 usurpatio
563 479 760 526 perducatur,
785 477 893 511 utloea
910 488 989 522 quae
1010 474 1119 520 acqui-

376 532 488 565 sitione
510 529 673 563 hominum
695 526 905 562 construenda
927 532 1011 565 sunt,
1034 523 1120 557 abla-

378 580 460 614 tione
482 579 694 613 destruamur.

425 630 457 662 G.
480 628 565 662 Haec
589 627 682 672 igitur
701 625 816 667 omnia,
838 636 917 671 quae
931 622 1025 657 huius
1046 634 1119 668 prze-

374 677 456 724 cepti
490 678 669 723 decretique
697 674 794 709 nostri
823 674 933 728 pagina
967 672 1117 714 continet,

239 724 341 772 ,κζ’ζζ]
376 735 436 761 tarn
460 726 514 761 tibi
543 738 636 772 quain
658 724 782 759 cunctis
808 736 858 770 qui
883 724 913 757 iu
941 734 977 756 eo
1000 734 1063 768 quo
1085 733 1118 756 es

160 792 243 816 winton,
263 791 283 808 et
300 787 342 808 nisi

375 776 484 811 ordine
503 775 636 822 locoque
657 774 876 812 successerint,
902 771 950 806 vel
969 784 1013 806 eis
1037 783 1118 817 quo-

375 839 442 860 rnm
482 825 633 859 interesse
672 822 816 871 potuerit,
862 822 892 855 in
929 829 1117 868 perpetuum

373 874 524 910 servanda
550 873 761 908 decernimus.
796 871 829 905 Si
858 871 928 917 quis
956 882 1028 905 vero
1068 882 1117 904 re-

373 937 460 971 gum,
488 923 702 963 sacerdotum,
725 921 876 963 iudicum,
895 932 1118 966 personarum-

374 986 435 1021 que
457 972 664 1008 saecularium
699 971 778 1005 hanc
799 968 1032 1004 constitutionis
1054 981 1118 1002 no-

374 1031 456 1058 strae
480 1022 625 1069 pagiuam
648 1031 821 1067 agnoscens
842 1026 948 1053 contra
971 1030 1038 1052 cam
1062 1030 1117 1052 ve-

374 1072 443 1107 nire
465 1071 644 1114 tentaverit,
672 1069 834 1117 potestatis
851 1068 1042 1114 honorisque
1069 1067 1115 1101 sui

354 1117 355 1127 ¹
374 1121 524 1167 dignitate
545 1126 659 1163 careat,
680 1129 831 1164 reumque
853 1129 885 1152 se
907 1116 1014 1150 divino
1033 1116 1118 1150 iudi-

374 1171 424 1205 cio
451 1170 584 1204 existere
606 1168 645 1203 de
671 1173 847 1215 perpetrata
876 1166 1039 1212 iniquitate
1061 1178 1117 1199 co-

373 1227 514 1266 gnoscat.
538 1218 578 1252 Et
600 1218 658 1252 nisi
681 1217 729 1251 vel
751 1228 797 1257 ea,
819 1228 898 1261 quae
915 1216 953 1249 ab
968 1214 1019 1248 illo
1037 1214 1117 1249 male

373 1269 472 1304 ablata
494 1275 569 1302 sunt
594 1265 782 1305 restituerit,
804 1265 852 1299 vel
882 1264 975 1310 digna
1000 1263 1118 1310 poeni-

372 1318 469 1352 tentia
500 1317 605 1351 illicite
637 1324 703 1351 acta
725 1314 904 1355 defleverit,
935 1325 951 1347 a
973 1313 1118 1347 sacratis-

372 1368 452 1402 simo
475 1378 605 1413 corpore
623 1378 658 1400 ac
673 1365 825 1411 sanguine
845 1364 917 1406 Dei,
938 1370 968 1397 et
990 1362 1116 1396 Domini

371 1416 472 1451 nostri
499 1415 721 1462 Redemptoris
754 1413 823 1448 Iesu
846 1412 964 1448 Christi
997 1411 1117 1446 alicnus

371 1466 440 1507 siat,
472 1473 564 1512 atque
587 1465 617 1498 in
640 1472 767 1499 aeterno
789 1463 931 1497 examine
961 1461 1117 1495 districtae

371 1514 483 1550 ultioni
511 1513 683 1548 subiaceat.
711 1512 842 1546 Cunctis
875 1519 980 1546 autem
1015 1510 1116 1544 eidem

370 1564 440 1599 loeo
476 1563 559 1598 iuxta
598 1561 795 1597 servantibus
828 1561 868 1595 sit
901 1572 961 1607 pax
988 1559 1115 1593 Domini

370 1614 469 1648 nostri
492 1613 561 1647 Iesu
585 1611 720 1655 Christi,
742 1618 896 1658 quatenus
918 1617 947 1643 et
970 1609 1021 1643 hic
1057 1608 1118 1642 fru-

371 1671 457 1697 ctum
486 1662 586 1696 bonae
607 1661 738 1695 aetionis
764 1660 939 1706 recipiant,
972 1666 1002 1693 et
1035 1658 1117 1704 apud

370 1712 547 1746 districtum
562 1710 696 1746 iudicem
712 1709 849 1757 praemia
868 1716 1013 1743 aeternae
1033 1707 1119 1754 pacis

372 1769 541 1795 inveniant.

372 1816 432 1847 Dat.
449 1826 525 1847 anno
540 1816 654 1846 Domini
673 1815 740 1853 003,
753 1814 855 1855 pontif.
870 1814 955 1852 Greg.
970 1822 1046 1844 anno
1058 1821 1118 1843 xm.

696 1949 796 1985 XVII.

385 2035 587 2079 l'rivileyi'um
600 2033 781 2066 monasterii
801 2033 835 2066 S.
861 2032 984 2066 Mariae
995 2032 1028 2065 in
1047 2032 1119 2065 urbe

573 2083 844 2127 Attqustodnnensi
863 2083 920 2126 (1).

639 2159 853 2190 SUMMtRlUM

378 2231 401 2261 Ι.
419 2231 506 2261 Iustis
522 2230 688 2270 principum
707 2230 804 2269 petitis
822 2239 874 2269 per
893 2230 1059 2269 pontificem
1079 2230 1122 2259 sa-

414 2272 550 2300 vendum.
566 2287 606 2292 -
623 2270 828 2299 Monasteiium
848 2270 972 2299 Sanctae
985 2270 1089 2300 Mariae
1105 2280 1118 2299 3

413 2309 615 2346 Brunichilde,
633 2315 660 2339 et
672 2310 852 2339 'l'heodorico
864 2319 931 2347 rege
941 2310 1121 2348 81331110ρί-

414 2351 495 2389 scopi
524 2358 610 2388 opera
634 2350 1031 2379 constructum.—Cuilihet
1050 2359 1119 2387 per-

413 2399 501 2419 sonae
520 2389 685 2419 molestiam
704 2393 754 2418 aut
779 2390 835 2418 vim
855 2389 881 2418 ei
904 2390 992 2419 ullam
1013 2390 1120 2420 inseri-e

412 2430 569 2459 interdicit.
587 2445 626 2450 —
643 2429 671 2458 Ξ.
689 2428 843 2458 Abbatissa
861 2438 875 2457 a
889 2438 956 2467 rege
973 2439 1037 2458 cum
1052 2439 1122 2458 con-

413 2478 505 2498 sensu
528 2470 737 2498 monacharum
756 2468 926 2498 ordinanda.
943 2486 981 2491 —
999 2469 1024 2498 3.
1044 2468 1120 2498 Nitnt

413 2509 448 2538 ab
465 2509 614 2538 abbatissa
634 2508 825 2537 ordinationis
844 2517 914 2537 suae
941 2518 1028 2538 causa
1060 2510 1122 2538 cui-

413 2558 500 2587 quam
520 2548 755 2587 persolvendum.
773 2564 813 2569 —
829 2548 856 2577 »1.
879 2548 1032 2577 Abhatissa
1063 2549 1119 2577 nisi

413 2589 546 2617 criminis
569 2588 706 2627 specialis
726 2597 825 2624 causa,
844 2587 879 2616 ab
899 2588 1035 2627 episcopo
1054 2598 1119 2617 cum

413 2628 579 2658 interventu
608 2637 657 2657 sex
678 2628 804 2657 aliorum
823 2627 1029 2668 cpiscoporum
1051 2637 1120 2657 exa-

409 2696 448 2732 (t)
465 2697 562 2732 llegist.
583 2697 628 2725 lib.
646 2705 707 2730 xiii,
723 2698 771 2733 Ep.
791 2705 831 2725 ix.

966 321 1102 345 BULLARI
1108 321 1151 343 tm
1179 319 1344 343 ROMANUM

1202 373 1342 409 minandi,
1350 371 1456 411 deponi
1469 380 1526 401 non
1537 378 1624 410 posse
1636 369 1744 400 statuit.
1754 387 1792 392 —
1803 369 1831 400 5.
1843 369 1907 400 Pri-

1203 412 1276 442 vatio
1294 412 1443 450 dignitatis
1469 415 1567 440 contra
1587 411 1658 440 haec
1677 410 1907 447 inobservantes,

1202 457 1230 482 et
1247 452 1303 482 nisi
1323 452 1500 491 resipuerint
1518 451 1683 480 anathema.

1284 513 1426 549 Gregorius
1442 512 1600 541 Thalassiae
1619 511 1773 540 abbatissae

1213 572 1243 603 t.
1266 568 1400 610 Quando
1423 566 1460 601 ad
1488 578 1536 607 ea,
1559 566 1596 600 ad
1625 578 1704 612 quac
1726 565 1904 600 catholieo-

1161 630 1229 652 rum
1274 629 1382 663 regum
1426 615 1519 650 corda
1561 614 1794 662 pontificalibus
1832 623 1906 649 sunt

1161 667 1288 701 monitis
1310 665 1519 713 provocanda,
1547 664 1586 699 ita
1610 664 1729 699 ardenti
1749 663 1906 699 desiderio

1160 716 1261 750 divina
1286 715 1505 762 praeveniente
1531 714 1628 760 gratia
1650 714 1904 758 suceeinluntur,

1161 774 1192 800 ut
1215 766 1252 800 ab
1275 766 1319 799 eis
1341 764 1421 798 ultro
1444 772 1624 810 poscantur,
1647 770 1733 797 tanto
1755 771 1827 797 sunt
1842 763 1907 797 ala-

1159 815 1223 855 cri,
1256 823 1285 849 et
1309 815 1387 848 laeto
1409 814 1514 847 animo
1537 812 1754 851 concedenda,
1789 820 1905 858 quanto

1159 873 1186 899 et
1211 876 1245 898 ea
1261 865 1339 910 ipsa,
1361 875 1440 909 quac
1456 862 1597 908 cupiunt,
1619 862 1643 895 si
1661 861 1779 895 nollent
1795 862 1904 903 facere,

1161 914 1220 960 peti
1244 913 1427 947 debuerant.
1456 911 1593 946 Proinde
1617 911 1697 945 iuxta
1721 911 1836 957 scripta
1868 911 1905 945 fi-

1160 963 1271 996 liorum
1313 969 1491 996 nostrorum
1530 960 1901 1008 praecellentissimorum

1162 1024 1269 1057 regum
1306 1010 1539 1051 Brunichildis,
1577 1022 1613 1044 ac
1642 1010 1764 1056 nepotis
1805 1009 1903 1056 ipsius·

1160 1061 1370 1104 Theoderici,
1402 1059 1592 1094 monasterio
1622 1059 1755 1093 Sanctae
1778 1059 1905 1100 Mariae,

1161 1111 1212 1144 ubi
1235 1110 1418 1145 ancillarum
1443 1109 1501 1143 Dei
1528 1108 1729 1155 congregatio
1755 1116 1801 1143 est
1828 1120 1906 1142 con-

1160 1160 1276 1203 stituta,
1310 1159 1342 1193 in
1375 1158 1452 1193 urbe
1475 1158 1755 1203 Augustodunensi
1778 1171 1794 1192 a
1818 1170 1906 1192 reve-

1160 1209 1275 1243 rendae
1302 1208 1470 1242 memoriae
1497 1207 1618 1253 Siagrio
1646 1207 1794 1253 episcopo
1827 1219 1904 1241 con-

1160 1257 1243 1297 dito,
1266 1258 1316 1292 cui
1339 1269 1473 1304 praeesse
1493 1257 1703 1302 dignosceriS,
1727 1256 1904 1290 huiusmodi

1162 1307 1323 1353 privilegia
1350 1306 1521 1352 praesentis
1553 1305 1747 1340 auctoritatis
1781 1313 1906 1340 nostrae

1160 1356 1286 1390 decreto
1318 1355 1537 1401 indulgemus,
1559 1354 1775 1395 concedimus,
1811 1362 1905 1401 atque

1161 1405 1338 1445 firmamus,
1361 1411 1532 1439 statuentes
1549 1404 1670 1438 nullum
1687 1416 1810 1450 regum,
1839 1404 1906 1438 nul-

1160 1454 1225 1488 lum
1247 1454 1430 1494 antistitem,
1453 1453 1573 1487 nullum
1599 1465 1798 1500 quacumque
1816 1465 1905 1500 prae-

1160 1503 1258 1537 ditum
1283 1503 1451 1549 dignitate,
1475 1502 1521 1536 vel
1548 1514 1782 1549 quemcumque
1808 1502 1904 1537 alium

1160 1553 1198 1586 de
1222 1553 1271 1592 iis,
1299 1564 1378 1598 quae
1399 1552 1501 1586 eidem
1535 1551 1725 1586 monasterio
1755 1564 1771 1586 3
1794 1563 1906 1598 supra*

1161 1602 1286 1648 seriptis
1318 1601 1389 1635 liliis
1417 1600 1532 1635 nostris
1557 1601 1685 1647 regibus
1709 1601 1768 1635 iam
1791 1601 1905 1636 donata

1159 1660 1243 1690 sunt,
1278 1650 1325 1685 vel
1360 1651 1389 1684 in
1414 1650 1517 1684 futuro
1551 1650 1744 1696 quibuslibet
1778 1650 1845 1684 aliis
1866 1650 1906 1685 de

1161 1700 1288 1747 proprio
1310 1699 1426 1733 suerint
1447 1699 1513 1733 iure
1535 1699 1664 1740 collata,
1693 1699 1750 1733 sub
1772 1700 1904 1734 cuiusli-

1161 1749 1211 1783 bet
1244 1761 1354 1784 causae
1381 1748 1592 1783 occasionisve
1627 1749 1731 1794 specie
1759 1749 1905 1783 minuere

1161 1798 1207 1832 vel
1242 1798 1382 1839 auferre,
1411 1798 1475 1832 sive
1510 1798 1576 1833 suis
1611 1797 1721 1833 usibus
1745 1798 1905 1844 applicare

1161 1847 1207 1882 vel
1230 1847 1296 1882 aliis
1323 1847 1409 1894 quasi
1439 1847 1499 1893 piis
1521 1847 1623 1882 causis
1647 1859 1702 1894 pro
1729 1860 1804 1882 suae
1831 1860 1904 1882 ava-

1162 1897 1250 1931 ritiae
1271 1896 1472 1931 excusatione
1500 1897 1595 1942 possit
1627 1897 1811 1931 concedere.
1840 1896 1904 1932 Sed

1161 1953 1273 1981 cuncta
1295 1958 1374 1992 quae
1401 1945 1442 1979 ibi
1477 1946 1580 1980 oblata
1611 1953 1695 1986 suut,
1724 1946 1770 1980 vel
1798 1946 1902 1981 offerri

1161 1996 1344 2041 contigerit,
1367 2003 1429 2029 tam
1452 2007 1467 2028 a
1491 2003 1518 2029 te
1540 2007 1633 2042 quam
1657 1995 1695 2029 ab
1722 1996 1789 2039 eis,
1823 2007 1904 2042 quae

1162 2045 1191 2080 in
1215 2052 1267 2079 tuo
1289 2044 1391 2079 osticio
1406 2044 1537 2090 locoque
1555 2045 1775 2085 successerint,
1789 2057 1804 2078 a
1819 2057 1906 2092 prae-

1161 2094 1241 2129 senti
1263 2102 1403 2140 tempore
1425 2093 1560 2138 illibata,
1586 2101 1615 2128 et
1638 2094 1705 2128 sine
1741 2094 1905 2140 inquietu—

1161 2144 1234 2178 dine
1255 2143 1356 2189 aliqua
1378 2142 1524 2177 volumus
1547 2143 1708 2189 possideri,
1732 2155 1838 2177 earum
1856 2150 1902 2177 ta-

1162 2205 1233 2228 mea
1256 2192 1380 2232 usibus,
1408 2203 1464 2238 pro
1489 2204 1620 2238 quarum
1653 2192 1904 2232 substentatione

1161 2241 1450 2288 gubernationeque
1489 2253 1637 2276 concessa
1670 2250 1763 2283 suut,
1802 2241 1905 2276 modis

1163 2291 1310 2326 omnihus
1332 2292 1503 2337 profutura.

1210 2342 1242 2374 2.
1271 2340 1315 2374 Ita
1345 2340 1587 2384 constituimus,
1625 2347 1658 2374 ut
1685 2339 1821 2375 obcunte
1849 2339 1906 2374 ah-

1163 2390 1275 2424 batissa
1304 2389 1453 2436 praedicti
1478 2390 1667 2433 monasterii,
1699 2402 1760 2424 non
1783 2390 1840 2423 alia
1863 2389 1905 2423 ibi

1163 2450 1360 2486 quacumque
1385 2438 1577 2485 obreptionis
1603 2439 1717 2473 astutia
1735 2438 1906 2483 ordinetur,

1164 2488 1220 2522 nisi
1243 2500 1335 2534 quam
1361 2500 1411 2521 rex
1434 2488 1575 2522 eiusdem
1601 2488 1775 2534 provinciae
1791 2515 1798 2527 ,
1832 2499 1904 2522 cum

1140 2548 1143 2559 ¹
1163 2550 1316 2572 consensu
1340 2537 1563 2571 monacharum
1587 2537 1760 2571 secundum
1790 2537 1845 2571 Dei
1869 2537 1907 2571 ti-

1140 2563 1143 2618 1
1164 2599 1281 2621 morem
1297 2587 1434 2631 elegerit,
1451 2599 1485 2620 ac
1500 2586 1669 2632 providerit
1686 2586 1904 2620 ordinandam.

1213 2638 1245 2669 5.
1268 2635 1335 2669 lloc
1357 2648 1481 2682 quoqne
1496 2635 1631 2682 capitulo
1653 2637 1806 2682 praesenti
1831 2635 1907 2669 snb-

1139 2674 1146 2758 1
1165 2685 1334 2732 iungimus,
1355 2694 1387 2718 ut
1408 2684 1512 2720 locum
1531 2685 1675 2720 avaritiae
1693 2684 1907 2726 secludamus,

1938 305 1989 333 An.
2016 305 2044 333 C.
2066 304 2118 332 003

1934 588 2000 609 lastis
2028 588 2119 617 princi-

1949 631 1998 653 pum
2026 625 2102 653 potitis

1934 668 1972 690 per
1991 661 2118 684 Pontificem

1934 697 2058 720 favendum.

1963 925 2119 948 monasterinm

1934 961 2028 983 Sanctae
2038 962 2120 984 Mei-ine

1934 1004 1946 1019 a
1969 996 2118 1029 urrinnando,

1935 1035 1956 1054 et
1978 1033 2120 1056 'theodorico

1934 1076 1986 1097 rege
2041 1069 2120 1099 Siagu-ii

1935 1105 2035 1135 episcopi
2052 1113 2120 1135 opor-a

1935 1145 2098 1165 constructum.

1954 1429 2052 1452 Cuilibet
2068 1437 2126 1459 pei·-

1937 1473 2005 1487 sonao
2049 1464 2125 1487 mule-

1936 1501 2001 1523 stiam
2019 1505 2056 1523 eut
2081 1503 2125 1523 vim

1936 1538 1957 1559 ei
1975 1538 2043 1560 uttan·
2057 1539 2125 1561 insci·-

1935 1581 1959 1597 te
1977 1573 2098 1598 interdicit.

1934 2349 2051 2373 Abbaiissn
2061 2359 2071 2374 n
2084 2359 2120 2373 rn-

1935 2395 1960 2416 gfl
1986 2395 2034 2409 cum
2059 2394 2118 2408 cou-

1935 2430 2000 2446 SGUSU
2038 2432 2120 2447 [110118-

1935 2460 2024 2482 charum
2052 2461 2118 2483 ordi-

1936 2495 2016 2518 nanda.

1934 2640 1993 2663 Nihil
2009 2641 2034 2663 uh
2051 2641 2118 2665 ahba-

1935 2682 1990 2704 tissa
2024 2685 2117 2708 ordin·-
