2237 3127
170 287 211 312 Au
245 285 278 314 ti„
302 285 352 311 51³³

170 1249 227 1270 tandi

435 285 504 318 158

384 349 434 396 plo
455 361 491 384 ac
518 345 674 394 religiosis
695 342 847 380 institutis
869 342 1013 378 timendo
1039 354 1133 388 quam

381 397 571 433 assumendo
592 395 722 430 meliora
744 399 963 440 temperasset.
980 391 1045 426 Sed
1059 391 1134 425 dum

380 458 440 481 nec
461 443 700 492 perhibentibus
723 442 898 477 cultoribus
920 440 1027 486 templi
1054 452 1135 486 per-

380 496 465 529 tinax
491 500 659 528 temerator
680 491 818 535 obsistit⁷
846 490 928 524 inter
956 489 1056 535 ipsam
1090 488 1136 523 le-

380 555 455 590 prae
477 541 744 576 abominationem
766 550 950 587 percussus,
973 537 1080 572 altaria
1104 544 1135 571 et

379 591 479 626 officia
502 590 591 636 regni
614 589 765 636 perdidit,
787 588 861 622 dum
884 586 1060 621 ministeria
1082 598 1135 620 sa-

379 640 516 674 cerdotis
539 639 668 673 invadit.
684 638 794 673 Sciant
816 648 890 682 ergo
911 647 975 669 non
994 646 1063 669 esse
1082 647 1135 669 ac-

379 696 467 735 cepta
495 701 510 722 a
538 687 606 722 Deo
640 699 720 733 quae
755 686 793 720 de
832 683 988 719 mandatis
1021 684 1088 718 eius
1117 696 1135 718 a

379 735 676 783 praesumptoribus
728 741 958 777 assumuntur,
1006 732 1134 779 quando

378 799 477 820 unum
501 785 538 820 ad
561 784 806 819 desertationem
825 782 1000 817 sententiae
1020 781 1135 815 vivacis

378 834 542 869 dedecoris
565 846 664 880 poena
686 832 830 867 servavit.
848 831 935 866 Alios
948 830 1039 865 velox
1053 829 1134 864 fama

379 883 593 930 consumpsit:
617 882 701 929 quod
725 882 751 916 si
766 889 850 921 sunt,
867 892 947 926 quae
970 879 1134 925 religionis

378 933 482 979 aliquo
497 932 602 967 colore
618 939 800 977 contempta
815 930 890 969 sint,
914 929 995 962 vires
1017 928 1134 962 habere

378 989 563 1028 nequeunt,
595 992 674 1027 quae
709 980 805 1013 tantis
832 977 1016 1013 auctoribus
1051 977 1134 1011 relu-

377 1039 513 1065 ctantur.
545 1029 669 1064 Clamat
697 1029 814 1062 Paulus
841 1027 1018 1073 apostolus:
1043 1025 1133 1059 Licet

378 1092 458 1121 nos,
490 1087 543 1113 aut
577 1077 709 1123 angelus
744 1077 782 1111 de
817 1076 906 1110 coelo
941 1074 1134 1120 evangelizet

377 1128 479 1169 vobis,
508 1134 726 1174 praeterquam
747 1124 833 1172 quod
849 1123 1133 1169 evangelizavimus

377 1177 478 1217 vobis,
500 1176 667 1210 anathema
690 1175 740 1208 sit.
770 1174 835 1208 Nec
858 1173 955 1207 semel
988 1173 1047 1205 hoc
1081 1171 1134 1205 di-

235 1222 246 1234 ⁰
266 1222 352 1269 '¹:¹‚'‘¹¹]
377 1227 460 1260 xisse
487 1224 619 1263 sullicin
653 1223 765 1270 repetit
791 1222 916 1256 salubre
938 1220 1131 1261 mandatum,

982 287 1170 312 numanum
1193 287 1358 310 ROMANUM

1216 341 1392 370 nodicis.—
1407 339 1448 370 De
1466 339 1621 376 Trinitate‚
1641 349 1761 379 unaque
1780 339 1809 370 in
1828 350 1861 371 ea
1877 340 1926 370 Di-

1216 379 1468 410 vinitate.—Non
1486 380 1612 417 intelligi
1635 389 1723 418 posse
1751 379 1925 410 abscondita

1215 418 1366 449 Trinitatis
1385 419 1586 458 mysteria.—
1603 418 1758 457 Proprium
1778 420 1927 449 uniuscu-

1217 458 1323 498 iusque
1341 468 1544 498 personae.—
1556 457 1619 487 Non
1638 462 1683 487 est
1714 458 1926 488 introducenda

1215 502 1317 536 quarta
1337 507 1473 536 persona.
1491 514 1532 519 —-
1548 497 1628 532 Quae
1647 497 1764 536 propria
1785 497 1925 527 humani-

1216 538 1284 567 tatis
1312 536 1422 567 Christi
1445 537 1564 573 suerint,
1595 545 1729 575 quaeque
1757 536 1928 571 divinitatis,

1215 576 1578 615 explanantur.—Eadem
1591 584 1715 615 persona
1726 575 1835 605 Christi
1850 575 1927 606 D'eus

1215 619 1244 646 et
1262 616 1360 645 homo.
1372 633 1410 638 —
1425 615 1528 645 Sermo
1547 615 1582 645 ad
1605 615 1823 654 imperatorem.

1351 681 1491 709 Hormisda
1514 681 1617 709 Iustino
1640 681 1759 716 Augusto

1223 733 1308 768 Inter
1333 746 1380 775 ea,
1414 746 1494 780 quae
1520 734 1560 769 ad
1583 733 1732 767 unitatem
1764 733 1927 768 Ecclesiae

1174 783 1375 830 pertinentia,
1399 790 1524 829 propter
1545 794 1639 829 quam
1669 782 1758 817 Deus
1783 782 1927 817 clemen-

1173 832 1235 866 tiae
1261 839 1383 866 vestrae
1417 831 1511 877 elegit
1532 831 1726 878 imperium,
1761 830 1792 864 in
1821 831 1927 866 literas

1173 881 1368 921 contulistis3
1396 880 1474 914 haec
1501 892 1627 927 quoque
1657 879 1846 914 venerabilis
1870 880 1924 914 im-

1175 939 1300 976 perator
1320 941 1394 964 cura
1422 928 1505 974 fidei,
1540 929 1590 963 cui
1628 928 1844 975 multipliciter
1872 941 1925 963 vos

1173 979 1300 1013 studere
1324 977 1501 1016 declaratis,
1528 977 1658 1018 adiecit3
1686 984 1720 1011 ut
1745 977 1924 1023 aliquorum

1174 1039 1295 1074 preces,
1323 1026 1528 1074 perferendae
1562 1025 1601 1060 ad
1625 1025 1810 1060 humilitatis
1837 1038 1926 1060 meae

1174 1076 1317 1110 notitiam
1354 1076 1582 1121 iungerentur,
1617 1074 1733 1121 quibus
1768 1074 1815 1109 vel
1848 1075 1926 1121 quid

1173 1124 1369 1171 quaestionis
1391 1124 1536 1164 oriretur,
1571 1135 1794 1168 agnoscerem3
1817 1124 1864 1158 vel
1888 1124 1926 1158 ad

1173 1173 1438 1207 summovendum
1480 1173 1659 1219 propositae
1700 1171 1926 1207 consolationis

1173 1222 1355 1267 ambiguum
1392 1233 1579 1268 responsum
1614 1233 1630 1254 a
1669 1232 1719 1255 me
1761 1221 1928 1267 religiosae

1948 282 2002 310 An.
2024 282 2042 309 C
2079 283 2125 309 5⁴21

191 1284 329 1311 vennehzant
378 1275 460 1309 sicut
482 1273 707 1320 praediximus.
735 1271 774 1305 Et
797 1282 882 1305 nunc
909 1270 1021 1303 iterum
1049 1269 1130 1303 dico:
1172 1271 1323 1304 scientiae
1371 1270 1564 1304 conveniens
1613 1268 1810 1303 redderetur.
1849 1269 1925 1315 Legi

170 1320 353 1375 [31'2f‘fjsblffw‘fff‘
380 1324 413 1358 Si
437 1324 508 1370 quis
532 1322 619 1356 vobis
641 1319 898 1365 evangelizaverit
932 1326 1055 1364 praeter
1089 1317 1131 1357 id,
1173 1320 1278 1354 omnia
1306 1318 1525 1359 solicitudine,
1550 1330 1611 1364 qua
1633 1317 1776 1359 decebat,
1798 1325 1829 1352 et
1855 1317 1929 1353 lieet

172 1363 257 1411 „stilis
313 1362 351 1383 μ’
379 1367 1132 1419 quodaccepistis‚a1iathemasit(a).Servetergo
1172 1368 1209 1402 ad
1221 1367 1640 1414 teresponsiplenitudinem
1656 1366 1927 1414 sufficerepotuis-

380 1423 471 1456 latam
496 1432 551 1467 pro
574 1420 646 1454 fidei
669 1418 905 1454 conservatione
932 1416 1131 1459 sententiam,
1173 1415 1930 1462 sct,siittatantun1quaeaveteribussuntdtffi-

380 1471 524 1517 quisquis
537 1468 740 1516 apostolicam
757 1467 900 1513 sequitur
915 1465 1127 1511 disciplinam.
1173 1466 1236 1500 nita
1264 1465 1486 1506 rescriberem,
1513 1472 1620 1499 tamen
1643 1472 1675 1498 ut
1698 1464 1834 1511 religiosi
1852 1477 1927 1512 pro-

380 1520 419 1553 Et
442 1518 570 1565 quidem
603 1517 694 1551 nobis
718 1528 791 1550 cura
820 1528 883 1549 non
914 1514 1029 1548 defuit:
1060 1526 1131 1547 nam
1173 1515 1268 1562 positi
1302 1515 1393 1548 vestri
1421 1525 1655 1548 remunerarem
1681 1512 1840 1555 affectum,
1862 1525 1925 1548 non

380 1569 525 1608 geminae
543 1566 706 1608 legationis
718 1564 820 1599 ostieio
835 1562 984 1610 quicquid
1007 1562 1036 1595 in
1066 1574 1133 1608 pre·
1150 1549 1154 1581 l
1172 1563 1422 1598 subtrahendtnn
1452 1562 1569 1596 credidi
1598 1562 1658 1596 mei
1690 1573 1818 1608 quoque
1855 1574 1926 1597 ser-

380 1604 387 1613 (
574 1602 587 1612 ἰ
1150 1585 1276 1646 lmonis
1295 1611 1495 1658 obsequium.
1531 1610 1615 1652 Quid
1643 1611 1728 1645 enim
1751 1618 1815 1655 est⁷
1842 1611 1926 1658 quod

380 1617 470 1651 cibus
493 1616 623 1659 humile,
651 1613 803 1661 quicquid
826 1613 856 1646 in
893 1611 1154 1657 allegationibus

1172 1661 1408 1707 emergentibus
1433 1660 1588 1700 Nestorii,
1616 1667 1646 1694 et
1666 1659 1851 1706 Eutychetis
1871 1671 1926 1695 ve-

382 1664 578 1704 rmionabile,
601 1663 751 1710 quiequid
776 1663 806 1695 in
829 1661 986 1695 mandatis
1007 1660 1132 1694 salubre

380 1715 563 1749 detulimus.
592 1712 654 1747 Sed
679 1710 835 1756 numquid
859 1710 929 1743 ideo
944 1708 1132 1754 negligenda
1151 1728 1154 1738 ι
1173 1710 1265 1744 nonis
1287 1717 1413 1756 paterna
1427 1709 1531 1743 omisit
1552 1709 1738 1743 instructio?
1749 1709 1836 1744 Pene
1852 1721 1924 1744 om-

380 1773 425 1798 est
455 1762 590 1798 iustitiae
618 1762 685 1795 via?
711 1760 770 1802 Qui
799 1770 922 1793 errores
955 1769 1029 1792 suos
1052 1757 1132 1791 dili-
1173 1770 1229 1793 nes
1252 1759 1428 1805 impietates
1453 1770 1524 1791 cnm
1552 1757 1770 1792 inventoribus
1792 1765 1853 1792 tam
1869 1770 1927 1792 ne—

1954 1613 2077 1636 confutatio
2090 1614 2138 1636 N·—

1954 1650 2028 1679 stoi-ii,
2045 1653 2066 1671 ut
2090 1649 2137 1670 Eu-

1954 1685 2060 1714 tyebetis.

381 1814 426 1859 git
452 1825 524 1846 cum
547 1810 757 1845 obstinatione
779 1808 929 1854 pertidiae
961 1819 1023 1841 non
1059 1814 1132 1840 sunt
1150 1807 1154 1856 ξ
1173 1806 1339 1842 sanderum
1388 1807 1572 1852 dogmatum
1625 1806 1849 1841 convenientia
1892 1807 1923 1841 in

382 1860 535 1908 iungendi
574 1872 646 1894 eum
678 1857 865 1893 cadentibus
903 1857 1024 1902 lapsus:
1065 1856 1133 1890 sine

382 1919 486 1945 nostra
514 1908 701 1954 contagione
725 1913 864 1954 pereant,
887 1905 939 1951 qui
963 1904 1002 1938 ab
1026 1904 1135 1950 impie-

384 1960 501 1994 tatibus
535 1958 601 1993 snis
623 1969 681 1991 nec
709 1956 859 2000 castigato
890 1966 995 1989 errore
1031 1953 1134 1987 decli-

383 2017 468 2042 nant.
492 2007 570 2042 Data
585 2006 688 2040 vidus
701 2005 776 2048 seb.‚
792 2004 826 2038 P.
843 2003 880 2038 C.
898 2002 1023 2049 Agapiti
1036 2002 1072 2035 V.
1095 2001 1132 2037 C.

452 2065 514 2094 Dat.
530 2064 575 2094 dle
591 2064 609 2093 0
629 2062 768 2092 februarii
787 2069 864 2090 anno
879 2060 995 2089 Domini
1010 2059 1079 2097 518,

541 2102 642 2143 pontis.
660 2101 833 2131 llortnisdae
843 2109 920 2130 anno
936 2107 975 2130 tv.

740 2218 778 2254 V.

385 2293 597 2331 Dii-z’ni‘tatt‘s,
635 2298 662 2324 et
696 2291 926 2324 Incarnationis
959 2288 1135 2333 mysterium

434 2343 600 2387 exponitur
627 2342 683 2384 (t).

615 2428 618 2431 ·
654 2408 869 2440 SUMMARIUM

388 2471 553 2502 Confutatio
571 2470 708 2505 Nestorii,
737 2474 765 2498 et
786 2469 967 2508 Eutychetis,
989 2485 1030 2491 —
1050 2467 1136 2497 Nulla

426 2511 582 2541 diversitas
602 2509 830 2549 praedicationis
844 2509 895 2538 ubi
907 2517 964 2537 una
987 2512 1032 2537 est
1044 2507 1136 2537 forma

430 2549 774 2580 veritatis.—Stantlum
793 2549 919 2578 decretis
943 2547 1062 2577 Patrum
1085 2556 1135 2585 Sy-

389 2621 542 2682 catfflhfial.
562 2621 587 2647 1.
625 2619 665 2656 (t)
690 2619 730 2646 Ex
757 2619 813 2646 VV.
831 2618 884 2646 CC.
904 2618 963 2645 vni.
977 2617 1041 2644 edit.
1061 2617 1134 2644 card.

1173 1868 1272 1890 unum
1295 1855 1444 1903 synodica
1479 1855 1604 1889 decreta
1632 1863 1827 1902 presserunt.
1861 1855 1928 1890 Nec

1173 1905 1305 1939 ulterius
1342 1903 1492 1938 remansit
1531 1904 1620 1938 locus
1646 1903 1732 1938 ullus
1758 1911 1821 1938 tam
1849 1904 1928 1938 diris

1175 1953 1323 2000 perfidiae
1349 1952 1526 1987 seminibus
1552 1953 1733 1999 amputatis,
1755 1962 1808 1987 aut
1829 1952 1929 1988 Chri-

1173 2010 1258 2037 stum
1298 2002 1472 2036 Dominum
1518 2010 1662 2036 nostrum
1691 2001 1822 2036 credere
1857 2001 1928 2036 siue

1174 2053 1278 2086 carnis
1301 2051 1397 2085 fnisse
1428 2051 1574 2093 veritate,
1609 2058 1663 2085 aut
1691 2050 1829 2085 eundem
1863 2062 1927 2086 non

1173 2100 1289 2140 Deum,
1316 2107 1347 2134 et
1365 2099 1525 2133 hominem
1554 2099 1592 2133 de
1618 2099 1750 2133 materni
1779 2099 1861 2134 uteri
1878 2099 1930 2133 in-

1174 2155 1323 2184 temerata
1346 2148 1557 2183 foecunditate
1579 2147 1755 2195 prodiisse:
1783 2160 1855 2183 cum
1883 2147 1931 2182 al-

1175 2204 1223 2233 ter
1257 2209 1364 2232 eorum
1399 2197 1683 2244 dispensationem,
1710 2209 1772 2243 qua
1817 2196 1929 2231 salvati

1175 2259 1296 2286 sumus,
1320 2246 1476 2292 negando,
1498 2254 1651 2292 qnantum
1678 2245 1708 2279 in
1731 2257 1765 2280 se
1783 2253 1830 2280 est
1851 2245 1930 2280 irri-

1175 2304 1237 2330 tam
1258 2295 1388 2335 faceret;
1416 2295 1494 2328 alter
1514 2295 1665 2341 opinione
1692 2294 1860 2335 contraria,
1874 2294 1931 2329 sed

1176 2345 1335 2391 impietate
1349 2343 1519 2385 consimili,
1533 2344 1564 2377 in
1581 2342 1693 2378 eodem
1716 2342 1855 2378 Domino
1872 2355 1933 2378 no—

1176 2401 1241 2428 stro
1276 2393 1347 2428 lesu
1375 2392 1504 2427 Christo
1534 2399 1720 2439 potestatem
1749 2391 1889 2430 divinam
1912 2404 1931 2427 a

1177 2454 1248 2478 vera
1275 2441 1469 2476 humanitate
1503 2441 1698 2476 secluderet:
1739 2452 1844 2488 neque
1876 2440 1930 2476 ille

1178 2490 1360 2527 recordatus
1378 2490 1450 2537 quia
1480 2490 1669 2537 palpandam
1691 2501 1818 2525 carnem
1840 2501 1931 2524 suam

1178 2540 1323 2576 Christus
1349 2538 1498 2579 ostendit,
1522 2551 1580 2574 nec
1607 2539 1658 2573 ille
1685 2538 1838 2584 evangelii
1863 2550 1928 2573 me·

1178 2601 1246 2624 mor
1258 2588 1396 2623 Verbum
1410 2600 1535 2622 carnem
1556 2587 1670 2622 factum
1688 2599 1757 2622 esse
1778 2586 1926 2627 dicentis,

1153 2658 1161 2708 Ι
1178 2639 1230 2674 cui
1245 2650 1302 2673 vox
1324 2637 1452 2673 Domini
1472 2636 1689 2673 indeficienter
1711 2637 1858 2686 insonare
1873 2635 1932 2672 de-
