2237 3127
202 305 252 330 An.
278 306 295 330 t]
331 307 362 331 Γπ]

460 317 528 350 14⁶2

1008 320 1200 344 BULLARIUM
1221 320 1385 343 ROMANUM

406 389 465 422 ter,
487 389 655 427 personam
677 387 780 411 meam
817 381 849 410 et
879 374 913 409 in
940 374 1000 409 hoc
1032 382 1156 421 oportet
1198 385 1278 420 quae
1304 373 1561 421 praecedentium
1584 386 1712 422 quoque
1727 375 1884 423 dogmata,
1903 379 1950 414 vel

404 429 560 471 induere,
592 426 744 461 scientem
778 425 810 459 in
844 423 1026 458 huiusmodi
1052 423 1155 458 causis
1197 422 1312 458 clarius
1338 423 1559 464 manifestavit,
1582 424 1630 458 vel
1655 424 1785 469 repetita
1807 429 1951 463 auctori-

402 478 495 520 (sicut
522 474 717 522 praedictum
734 477 791 518 est)
813 473 891 520 quid
909 471 1089 507 faciendum
1102 472 1153 513 sit,

401 525 478 572 quid
501 523 689 568 cavendum,
711 522 750 557 ita
767 522 872 557 omnia
891 521 1097 568 providenda,
1120 529 1154 555 ut

398 586 461 608 non
484 572 626 618 ambigas
652 571 807 607 rationem
830 570 1075 617 dispensationis
1093 569 1152 604 liu-

398 623 450 656 ius
471 622 540 656 Deo
567 632 638 655 esse
665 619 873 655 reddendam:
902 620 944 654 ita
978 628 1095 664 tamen,
1118 626 1152 653 ut

400 682 468 715 eos,
495 670 549 717 qui
571 669 659 704 vobis
685 669 812 704 fuerunt
846 668 1071 703 communione
1097 679 1151 703 so-

397 720 480 763 ciati,
493 719 542 754 vel
571 730 625 765 per
648 730 702 753 vos
723 718 792 753 sedi
814 717 1021 764 apostolicae,
1049 724 1151 752 vestra

395 768 488 803 nobis
510 768 626 813 scripta
641 767 812 807 declarent,
826 766 943 813 quibus
964 766 1057 801 etiam
1070 778 1149 800 con-

395 816 528 851 tinentia
549 816 743 860 libellorum,
771 827 850 862 quos
866 815 1049 856 obtulerint,
1068 814 1150 850 inse-

394 873 492 900 ratur.
517 865 571 901 Sic
592 865 677 900 enim
701 874 732 900 et
752 864 873 905 Severi,
893 864 940 900 vel
956 863 1147 910 complicum

393 915 475 955 eius,
503 922 556 949 aut
588 914 740 948 similium
775 913 977 948 absolvemus
1004 925 1146 954 errores,

392 975 452 998 nec
473 975 596 1003 eorum,
620 963 675 1009 qui
702 962 804 997 sanari
828 962 1000 1009 potuerint,
1024 962 1148 1008 dispen-

394 1012 444 1046 dia
472 1012 644 1059 patiemur:
668 1011 754 1058 quod
782 1011 852 1046 ideo
889 1011 976 1046 vobis
998 1011 1148 1057 speciali-

392 1069 440 1095 ter
461 1061 620 1095 credimus
636 1060 876 1107 imponendum,
899 1060 937 1094 ad
952 1060 1145 1105 diligentiam

392 1117 529 1144 vestram
552 1117 659 1144 nostra
681 1121 776 1144 onera
811 1109 1049 1153 transferentes,
1072 1108 1144 1155 quia

391 1171 455 1192 non
480 1170 571 1204 parva
594 1159 662 1199 iam>
678 1158 868 1193 documenta
882 1158 1061 1192 resistentes
1077 1158 1147 1192 hae-

390 1207 494 1241 reticis
516 1207 672 1247 edidistis,
701 1218 759 1241 nec
774 1206 869 1241 debet
890 1206 930 1240 de
956 1218 994 1241 eo
1017 1206 1145 1251 ambigi,

390 1268 486 1302 quem
501 1255 580 1290 bene
607 1256 771 1302 contigerit
787 1255 959 1302 explorari:
983 1255 1077 1289 simul
1093 1267 1146 1289 as-

391 1317 482 1339 sume
504 1304 643 1340 remedia
662 1304 850 1344 medicinae,
866 1304 960 1338 simul
980 1304 1144 1349 accingere

184 1336 365 1395 ,ΗᾉΓΣᾍΠᾏᾞᾞᾏΪ
390 1353 575 1389 auctoritate
599 1354 746 1393 iustitiae,
775 1362 805 1387 et
838 1353 884 1387 sic
906 1353 988 1387 cirea
1015 1353 1144 1398 suppli—

195 1411 198 1423 ¹
239 1407 362 1433 “effe-⁴*
390 1414 442 1437 ces
465 1403 659 1437 humanitate
681 1403 817 1446 mollire,
853 1410 885 1435 ut
907 1402 937 1436 iu
961 1402 1145 1436 haeretico-

224 1476 271 1496 1„
284 1450 363 1496 *ffst'ffl
390 1464 459 1485 rum
487 1452 675 1497 contagione
702 1451 922 1498 perdurantes,
949 1459 1001 1484 aut
1020 1451 1142 1497 eosqui

390 1501 602 1535 innocentiam
631 1500 792 1543 simulant,
809 1509 836 1534 et
861 1512 932 1534 cum
949 1499 1064 1534 nostris
1077 1500 1141 1533 sola

388 1561 465 1583 voce
487 1549 701 1586 consentiunt,
730 1549 768 1583 ab
790 1549 850 1587 his,
878 1548 993 1594 quibus
1012 1547 1142 1594 proEc—

387 1598 503 1632 ‹·lesiae
527 1598 772 1643 reintegratione
799 1598 986 1636 consulitur,
1009 1605 1038 1631 et
1067 1609 1142 1642 pro-

388 1647 524 1685 videtur,
553 1647 720 1681 excludas:
737 1658 795 1680 nec
811 1646 894 1680 enim
918 1645 1045 1692 expedit
1059 1646 1140 1680 circa

389 1696 448 1729 hos
470 1696 718 1730 ecclesiasticam
756 1703 932 1740 temperare
959 1706 1137 1728 censuram.

387 1743 457 1778 Nou
483 1744 566 1778 enim
596 1752 687 1778 erunt
715 1743 927 1778 niiserati‹i›nis
962 1743 1055 1786 bona,
1082 1755 1139 1788 pro

385 1805 508 1833 vorum,
536 1793 652 1839 quibus
680 1793 802 1827 consuli
837 1799 972 1839 oportet,
998 1792 1140 1825 necessi-

385 1849 447 1876 tate
474 1842 597 1880 collata,
625 1842 649 1875 si
683 1841 851 1876 indiscrete
884 1841 999 1874 fuerint
1034 1840 1137 1881 bonis,

384 1891 540 1937 malisque
562 1891 756 1926 communia.
790 1890 829 1924 Et
852 1890 925 1936 quia
954 1889 1138 1936 Hierosoly-

384 1940 574 1974 mitauorum
602 1952 729 1986 quoque
752 1939 881 1973 faciebat
919 1939 948 1971 in
974 1938 1034 1972 tuis
1061 1938 1138 1971 lite-

384 1989 425 2021 ris
448 1996 500 2022 tua
515 1989 643 2023 dilectio
659 1989 866 2026 mentionem,
885 1998 1021 2033 (piorum
1041 1987 1135 2021 etiam

382 2037 419 2070 ad
443 2049 500 2071 nos
526 2037 679 2084 quaedam
702 2037 803 2071 delata
828 2036 1002 2083 professio,
1025 2047 1138 2070 neces-

382 2086 498 2119 sarium
539 2087 710 2128 duximus,
748 2086 794 2119 vel
830 2096 1008 2128 recensere,
1055 2096 1137 2130 quae

381 2135 496 2180 scripta
521 2144 605 2174 suut,
641 2135 684 2169 vel
716 2134 925 2181 respondere,
952 2145 1033 2179 quae
1056 2145 1137 2167 con—

380 2195 468 2225 grua.
497 2183 557 2224 Qui
581 2185 607 2217 si
629 2191 809 2218 sanctorum
848 2183 976 2216 Patrum
1010 2183 1136 2216 consti—

381 2239 446 2264 tuta
474 2232 671 2269 custodiunt,
701 2232 726 2265 si
756 2232 806 2265 illa
831 2231 901 2265 fidei
930 2231 1134 2265 fundamenta

381 2289 581 2321 venerantur,
605 2280 644 2314 ab
673 2281 731 2319 his,
759 2292 839 2327 quae
864 2292 918 2325 per
940 2291 995 2314 eos
1015 2279 1134 2314 Sancto

379 2329 501 2374 Spiritu
525 2337 761 2376 compungente
788 2328 916 2363 delinita
951 2337 1041 2371 sunt,
1069 2340 1131 2362 non

378 2377 539 2412 recedant.
564 2379 627 2412 Aut
663 2378 748 2412 enim
778 2377 913 2424 perfecta
937 2385 1011 2411 suut
1038 2377 1077 2410 ita
1101 2384 1133 2410 ut

379 2434 463 2465 sunt,
504 2435 534 2461 et
568 2427 747 2461 adiectione
783 2438 846 2460 non
887 2425 1043 2471 indigent,
1081 2433 1133 2459 aut

272 2510 276 2517 ‚
355 2495 357 2503 ι
381 2475 460 2509 bene
487 2476 600 2519 valida,
615 2484 645 2510 et
661 2476 730 2510 ideo
746 2487 808 2509 non
822 2474 980 2508 mutanda.
998 2474 1133 2515 Quando

259 2518 351 2565 ”.“,“,,,”,,
380 2536 435 2567 per
457 2537 491 2559 ea
519 2525 626 2559 omnia
649 2524 880 2559 haereticorum
910 2535 1028 2557 venena
1044 2535 1133 2557 com-

381 2585 486 2616 pressa
515 2581 598 2617 suut,
623 2573 864 2619 necquicquam
887 2571 1132 2606 Chalcedonen-

379 2622 422 2654 sis
449 2623 600 2668 synodus,
644 2623 727 2668 quod
762 2622 837 2656 utile
871 2620 1026 2667 quaelibet
1060 2621 1132 2653 uili-

389 2672 481 2708 §entia
526 2671 679 2717 potuisset
713 2670 911 2717 excogitare,
949 2670 1130 2717 praeteriit,

1197 479 1257 506 tate
1280 471 1425 514 firmavit,
1448 471 1584 517 speciale
1611 472 1770 519 quoddam
1797 475 1949 511 adversus

1194 519 1388 562 Nestorium,
1415 528 1446 556 et
1467 520 1633 568 Eutychen
1666 534 1811 567 aggressa
1847 534 1949 560 certa-

1195 581 1279 611 men,
1313 569 1445 605 alterum
1474 569 1632 604 Deitatem
1666 569 1723 605 Dei
1753 573 1850 607 nostri
1877 573 1947 609 Iesu

1192 616 1312 653 Christi
1339 630 1463 653 acarne
1478 626 1689 665 separantem,
1712 626 1743 654 et
1777 620 1848 656 ideo
1875 634 1949 657 san·-

1192 675 1274 701 ctam
1296 667 1426 701 Mariam
1449 667 1507 701 Dei
1525 667 1710 713 genitricem
1737 671 1948 715 pronunciare

1191 717 1355 760 vitantem,
1377 717 1509 750 alterum
1532 716 1697 751 veritatem
1713 718 1817 753 carnis
1839 719 1870 754 in
1886 719 1948 755 Do-

1191 765 1277 798 mino
1299 772 1501 805 renuentem;
1529 765 1657 811 quando
1696 765 1852 803 Dominus
1879 781 1946 804 no-

1190 821 1254 848 ster
1268 813 1357 848 Iesus
1379 813 1525 848 Christus
1551 814 1635 849 idem
1657 814 1740 850 filius
1762 815 1832 861 Dei,
1860 817 1943 854 idem

1191 862 1274 897 filius
1301 862 1455 904 hominis,
1491 875 1553 897 una
1590 864 1622 897 in
1658 863 1782 899 duabus
1809 877 1944 913 persona

1190 911 1311 946 naturis
1333 911 1518 952 divinitatis,
1546 918 1577 946 et
1598 912 1806 949 humanitatis
1827 916 1944 961 carnis,

1190 972 1248 995 nec
1269 960 1390 995 naturis
1412 960 1602 995 adunatione
1635 961 1787 1003 confusis,
1809 975 1873 998 non
1889 976 1944 999 ve-

1189 1009 1233 1043 lut
1260 1016 1369 1056 quarta
1397 1021 1531 1055 persona
1560 1010 1666 1045 addita
1701 1010 1863 1057 Trinitati,
1886 1014 1942 1048 sed

1188 1057 1255 1104 ipse
1282 1058 1367 1093 lilius
1388 1058 1444 1093 Dei
1464 1059 1650 1093 exinaniens
1671 1060 1891 1107 semetipsum,
1908 1071 1938 1097 et

1187 1106 1320 1142 sormam
1348 1108 1429 1142 servi
1456 1108 1616 1154 accipiens
1638 1111 1690 1152 (a),
1712 1111 1939 1158 propterquod

1187 1162 1218 1189 ct
1240 1168 1347 1200 unam,
1375 1168 1434 1191 nec
1461 1156 1650 1191 divisibilem
1674 1157 1860 1203 profitemur
1888 1172 1942 1194 es-

1187 1205 1320 1239 sentiam
1342 1205 1514 1246 Trinitatis,
1535 1214 1566 1240 et
1587 1206 1811 1252 proprietatem
1835 1216 1938 1243 tamen

1186 1265 1275 1287 suam
1299 1253 1417 1288 scimus
1445 1254 1549 1289 inesse
1576 1255 1732 1301 personis,
1761 1268 1855 1291 unam
1885 1257 1940 1292 filii

1186 1301 1243 1335 Dei
1267 1314 1337 1336 cum
1360 1310 1520 1349 assumpta
1543 1315 1649 1348 carue,
1684 1316 1778 1338 unam
1801 1305 1941 1352 Spiritus

1185 1350 1303 1392 Sancti,
1331 1360 1361 1386 et
1385 1364 1535 1398 personas
1574 1353 1819 1399 proprietatibus
1860 1355 1942 1390 desi-

1184 1409 1329 1444 gnantes,
1353 1410 1381 1435 et
1406 1414 1460 1447 per
1482 1402 1633 1436 unitatem
1666 1403 1821 1437 essentiae
1847 1404 1940 1438 inse—

1184 1449 1322 1494 parabile
1345 1450 1508 1484 Trinitatis
1539 1451 1723 1497 mysterium
1747 1452 1941 1487 confirman-

1185 1505 1241 1531 tes.
1265 1498 1374 1545 Neque
1401 1500 1485 1533 enim
1512 1499 1627 1545 ambigi
1653 1507 1768 1545 potest,
1794 1500 1936 1536 Verbum

1182 1545 1239 1579 Dei
1262 1547 1339 1580 iutra
1369 1549 1476 1581 matris
1500 1548 1615 1582 viscera
1646 1561 1700 1594 per
1722 1561 1861 1590 carnem,
1877 1550 1954 1584 liu-⁷

1183 1607 1306 1629 inanum
1329 1596 1540 1642 assumpsisse
1568 1605 1730 1640 naturam,
1772 1610 1830 1632 nec
1865 1608 1936 1644 post

1182 1656 1197 1676 a
1217 1656 1249 1678 se
1268 1644 1347 1678 iuter
1371 1645 1493 1679 vulvam
1523 1653 1666 1679 naturam
1692 1645 1833 1681 unitione
1853 1647 1935 1682 divi-

1181 1704 1258 1726 sam.
1286 1693 1365 1727 Nam
1401 1702 1433 1728 ut
1462 1694 1639 1729 humanitas
1661 1695 1729 1729 sine
1745 1695 1813 1729 Deo
1840 1696 1934 1736 edita,

1181 1740 1226 1774 sic
1249 1741 1277 1775 iu
1302 1754 1395 1776 cruce
1417 1755 1478 1777 non
1496 1750 1544 1777 cst
1559 1743 1762 1789 impassibilis
1785 1743 1935 1780 divinitas

1180 1800 1197 1822 a
1219 1791 1323 1825 carnis
1351 1791 1497 1837 passione
1526 1791 1640 1826 divisa:
1679 1792 1764 1838 quod
1794 1792 1934 1839 Virginis

1183 1846 1300 1883 partus,
1328 1847 1358 1873 et
1382 1840 1564 1874 intemerata
1587 1840 1795 1882 foecunditas,
1817 1850 1847 1876 et
1862 1842 1936 1876 sin-

1180 1887 1298 1931 gularis
1320 1900 1336 1922 a
1353 1889 1485 1923 mortuis
1504 1886 1701 1931 resurrectio,
1716 1897 1747 1925 et
1768 1890 1807 1925 ad
1828 1890 1935 1926 coelos

1179 1935 1317 1970 declarat
1339 1937 1493 1972 ascensio.
1536 1937 1622 1972 Haec
1662 1938 1687 1973 si
1722 1939 1935 1986 quemadmo-

1179 1983 1254 2018 dum
1278 1997 1294 2019 a
1317 1985 1464 2020 Patribus
1491 1987 1660 2021 constituta
1682 1995 1767 2028 sunt,
1790 1996 1929 2028 servant,

1179 2033 1321 2072 credaut,
1348 2046 1405 2068 nec
1427 2035 1556 2069 definita
1579 2036 1814 2081 transcendant,
1833 2049 1850 2071 a
1867 2050 1931 2084 quo

1179 2082 1302 2116 tramite
1328 2083 1382 2129 qui
1410 2083 1581 2128 declinant⁷
1603 2084 1661 2129 ipsi
1698 2085 1756 2119 sihi
1781 2085 1929 2120 nebulam

1178 2129 1386 2166 dubitationis
1407 2132 1588 2167 offundunt.
1611 2133 1710 2168 Nobis
1731 2142 1836 2168 autem
1852 2134 1930 2169 illud

1177 2179 1386 2225 apostolicum
1424 2181 1630 2216 contentiosis
1654 2182 1846 2229 respondere
1873 2195 1932 2218 ne-

1177 2239 1264 2262 eesse
1287 2236 1352 2262 est:
1380 2228 1445 2263 Nos
1473 2229 1554 2265 hanc
1574 2231 1837 2265 consuetudinem
1867 2244 1929 2266 non

1178 2276 1342 2321 hahemus,
1364 2290 1421 2312 nec
1443 2278 1585 2313 Ecclesia
1607 2279 1665 2313 Dei
1690 2281 1740 2324 (b).
1756 2280 1842 2314 Haec
1857 2280 1929 2316 ideo

1177 2325 1330 2366 breviter;
1357 2327 1429 2373 quia
1463 2340 1521 2362 nec
1557 2327 1673 2374 ambigi
1712 2329 1860 2363 convenit
1890 2329 1930 2364 de

1177 2373 1269 2409 rebus
1287 2375 1368 2409 iuxta
1384 2376 1476 2410 tidem
1493 2376 1620 2422 saepius
1639 2377 1787 2418 desinitis,
1803 2385 1834 2412 et
1848 2389 1928 2423 pene

1175 2435 1370 2469 supervacua
1397 2432 1444 2458 est
1470 2425 1625 2471 allegatio,
1653 2437 1732 2472 quae
1759 2426 1930 2461 adhibetur

1176 2471 1348 2513 instructis,
1372 2485 1444 2507 cum
1467 2486 1562 2520 super
1591 2473 1649 2508 hac
1671 2486 1717 2519 re,
1744 2481 1775 2509 et
1796 2475 1832 2509 ad
1856 2475 1930 2510 cle-

1175 2521 1407 2556 mentissimum
1438 2523 1615 2569 principem
1651 2523 1750 2557 filium
1782 2531 1927 2558 nostrum

1175 2581 1235 2603 nou
1280 2582 1378 2616 pauca
1418 2572 1665 2617 perstrinxerim.
1701 2571 1742 2606 Et
1779 2572 1851 2618 quia
1887 2572 1927 2608 de

1175 2617 1536 2666 Hierosolymit-anorum
1553 2620 1769 2667 propositione
1793 2632 1927 2669 respou-

1208 2678 1246 2714 (α)
1264 2680 1358 2715 riuiip.
1377 2681 1403 2706 a.
1443 2681 1483 2717 (5)
1501 2681 1512 2708 ¹
1534 2681 1655 2708 eortnui.
1672 2682 1712 2708 ii.

1981 317 2033 344 An.
2057 317 2074 343 C
2111 318 2157 343 524

2010 515 2116 539 Νεειιιγίἰ,
2143 517 2165 535 οἱ

1978 550 2082 578 Eutychia
2107 550 2162 571 hue-

1977 591 2044 606 reses.

1969 1232 2082 1255 hut-ieiumi
2102 1243 2156 1256 tnn-

1969 1268 2058 1290 futario.

1955 2250 2003 2272 No·
2022 2251 2139 2280 mulsisti-n-

1955 2283 2004 2306 dum
2023 2285 2049 2307 de
2076 2287 2140 2308 rebus

1954 2319 2005 2341 fidei
2026 2323 2066 2342 inm
2094 2323 2138 2344 d·-

1953 2354 2031 2378 finitis.
