2237 3127
1 290 50 316 An.
70 285 100 313 C.
117 282 185 313 1033

822 304 1018 329 BENEDICTUS
1042 303 1079 327 IX
1104 303 1155 327 1’1’.

416 363 679 415 BENEDIGTUS
713 361 761 411 IX

464 447 559 478 PAPA
585 445 715 477 CXLVIII

258 506 350 540 Anno
369 515 458 539 aerae
473 502 586 538 Christi
597 513 704 535 comm.
724 499 919 534 MXXXIH.

215 572 426 646 Benedictus
459 617 561 641 nonus
586 604 722 639 Alberici
745 604 869 639 comitis
897 602 963 637 Tu-

215 657 333 694 sculani
358 657 451 696 filius,
485 666 521 689 ac
541 653 703 688 Benedicti
727 653 797 688 VIII
819 661 850 687 et
870 652 963 687 loan-

216 709 266 743 nis
297 705 376 740 th
405 716 514 751 nepos,
541 703 705 737 ordinatus
737 711 783 737 est
819 713 962 736 summus

216 755 356 806 pontifex
388 765 496 788 mense
530 752 649 786 octobri
682 764 764 786 anno
800 753 905 786 1055.
934 750 962 784 A

217 804 375 854 pontificia
396 800 470 838 sede
491 801 600 841 semel,
619 801 795 846 iterumque
810 800 962 834 disiectus

217 863 263 890 est
284 867 300 889 a
322 851 476 888 contraria
497 850 679 884 Tusculano
695 849 799 884 comiti
816 849 961 887 factione,

217 916 297 951 quae
325 902 496 949 plurimum
520 899 661 945 vigebat:
685 911 781 945 quare
804 907 866 933 tres
890 910 962 945 pon-

217 953 330 987 tificiae
361 950 446 985 sedis
481 948 642 983 invasores
675 947 785 982 eodem
822 957 962 993 tempore

216 1002 397 1041 extiterunt,
420 1010 533 1044 nempe
553 997 745 1032 Benedictus
766 997 811 1031 lx
833 1009 888 1043 per
910 997 965 1030 in]-

216 1062 358 1086 mensam
380 1049 445 1083 auri
469 1048 531 1082 vim
560 1048 677 1094 populo
699 1046 896 1080 distributam
912 1058 964 1080 or-

216 1100 361 1139 dinatus;
388 1096 607 1139 Silvesterlll,
629 1104 718 1131 antea
742 1095 875 1129 Ioannes
888 1095 964 1141 epi-

215 1162 332 1197 scopus
369 1147 554 1183 Sabinensis
576 1146 689 1189 dictus,
728 1154 799 1191 post
834 1146 962 1179 alteram

215 1198 379 1234 Benedicti
402 1196 618 1244 expulsionem
642 1196 673 1229 in
702 1195 891 1241 pontificiam
915 1206 965 1228 se-

217 1248 290 1283 dem
306 1249 445 1282 intrusus
459 1246 541 1280 eirca
558 1245 679 1279 initium
703 1245 821 1278 mensis
836 1244 963 1278 ianuarii

218 1298 291 1333 anni
317 1299 422 1335 1044,
445 1308 540 1342 quam
569 1302 638 1341 post
667 1306 791 1327 menses
815 1293 878 1327 sere
906 1306 963 1336 ιιι,

218 1360 234 1382 a
264 1346 425 1381 Benedicti
450 1344 590 1392 partibus
616 1352 718 1377 stante
745 1342 889 1376 Conrado
907 1343 966 1376 im-

219 1404 379 1444 peratore,
415 1395 533 1429 Romae
561 1401 636 1428 tunc
658 1392 808 1438 temporis
834 1401 965 1436 agente„

219 1446 377 1481 dimittere
403 1453 530 1478 coactus
562 1450 626 1482 θεῖς
650 1441 824 1487 Gregorius
847 1440 886 1474 Vl
913 1441 965 1487 qni

219 1495 338 1536 sedem,
361 1506 400 1528 ne
418 1494 520 1527 dicam
536 1492 731 1537 dignitatem,
754 1502 770 1523 a
792 1490 966 1524 Benedicto

219 1557 300 1592 papa
334 1543 466 1590 pecunia
499 1542 626 1588 recepit.
654 1539 848 1574 Benedictus
883 1539 965 1573 enim

219 1592 414 1641 pontificatui
432 1592 524 1626 cessit
540 1590 744 1637 persuasione
762 1589 816 1622 viri
840 1590 967 1622 sanctis-

219 1643 290 1677 simi
317 1641 547 1676 Bartholomaei
575 1639 696 1673 abbatis·
726 1637 862 1685 Cryptae
888 1637 967 1672 Fer-

220 1701 320 1727 ratae:
354 1691 436 1738 quod
464 1699 567 1725 tamen
599 1688 797 1724 sanctissime
832 1687 967 1731 factum7

221 1753 409 1788 summaque
427 1752 498 1775 cum
515 1739 703 1785 apostolicae
722 1737 806 1771 sedis
821 1737 968 1779 utilitate,

221 1790 355 1825 simonia
373 1791 522 1837 primum,
543 1801 614 1823 mox
636 1787 807 1823 ambitione
824 1786 969 1825 foedavit,

223 1840 342 1875 scilicet
362 1840 560 1886 dignitatem,
583 1847 616 1873 ut
638 1837 788 1879 diximus,
816 1835 970 1881 Gregorio

226 1902 304 1936 pene
338 1889 525 1929 vendendo,
558 1900 593 1922 ac
625 1896 693 1934 post
726 1898 826 1920 annos
851 1885 970 1931 aliquot

225 1946 349 1973 mortuo
386 1938 549 1973 Clemente
582 1937 611 1971 II
643 1936 786 1980 legitimo
822 1933 968 1979 Gregorii

205 2000 430 2026 successore,
464 1988 627 2022 remissam
668 1984 847 2020 cathedram
883 1986 972 2018 inva-

224 2037 342 2072 dendo.
357 2037 448 2072 Sedit
468 2037 573 2084 itaque
589 2035 780 2071 Benedictus
804 2046 881 2080 papa
901 2043 972 2067 ante

224 2086 453 2121 abdicationem
476 2098 576 2121 annos
594 2086 656 2120 sere
672 2096 718 2127 xi,
741 2095 776 2117 ac
798 2092 867 2129 post
890 2096 972 2117 reas-

225 2145 383 2183 sumptam
405 2150 421 2170 a
443 2135 618 2170 Clementis
633 2135 661 2169 II
677 2133 764 2167 obitu
787 2133 972 2179 dignitatem

225 2198 350 2220 menses
366 2198 439 2220 vm.
455 2185 527 2220 Fuit
548 2192 651 2219 autem
675 2182 870 2228 temporibus
891 2182 975 2216 Con-

226 2234 292 2270 radi
327 2235 355 2269 11
387 2243 417 2268 et
442 2234 550 2268 Enriei
578 2234 660 2279 regis
688 2232 756 2266 eius
781 2232 974 2266 successoris

226 2284 324 2332 impp.
344 2285 375 2318 in
391 2284 585 2323 Occidente,
610 2284 638 2316 in
661 2283 793 2317 Oriente
820 2294 892 2315 vero
914 2282 975 2315 im-

227 2333 409 2380 perantibus
441 2332 602 2373 Romano,
629 2333 702 2366 hinc
729 2331 882 2366 Micliaele
915 2331 976 2365 Pa-

228 2382 396 2429 plilagone,
418 2395 488 2416 mox
508 2382 661 2416 Miciiaele
695 2380 904 2427 Calaepliate,
940 2392 975 2414 ac

227 2431 342 2466 deinde
368 2430 577 2466 Constantino
606 2431 826 2466 Monomaclio.
860 2431 975 2465 Adhuc

228 2481 259 2515 in
306 2481 382 2515 vivis
430 2489 495 2515 erat
544 2481 574 2514 iu
621 2480 804 2527 pontificatu
845 2480 976 2514 sedente

227 2529 262 2565 S.
283 2529 392 2565 Leone
418 2529 480 2570 lx,
508 2530 562 2576 qui
595 2542 651 2576 pro
677 2531 745 2564 eius
771 2531 976 2564 conversione

228 2579 336 2620 oravit,
358 2587 525 2626 autequam
548 2580 692 2626 spiritum
721 2579 788 2613 Deo
817 2580 976 2614 redderet:

230 2641 288 2664 nec
309 2639 378 2676 post
405 2629 481 2663 illud
504 2637 629 2676 tempus
651 2628 712 2664 ulla
735 2628 774 2664 de
792 2641 829 2664 eo
856 2630 977 2665 mentio

229 2677 263 2713 fit
288 2678 374 2726 apud
395 2678 576 2726 scriptores.

1635 287 1699 321 551

1372 354 1398 391 Ι.

1007 428 1204 470 Confirmatio
1231 426 1378 459 bonorum
1404 424 1542 457 omnium
1568 422 1607 455 ab
1634 421 1752 454 Athone

1051 478 1224 511 Florentino
1246 476 1381 519 episeopo
1404 474 1558 507 canonicis
1582 471 1752 504 cathedra-

1053 529 1090 562 lis
1116 528 1201 560 illias
1226 525 1375 558 Ecclesiae
1396 533 1604 556 concessorum
1624 520 1685 563 (l).

1274 592 1489 625 Smtitatttmt

1003 656 1170 685 Exordium.
1193 672 1233 678 —-
1260 653 1335 683 Bona
1365 652 1461 682 omnia
1485 651 1520 680 ab
1548 649 1660 678 Athone
1685 657 1757 677 con-

1041 706 1123 726 cessa
1143 696 1363 725 confirmantur.
1382 708 1422 714 —·
1435 690 1574 720 Canonici
1593 688 1755 718 Florentini

1042 736 1097 765 snb
1116 735 1294 774 protectione
1313 733 1392 762 sedis
1411 731 1588 769 apostolicae
1608 728 1703 766 positi.
1717 744 1758 750 —-

1040 775 1227 805 Enumeratio
1255 775 1408 808 bonorum,
1431 780 1506 810 quae
1533 770 1756 799 confirmantur.

1042 833 1083 838 —
1103 815 1316 845 interdictione
1329 813 1396 851 quis
1413 811 1579 841 molestiam
1604 808 1692 838 ullam
1709 818 1758 838 ca-

1044 856 1158 885 nonicis
1171 855 1276 884 inserat
1289 854 1317 883 in
1331 851 1501 882 huiusmodi
1517 850 1611 880 bonis.
1626 864 1667 870 -
1680 847 1758 878 Ana-

1044 898 1139 927 tlicma
1162 900 1260 925 contra
1284 894 1448 923 violatores.

1002 960 1158 988 Benedictus
1177 957 1317 992 episcopus
1346 962 1440 984 servas
1464 960 1604 983 servorum
1626 952 1681 985 Dei.
1715 951 1756 979 di-

1046 1005 1116 1033 leeto
1135 1004 1164 1031 in
1184 1003 1292 1030 Christo
1316 1001 1433 1029 Rottndo
1454 1000 1565 1027 sanstae
1584 997 1756 1026 Florentinae

1046 1049 1178 1077 Ecclesiae
1210 1047 1380 1083 praeposito,
1413 1045 1528 1080 aliisque
1562 1042 1700 1072 canonicis
1730 1043 1759 1070 et

1049 1093 1247 1123 suecessoribus
1270 1092 1299 1119 iu
1317 1092 1487 1127 perpetuum.

1054 1153 1087 1188 Si
1124 1152 1213 1187 iustis
1247 1161 1408 1184 servorum
1446 1148 1502 1184 Dei
1545 1144 1756 1193 petitionibus

1006 1202 1260 1239 satisfecerimus,
1303 1198 1412 1246 procul
1443 1197 1539 1231 dnbio
1585 1194 1757 1241 apostolica

1006 1261 1173 1301 praecepta
1193 1262 1363 1284 servamus.
1389 1248 1592 1293 Quapropter
1615 1244 1756 1278 inclinati

1008 1303 1156 1351 precibus
1176 1301 1247 1339 tuis,
1272 1298 1312 1332 lili
1329 1297 1503 1337 carissime7
1526 1294 1754 1329 confirmamus

1008 1361 1100 1397 atque,
1121 1350 1363 1386 corroboramus
1389 1346 1458 1386 tibi„
1474 1345 1602 1390 tuis-que
1629 1355 1759 1377 succes-

1008 1402 1133 1437 soribus
1154 1397 1314 1434 canonicis
1330 1395 1484 1442 quidquid
1505 1394 1533 1427 in
1551 1393 1662 1439 pagina
1679 1405 1758 1426 con-

1007 1451 1159 1486 cessionis
1181 1458 1211 1483 et
1233 1445 1493 1484 confirmationis„
1519 1454 1614 1489 quam
1637 1441 1760 1476 videtur

1009 1501 1097 1535 xobis
1110 1500 1221 1534 fecisse
1235 1497 1405 1542 episcopus
1422 1494 1512 1527 nobis
1528 1491 1760 1539 praesentibus,

1009 1551 1161 1594 scriptum
1185 1560 1253 1583 esse
1275 1553 1409 1584 constat,
1432 1544 1533 1577 donec
1555 1550 1617 1576 tam
1641 1541 1671 1575 in
1693 1541 1762 1588 ipsa

1011 1608 1110 1634 vestra
1138 1597 1290 1633 canonica
1313 1596 1352 1630 ita
1380 1595 1410 1628 in
1441 1592 1534 1627 modo
1556 1599 1697 1625 servetur
1715 1603 1760 1626 re-

1010 1649 1093 1693 gula,
1121 1661 1215 1695 quam
1249 1646 1371 1680 scilicet
1400 1642 1584 1677 eanonicam
1612 1641 1761 1676 tuendam

1011 1707 1040 1733 et
1062 1698 1291 1733 defendendam
1311 1707 1365 1741 per
1380 1693 1513 1728 eandem
1531 1691 1675 1737 pagiuam
1693 1691 1761 1737 ipse

1011 1748 1134 1783 videtur
1159 1749 1328 1792 episcopus
1354 1751 1490 1782 nostrae,
1518 1749 1762 1787 nostrorumque

1011 1809 1228 1832 suceessorum
1252 1793 1443 1841 apostolicae
1464 1790 1641 1825 auctoritati
1670 1798 1754 1824 tuen-

1012 1848 1082 1882 dam
1105 1856 1132 1881 et
1155 1844 1386 1881 defendendam
1402 1841 1561 1876 commisit
1575 1848 1668 1886 atque
1684 1851 1763 1886 sup-

1014 1897 1129 1938 posuit.
1159 1905 1256 1942 utque
1288 1906 1322 1928 ea
1358 1902 1387 1926 et
1410 1903 1465 1925 vos
1487 1890 1588 1925 securi
1612 1889 1652 1924 ab
1674 1889 1761 1923 omni

1013 1946 1150 1980 laesione
1167 1956 1350 1992 permanere
1367 1940 1494 1975 valeatis
1508 1938 1686 1978 desiderio3
1703 1939 1761 1973 hac

1013 1997 1117 2043 itaque
1145 1995 1296 2042 petitione
1311 2002 1362 2027 tua
1379 1989 1533 2030 inclinati,
1554 1996 1587 2022 nt
1609 1988 1763 2029 diximus,

1013 2053 1043 2079 te
1083 2045 1293 2091 nraopdsitnm
1323 2051 1456 2087 tuosque
1483 2050 1686 2073 successores
1708 2050 1765 2072 ca-

1015 2095 1160 2129 nonicam
1184 2094 1276 2127 vitam
1291 2093 1453 2127 ducturos,
1469 2088 1529 2123 sub
1553 2095 1677 2122 nostrae
1691 2100 1765 2134 apo-

1015 2144 1143 2179 stolicae
1181 2143 1376 2177 defensionis
1415 2138 1590 2173 munimine
1627 2137 1766 2184 suscipi-

1016 2206 1098 2232 mus,
1121 2206 1193 2228 cum
1221 2200 1251 2227 et
1273 2192 1353 2226 bona
1369 2189 1486 2228 omnia,
1509 2195 1614 2222 curtes
1647 2195 1677 2221 et
1699 2194 1766 2221 ter-

1017 2255 1077 2283 ras,
1104 2255 1185 2290 quac
1211 2250 1311 2277 vestra
1339 2249 1368 2274 et
1391 2239 1485 2273 habet
1506 2246 1537 2271 et
1560 2236 1702 2271 habitura
1718 2244 1767 2271 est

1016 2293 1179 2335 canoniea,
1211 2291 1355 2325 videlicet
1382 2296 1412 2323 et
1434 2289 1517 2321 iuxta
1551 2286 1766 2320 Florentinam

1017 2342 1126 2377 urbem
1152 2350 1271 2388 pratum
1295 2339 1395 2380 Regis
1419 2350 1490 2372 cuin
1514 2336 1632 2370 mansis
1653 2344 1683 2370 et
1703 2343 1768 2369 ter-

1019 2391 1136 2427 ritoriis
1154 2390 1314 2428 omnibus,
1329 2400 1409 2435 (inae
1427 2386 1520 2421 modo
1540 2386 1569 2419 in
1586 2384 1768 2419 Florentina

1018 2439 1116 2475 Curte
1142 2440 1237 2475 babet
1263 2448 1293 2473 et
1327 2438 1442 2473 retinet
1475 2435 1632 2481 praedicta
1668 2443 1768 2469 vestra

1019 2491 1183 2530 canonica,
1206 2498 1325 2524 curtem
1356 2487 1389 2521 S.
1417 2485 1565 2520 Andreae
1592 2497 1665 2519 cum
1700 2496 1771 2519 om-

1020 2539 1114 2575 nibus
1161 2539 1220 2575 sibi
1266 2535 1498 2585 pertinentibus
1514 2561 1523 2578 ,
1572 2542 1692 2568 curtem
1732 2533 1771 2572 de

1019 2589 1151 2630 Quium,
1179 2596 1300 2624 curtem
1324 2587 1363 2621 de
1389 2584 1530 2620 Cintoria
1554 2591 1665 2625 totam,
1687 2583 1772 2618 sicut

1021 2639 1080 2686 ipsi
1109 2647 1217 2673 tenere
1239 2645 1271 2672 et
1291 2636 1408 2671 habere
1434 2633 1599 2675 videmini,
1626 2641 1657 2669 et
1686 2633 1774 2668 illam

1055 2693 1095 2729 (1)
1111 2693 1150 2720 Ex
1167 2692 1268 2728 Ughell.
1287 2692 1333 2719 Ital
1353 2692 1412 2719 Sac.
1432 2696 1496 2719 tom.
1518 2698 1560 2718 ιιι.

1780 276 1830 302 An.
1847 275 1876 303 C.
1895 274 1964 303 1036

1790 1138 1918 1163 Exordium.

1791 1226 1851 1247 Bona
1901 1221 1976 1244 omnin

1791 1259 1817 1282 ab
1891 1258 1978 1280 Athona

1793 1302 1902 1318 concessa
1921 1301 1976 1316 con-

1792 1331 1914 1353 firmantur.

1796 1634 1902 1656 canonici
1922 1633 1979 1655 Fin-

1797 1670 1877 1691 rentini
1942 1668 1982 1690 sub

1812 1707 1951 1737 prnt‹·t·ii1=ne

1797 1742 1860 1763 Sedis
1884 1744 1981 1770 Aposto-

1797 1778 1853 1800 lit-:w
1872 1778 1950 1808 positi.

1841 2190 1984 2212 Enumeratio

1801 2227 1918 2251 bonu-run·v
1931 2233 1986 2256 qnae

1801 2263 1866 2284 conii·
1875 2267 1968 2283 ninntnr.
