2237 3127
74 334 126 363 An.
148 334 175 362 C.
202 335 254 362 649

928 339 1093 362 mammes
1121 339 1131 361 ι
1160 338 1209 360 rr.
1715 322 1787 355 203

651 395 694 431 IV
1089 390 1263 426 secundnm
1279 389 1381 436 ipsum
1399 386 1639 436 praedicationis
1653 399 1755 421 serino
1776 394 1834 434 est,

294 471 326 506 D
439 470 446 478 .
635 470 656 488 .-
700 469 704 475 .
772 468 778 474 .
930 478 937 484 ⁸
975 466 980 471 -
1089 453 1214 475 omnem
1229 440 1432 486 impietatem,
1447 446 1539 484 atque
1556 436 1751 484 iniquitatem
1767 448 1832 470 cae-

327 467 978 513 ePaulianathematismiszcyzendaltaeiesz
1000 466 1045 507 (1)
1088 491 1166 524 dens
1194 502 1258 524 sem
1412 488 1440 521 {x
1755 485 1782 519 d*
1826 499 1831 504 „

1265 501 1319 535 per
1341 501 1376 523 ac
1402 495 1583 528 teinetens,
1606 498 1750 521 commen
1777 499 1833 519 ans

563 536 778 568 SUMMARIUM
1087 551 1160 574 vero
1179 537 1389 573 orthodoxam
1413 537 1445 571 in
1472 537 1575 583 ipsum
1602 535 1834 570 confessionem

290 602 409 633 Divinae
428 600 654 641 praedicationis
675 599 805 628 effectus.
822 615 862 620 —
882 597 1043 637 Episcopo·
1087 588 1117 622 in
1141 589 1195 629 iis,
1215 588 1268 635 qni
1283 599 1350 621 eam
1369 587 1457 621 firme
1479 585 1670 620 custodiunt,
1695 584 1833 626 Quando

330 651 395 672 rum
409 646 582 686 est-gregem
595 639 710 668 Domini
723 639 758 669 de
771 638 932 682 errantium
946 637 1041 675 pravis
1087 638 1181 684 igitur
1207 636 1402 671 dilectissimi
1435 636 1544 669 fratres
1576 634 1677 674 nobis,
1701 634 1752 680 qui
1777 645 1833 680 per

331 686 484 712 sententiis
508 681 675 710 admonere.
694 696 732 701 —
748 672 786 707 De
806 678 889 707 Pauli
907 676 1040 705 Thessa·
1084 686 1215 732 gratiam
1244 686 1342 732 ipsius
1370 684 1548 719 sacerdotes
1577 696 1686 717 sumus
1701 710 1709 726 ³
1736 695 1834 717 emn-

330 721 491 752 lonicensis
510 719 660 749 erroribus
680 722 708 747 et
729 718 759 747 in
778 718 820 746 eis
840 717 1040 746 disseminan-

330 762 376 792 dis
391 760 608 789 calliditate.—
619 758 754 788 Studium
768 757 944 795 apostolicae
961 755 1040 784 sedis

329 805 361 830 ut
378 800 429 829 illc
449 808 563 828 errores
583 808 653 826 suos
673 798 809 826 eiuraret.
832 812 871 818 —
893 795 976 824 Pauli
995 799 1040 823 te-

330 840 451 870 meritas
469 839 499 867 in
522 837 713 867 adulterando
737 837 804 866 fidei
828 835 959 873 exemplo
983 834 1039 863 sibi

329 879 456 914 missae,
482 881 511 907 et
527 877 724 916 apocrisarios
744 876 772 905 S.
791 876 822 904 A.
846 876 875 904 in
894 874 1041 903 haeresim

327 917 505 949 inducendo.
523 934 562 939 —
577 917 748 946 Adhortatio
765 916 799 945 ad
819 915 929 944 clerum
946 918 974 943 et
990 923 1041 952 po-

328 958 431 998 pulum
453 956 758 994 Thessalonicensem.
785 971 825 977 —-
852 953 961 983 Paulus
985 954 1038 982 de—

328 997 442 1038 positus
475 1000 527 1026 est.
558 1012 598 1018 —-
627 995 666 1024 De
698 994 877 1034 recipiendis
909 993 1039 1032 quinque

329 1037 449 1077 synodis
472 1035 701 1065 universalibus.

289 1112 426 1142 Christum
445 1111 570 1147 diligenti
594 1111 665 1139 clero
684 1111 711 1138 et
729 1109 826 1145 populo
857 1109 968 1137 sanctae
994 1108 1039 1136 Dei

333 1158 482 1187 catholicae
499 1155 776 1184 Thessalonicensium
795 1154 942 1186 Ecclesiae,
969 1153 1037 1181 Mar-

331 1203 418 1236 tinus.
436 1208 529 1230 servus
548 1207 686 1230 servorum
705 1199 749 1227 Dei
769 1200 879 1227 sanetae
910 1198 967 1226 eius
995 1205 1038 1225 ca·

333 1247 450 1277 thelicae
469 1248 496 1275 et
516 1245 680 1283 apostolicae
699 1251 826 1273 romanae
839 1243 970 1272 Ecoiesiae
982 1243 1037 1279 epi·

333 1299 440 1328 scopus.

336 1363 558 1399 Universitatis
590 1362 694 1410 opifex
737 1361 894 1395 Dominus
933 1367 1039 1394 noster

290 1414 378 1449 Iesus
398 1413 564 1456 Christus,
587 1424 658 1446 cnm
690 1410 779 1445 initio
802 1410 961 1444 hominem
987 1409 1038 1443 fe-

288 1464 408 1507 cisset,
434 1461 473 1497 ad
507 1461 637 1496 tutelam
671 1461 738 1494 eius
766 1459 845 1494 vitae
874 1459 1036 1506 proprium

287 1513 348 1559 ipsi
365 1511 493 1557 largitus
515 1519 562 1545 est
584 1509 765 1544 mandatum
790 1508 986 1554 praecipiens
1007 1508 1036 1541 id

288 1562 468 1596 nullatenus
489 1559 676 1606 transgredi,
698 1571 737 1593 ne
764 1558 931 1592 solutionis
953 1569 1037 1591 man—

288 1611 353 1646 dati
384 1610 521 1645 fructum
553 1608 727 1656 perciperet
751 1607 909 1655 propriam
931 1606 1038 1641 disso-

287 1660 451 1700 lutionem,
474 1659 564 1701 idest,
579 1666 730 1695 mortem:
750 1657 834 1705 quod
857 1669 928 1690 curn
951 1656 1037 1690 acci-

288 1709 398 1750 disset,
425 1708 579 1743 innotuit:
607 1715 642 1742 ut
663 1719 774 1742 omnes
798 1706 909 1740 timore
926 1705 1038 1739 Domi-

291 1771 367 1793 num
401 1758 558 1798 timerent,
585 1769 643 1791 nec
672 1756 808 1803 amplius
835 1755 873 1789 ad
899 1754 1036 1789 mandati

288 1808 586 1855 praevaricationem
609 1806 700 1841 facile
722 1813 910 1852 caperentur
931 1816 948 1838 a
969 1804 1038 1837 dia-

288 1857 386 1900 bolo,
407 1857 459 1903 qui
482 1868 540 1891 nos
569 1856 714 1902 primitus
736 1854 922 1901 decepisset.
947 1852 1037 1887 Unde

287 1906 470 1941 humaniter
491 1906 582 1940 saluti
601 1905 668 1951 ipse
683 1912 806 1938 nostrae
831 1902 1036 1949 prospiciens,

289 1955 474 1990 inimicitias
500 1954 605 2001 posuit
623 1954 705 1988 inter
732 1965 789 1987 nos
824 1961 854 1987 et
876 1964 960 1993 eum,
983 1953 1035 1998 qni

290 2004 473 2044 fefellisset,
501 2015 617 2050 easque
643 2002 742 2037 voluit
766 2013 921 2049 perennes
951 2013 1035 2035 esse:

290 2066 370 2101 quas
398 2053 565 2088 artificiose
591 2064 729 2098 augens,
758 2064 829 2086 cum
859 2051 1038 2085 incarnatus

290 2103 396 2138 Homo
410 2102 586 2137 secundum
606 2113 663 2136 nos
677 2102 778 2136 faetus
804 2109 862 2141 est,
885 2099 1038 2134 clamabat

291 2152 418 2187 dicens:
432 2152 502 2186 Non
517 2151 587 2186 veni
601 2162 709 2198 pacem
727 2151 850 2184 mittere
866 2150 896 2183 in
912 2156 1037 2190 terram,

292 2201 349 2237 sed
370 2201 509 2248 gladium
527 2204 590 2245 (a);
611 2201 666 2235 has
686 2200 738 2247 qui
757 2212 818 2234 non
841 2199 965 2245 accipit,
984 2199 1037 2232 ini—

292 2251 377 2286 mico
410 2251 491 2285 vitae
525 2258 649 2285 nostrae
682 2249 807 2284 diabolo
835 2248 967 2284 omnino
1005 2248 1038 2282 lit

292 2299 414 2335 amicus
429 2326 438 2341 ,
476 2299 654 2334 inimicitias
676 2299 800 2334 solvens
816 2325 824 2339 ,
852 2310 930 2346 quas
957 2297 1039 2331 inter

293 2361 352 2384 nos
373 2357 403 2384 et
424 2349 526 2394 ipsum
553 2348 709 2383 Dominus
731 2348 847 2395 posuit,
875 2347 1039 2381 deficiens-

293 2410 356 2445 que
372 2410 390 2433 a
416 2397 483 2432 Deo
509 2398 631 2432 vivente
654 2410 708 2444 per
729 2405 894 2444 peccatum
923 2397 1038 2430 morti—

293 2448 418 2488 ficatur,
440 2459 502 2494 quo
531 2447 694 2482 hominnm
717 2454 827 2481 natura
849 2447 879 2480 in
902 2446 1036 2493 seipsam

293 2505 410 2532 armata
431 2504 490 2541 est,
509 2504 540 2531 et
565 2495 783 2531 affectionibus
804 2496 1037 2542 corrumpitur:

292 2558 386 2593 quam
419 2553 561 2586 naturam
594 2546 760 2593 pacificare
795 2545 903 2580 volens
940 2544 1039 2591 ipsius

292 2595 408 2642 opifex,
430 2595 606 2642 proprium,
622 2602 655 2629 ut
669 2594 789 2629 dictum
805 2602 863 2639 est,
878 2595 910 2628 in
926 2602 1038 2628 terram

292 2644 463 2685 adveniens
477 2644 617 2691 gladium
645 2643 744 2685 dedit,
766 2644 819 2691 qui
841 2643 1038 2690 evangelicae

342 2723 383 2760 (1)
400 2724 437 2750 Ex
453 2723 517 2751 edit.
534 2723 607 2751 card.
628 2722 744 2751 Carasae.
783 2722 823 2759 (a)
839 2722 932 2750 Matth.
956 2723 998 2751 lO·

1084 736 1202 781 gelicae
1232 734 1472 782 praedicationis
1486 745 1589 768 sermo
1612 731 1753 767 creditus
1773 741 1832 774 est,

1085 793 1117 818 ut
1143 797 1215 819 cum
1242 784 1419 830 sapientia,
1447 790 1477 817 et
1499 783 1559 816 lide
1591 789 1736 816 tueamur
1764 782 1833 815 eius

1084 833 1240 877 domum,
1277 833 1461 868 catholicam
1494 843 1608 877 nempe
1636 830 1830 870 Ecclesiam.

1084 882 1248 929 integram,
1271 890 1364 929 atque
1391 882 1620 915 immaculatam
1643 880 1682 914 ab
1706 880 1754 924 iis,
1777 880 1831 926 qui

1083 944 1150 966 eam
1173 932 1288 966 violare
1310 943 1347 965 30
1373 931 1495 965 laedere
1518 937 1698 976 properant,
1721 941 1832 963 neces-

1083 981 1164 1016 sario
1187 981 1274 1015 vobis
1309 988 1419 1014 notum
1447 979 1590 1022 facimus,
1614 978 1741 1012 iubente
1762 990 1831 1012 ma-

1082 1030 1165 1065 xime
1200 1030 1260 1064 hoc
1289 1041 1347 1064 nos
1384 1028 1486 1063 facere
1510 1028 1578 1074 ipso
1605 1027 1741 1061 Domino
1776 1039 1832 1074 per

1084 1079 1273 1127 prophetam
1296 1079 1473 1113 dicentem:
1496 1076 1731 1117 Consolamini,
1754 1088 1831 1110 con-

1082 1129 1248 1169 solamini,
1276 1127 1480 1163 consolamini
1516 1126 1667 1173 populum
1700 1137 1830 1169 meum,

1081 1178 1157 1213 dicit
1180 1178 1335 1213 Dominus
1356 1191 1362 1212 :
1391 1176 1570 1211 sacerdotes
1596 1175 1759 1222 loquimini
1791 1175 1830 1209 ad

1081 1240 1135 1263 eor
1155 1227 1337 1267 Ierusalem,
1360 1226 1563 1261 consolamini
1587 1237 1654 1259 eam
1683 1224 1755 1271 qnia
1776 1224 1829 1258 im·

1083 1278 1161 1324 pleta
1185 1286 1232 1312 est
1254 1276 1430 1311 humiliatio
1453 1275 1521 1309 eius
1543 1277 1595 1318 (a).
1617 1274 1696 1308 Nam
1716 1274 1754 1313 is,
1776 1273 1830 1320 qui
1860 1285 1869 1298 ⁵
1891 1285 1896 1296 ¹

1081 1335 1187 1373 pastor
1208 1327 1276 1362 eius
1291 1334 1419 1361 vocatus
1433 1333 1490 1368 est,
1507 1332 1644 1359 mutatus
1665 1330 1712 1357 est
1730 1323 1759 1357 in
1779 1323 1830 1357 lu-

1082 1389 1169 1422 pum,
1191 1387 1323 1422 eamque
1346 1374 1510 1409 humiliare
1533 1382 1663 1408 conatus
1687 1380 1751 1413 est,
1775 1384 1830 1418 per

1080 1438 1139 1465 ea,
1175 1437 1256 1472 quae
1293 1425 1388 1471 impie
1431 1423 1462 1457 in
1495 1435 1553 1457 nos
1586 1422 1827 1468 dogmatizavit:

1080 1475 1199 1521 quippe
1230 1473 1283 1521 qui
1316 1473 1484 1508 coelestem
1522 1484 1658 1519 panem,
1685 1471 1739 1517 qui
1775 1483 1830 1518 per

1080 1536 1205 1558 carnem
1230 1524 1262 1558 in
1294 1530 1408 1557 terram
1441 1521 1479 1556 ad
1503 1534 1561 1555 nos
1594 1521 1741 1561 advenit,
1764 1532 1828 1555 non

1856 325 1907 351 An.
1931 323 1959 350 C.
1988 324 2038 350 salt)

1858 391 1948 412 Dixiniv·
1975 398 2038 409 *7:²⁸*

1857 426 1975 446 danti-*iis
2009 425 2041 445 ‹s-

1858 461 1885 481 've'
1897 468 1938 482 trs,

1080 1573 1227 1620 apposuit
1245 1572 1335 1607 vobis
1353 1572 1474 1606 sincere
1489 1583 1524 1605 ac
1544 1571 1610 1604 sine
1627 1570 1829 1604 innovatione
1863 1580 1887 1618 .n‘
1901 1571 1949 1618 ω’(
1981 1607 2032 1618 Η

1080 1635 1111 1656 m
1134 1622 1240 1657 cibum
1256 1650 1265 1666 ,
1288 1631 1319 1657 et
1352 1630 1461 1669 potum
1485 1620 1524 1654 ad
1550 1620 1645 1654 vitam
1667 1627 1825 1653 aeternam

1080 1684 1135 1718 per
1156 1672 1360 1719 apostolicam
1385 1678 1609 1717 paternamque
1636 1669 1828 1709 doctrinam3

1080 1721 1133 1755 sed
1165 1721 1312 1768 apposuit
1345 1720 1451 1755 cibum
1491 1719 1733 1766 aegyptiacum⁷
1762 1718 1829 1752 sive

1081 1771 1257 1805 doctrinam
1297 1770 1514 1813 haereticam,
1549 1780 1629 1815 quae
1663 1768 1828 1813 inquinare

1080 1820 1160 1854 solet
1189 1832 1252 1854 non
1281 1819 1467 1854 confirmare
1495 1829 1549 1852 cor
1576 1817 1727 1851 hominis.
1751 1816 1829 1850 Stu-

1080 1869 1148 1903 duit
1170 1869 1255 1903 enim
1274 1881 1337 1904 non
1360 1868 1462 1902 solum
1482 1867 1572 1901 initio
1598 1866 1827 1913 propositionis
1861 1861 1901 1916 {¹¹
1933 1869 1959 1881 ”¹¹

1079 1930 1165 1959 snae,
1188 1919 1345 1953 turbidam
1361 1917 1671 1965 inquinamentorum
1694 1927 1824 1949 suorum

1080 1968 1295 2002 confusionem
1330 1979 1386 2014 per
1414 1968 1518 2001 literas
1544 1978 1617 2000 suas
1652 1965 1724 1999 huic
1747 1977 1828 2011 apo-

1079 2018 1206 2051 stolicae
1228 2017 1293 2052 sedi
1313 2017 1492 2063 imponere,
1514 2015 1605 2049 sicuti
1626 2014 1665 2049 ab
1687 2027 1723 2048 eo
1738 2026 1828 2048 com-

1080 2067 1185 2101 missis
1207 2066 1418 2114 apocrisariis,
1440 2065 1576 2099 Pithano
1602 2064 1774 2111 episcopo,
1795 2071 1826 2097 et

1080 2116 1201 2161 ignatio
1234 2116 1366 2150 diacono
1388 2123 1453 2149 tum
1476 2126 1581 2149 coram
1604 2113 1825 2154 ostendimus3

1080 2165 1134 2200 sed
1158 2177 1241 2200 nunc
1263 2176 1390 2212 quoque
1413 2163 1573 2198 doctrinae
1595 2174 1669 2197 suae
1691 2174 1827 2197 coenum

1081 2226 1195 2261 augere
1214 2227 1221 2248 :
1260 2214 1384 2249 tametsi
1433 2213 1645 2261 praefatorum
1687 2211 1825 2245 virorum

1080 2263 1204 2298 hortatu
1220 2263 1430 2298 absurditates
1444 2263 1524 2307 eius,
1538 2270 1569 2297 et
1590 2273 1713 2296 errores
1735 2268 1826 2295 notos

1081 2314 1108 2349 ei
1140 2313 1344 2354 fecissemus,
1373 2324 1410 2347 30
1441 2319 1601 2360 praeterea
1628 2311 1827 2345 misissemus

1081 2362 1262 2410 exemplum
1298 2362 1452 2397 formulae
1480 2361 1641 2396 doctrinae
1669 2371 1759 2394 verae
1790 2371 1826 2394 ae

1081 2412 1236 2457 salutaris,
1251 2423 1331 2459 quae
1352 2411 1443 2446 nobis
1469 2410 1581 2445 tradita
1604 2417 1651 2444 est
1673 2421 1689 2443 3
1712 2408 1827 2443 sanctis

1082 2461 1248 2509 apostolis,
1271 2469 1302 2496 et
1321 2460 1550 2509 probatissimis
1575 2458 1737 2493 Ecclesiae
1765 2457 1828 2491 Pa-

1082 2511 1201 2546 tribus:
1230 2519 1263 2546 ut
1283 2510 1315 2546 id
1338 2510 1469 2545 firmiter
1491 2510 1639 2553 intuens,
1667 2507 1827 2555 propriam

1082 2560 1271 2595 sententiam
1305 2560 1486 2607 corrigeret.
1531 2558 1587 2592 Ine
1622 2569 1695 2592 vero
1732 2557 1827 2590 etiam

1084 2618 1153 2657 post
1189 2611 1401 2657 cognitionem
1436 2608 1574 2644 veritatis
1608 2619 1668 2641 non
1711 2605 1829 2639 audivit

1082 2659 1241 2695 dicentem
1262 2672 1269 2693 :
1303 2659 1432 2695 Initium
1478 2656 1646 2706 superbiae
1689 2655 1828 2690 hominis

1118 2720 1157 2757 (a)
1173 2721 1232 2748 lsai.
1259 2722 1303 2749 110.

1861 1977 1911 1990 suns
1940 1970 2043 1990 eiurari-t*
