2237 3127
152 304 204 332 An.
237 305 264 333 C.
287 308 339 334 730

148 726 189 747 ’,ΓΠ
220 735 271 755 ΙΙΙῚΙ.
298 726 331 747 (Ιί·

148 761 229 783 ιἰηιιίιιε
249 762 331 784 haerc-

147 797 214 826 tit-un,
232 801 252 819 et
272 806 329 828 qun-

141 1357 171 1378 De
217 1357 325 1379 Germano

172 1394 296 1421 patriarcha

155 1428 314 1450 Constantino-

170 1465 281 1494 politann.

133 2144 164 2166 De
182 2144 319 2168 Constantini

132 2180 224 2202 iunioris
241 2181 317 2204 humi-

130 2215 203 2246 litate,
243 2222 265 2240 et
297 2218 318 2240 in

159 2252 304 2276 observandis

155 2290 302 2312 conciliorum

132 2327 228 2352 decretis
245 2331 315 2353 sinte-

131 2366 205 2388 ritate.

415 308 486 341 2022

365 372 535 420 Expediitt
561 370 628 411 tibi,
656 370 836 417 imperator,
873 369 997 403 duobus
1034 381 1113 415 pro-

367 421 486 468 positis,
511 428 543 454 ut
570 419 746 454 haereticus
774 419 889 465 potius,
916 430 1009 465 quam
1041 430 1113 474 [ιρι-

364 479 501 510 secutor,
533 477 563 503 et
599 480 725 503 eversor
751 468 970 507 historiarum,
999 475 1029 501 et
1062 468 1113 514 pi-

363 527 543 559 cturarum,
585 526 615 552 ct
659 517 831 564 imaginum
865 528 895 551 et
929 517 1110 563 passionum

363 568 489 603 Domini
517 567 729 614 appellareris.
759 567 799 601 Ar
826 567 877 614 qui
907 566 1023 601 malum
1052 575 1110 608 est,

361 618 555 664 minimeque
589 616 813 660 commodum,
851 625 879 651 te
915 615 1109 651 haereticum

359 666 527 714 appellari:
557 678 662 701 verum
691 666 745 700 tibi
773 678 832 711 ego
860 664 990 700 referam
1014 678 1107 712 quam

359 716 399 751 ob
438 728 576 751 causam.
620 715 806 750 Haereticus
848 723 942 749 notus
984 714 1109 759 dicitur,

359 766 468 812 paucis
490 774 536 800 est
558 773 665 803 notus,
689 773 719 799 et
743 777 803 798 non
832 764 956 798 multis:
984 772 1014 798 et
1041 764 1109 799 dif-

357 815 449 850 ficilia
470 823 543 849 sunt
565 814 767 853 offendicula,
795 815 1035 860 sententiaeque
1059 814 1108 848 in-

357 864 498 909 tricatae,
522 875 625 911 ncquc
647 864 811 898 diiudicari
841 863 929 898 l'aeile
958 871 1106 909 possunt:

357 914 496 960 itemque
528 914 581 961 qui
615 913 787 948 doctrinam
810 921 973 959 spargunt,
996 921 1026 947 et
1053 913 1105 959 qui

358 963 532 998 humilitate
565 963 696 1010 praediti
735 975 796 996 non
830 971 914 1003 sunt,
943 962 982 997 ob
1006 962 1107 1009 impe—

358 1012 471 1056 ritiam,
491 1020 585 1059 atque
612 1012 792 1047 coecitatem
827 1012 967 1058 ipsorum
1002 1012 1105 1046 statim

357 1062 521 1096 labuntur:
559 1074 660 1108 neque
695 1062 768 1095 tanti
797 1062 937 1096 criminis
966 1061 1008 1095 illi
1032 1070 1105 1096 suut

356 1111 465 1158 quanti
489 1120 519 1146 ιιι
541 1111 723 1145 damnandi.
748 1111 794 1145 Tu
818 1123 853 1145 ea
881 1123 961 1158 quae
978 1112 1104 1157 cognita

355 1169 442 1205 sunt,
474 1169 504 1195 et
537 1168 687 1208 spectata,
711 1168 743 1194 ut
771 1160 889 1199 lumen,
924 1168 1032 1207 aperte
1056 1161 1105 1195 iu-

355 1217 492 1245 sectatus
522 1223 567 1251 es,
602 1217 632 1244 et
657 1210 806 1244 ccclesias
836 1210 891 1243 tii-i
920 1209 1101 1244 denudasti:

353 1271 433 1306 quas
446 1260 543 1295 sancti
556 1258 664 1294 Patres
677 1259 889 1299 investiri-aut,
902 1267 931 1293 ct
943 1268 1102 1303 ornarant,

354 1317 386 1344 tu
408 1309 546 1356 spoliasti
562 1316 654 1356 atque
669 1308 855 1349 denudasti3
875 1309 995 1343 tametsi
1011 1309 1101 1343 talem

354 1358 491 1393 habebas
529 1358 733 1406 pontificem,
773 1358 936 1392 domiuum
974 1358 1102 1405 inquam

352 1408 548 1443 Germanum
565 1408 688 1443 fratrem
713 1416 867 1452 nostrum,
886 1416 916 1442 et
934 1409 1103 1443 commini-

351 1465 462 1493 strum.
491 1458 594 1493 lluius
622 1457 760 1492 debebas
796 1465 956 1504 tamquam
993 1458 1101 1504 patris,

351 1519 387 1542 ac
421 1507 570 1552 doctoris,
597 1515 627 1542 ct
655 1516 811 1554 tamquam
841 1507 985 1546 senioris,
1020 1507 1103 1541 mul-

353 1565 446 1603 taque
468 1569 571 1592 rerum
595 1569 667 1591 cum
690 1557 974 1591 ecclesiasticarum
991 1583 1000 1600 ,
1036 1565 1100 1591 tum

350 1606 491 1641 civilium
531 1606 725 1653 experientia
767 1606 925 1652 pollentis,
962 1606 1101 1640 consiliis

350 1655 580 1702 obtemperare.
616 1655 744 1689 Annum
779 1655 894 1689 etenim
922 1656 985 1701 agit
1009 1656 1101 1689 hodie

350 1705 397 1738 vir
423 1705 474 1739 ille
502 1705 743 1750 nonagesimum
772 1705 930 1751 quintum,
966 1705 1100 1750 singulis

351 1754 554 1800 patriarchis,
581 1763 611 1788 et
638 1754 880 1801 imperatoribus
908 1754 1097 1789 inserviens:

350 1812 566 1851 perpetuoque
583 1803 640 1837 suit
654 1811 837 1850 occupatus,
850 1803 934 1850 quod
960 1804 1100 1850 utrisque

351 1853 443 1887 rebus
457 1853 604 1899 gerendis
620 1853 748 1887 mirilice
763 1853 847 1887 utilis
857 1861 886 1887 et
899 1861 991 1899 aptus
1006 1863 1097 1887 esset.

349 1901 439 1936 lllum
463 1903 556 1948 igitur
568 1903 727 1942 omittens,
744 1902 829 1937 lateri
849 1911 902 1937 tuo
919 1903 1097 1949 improbum

349 1951 436 1985 illum
451 1952 624 1999 Ephesium
645 1952 801 1999 Apsimari
819 1952 929 1993 lilium,
945 1952 1098 1999 cuiusque

349 2000 469 2036 similes
483 2001 608 2036 audisti.
632 2002 712 2036 Cum
735 2001 818 2035 euim
848 2001 995 2036 domiuus
1018 2001 1098 2037 Ger-

349 2062 473 2093 manus,
499 2051 616 2098 quique
649 2059 714 2085 tum
751 2051 900 2098 temporis
923 2051 1097 2099 patriarcha

349 2107 415 2134 erat
456 2100 606 2135 (lominus
633 2100 805 2146 Gregorius
847 2101 1096 2147 suggessissent,

349 2150 641 2197 persuasissentque
668 2150 877 2185 Constantino
916 2150 1097 2185 Constantis

350 2198 425 2242 filio,
445 2198 609 2233 Iustiniani
634 2200 732 2246 patri,
762 2208 794 2234 ut
816 2200 950 2234 Romam
978 2200 1016 2234 ad
1041 2213 1098 2235 nos

349 2247 511 2288 scriberet,
553 2249 597 2283 sic
641 2249 823 2294 interposito
866 2249 931 2283 iure
966 2249 1097 2284 iurando

349 2297 475 2344 scripsit
496 2297 534 2332 ad
558 2310 632 2338 nos,
654 2306 685 2332 et
707 2298 870 2332 nobiscum
894 2299 955 2345 egit
970 2327 978 2336 ,
1005 2308 1037 2333 ιιι
1059 2299 1095 2333 ad

350 2346 559 2382 universalem
572 2347 728 2394 synodum
743 2348 996 2394 congregamlam
1016 2349 1097 2383 ιιι-05

349 2396 441 2430 utiles
458 2396 672 2431 mitteremus:
691 2409 791 2443 neque
806 2410 876 2431 cum
895 2397 966 2441 illis,
984 2398 1096 2445 inquit,

348 2452 509 2493 tamquam
525 2445 696 2494 imperator
710 2446 839 2490 sedebo,
855 2455 906 2481 aut
929 2448 1096 2494 imperiose

348 2494 473 2541 loquar,
507 2495 562 2530 sed
597 2504 745 2542 tanquam
776 2508 855 2530 unus
891 2508 928 2531 ex
958 2497 1035 2538 illis3
1067 2505 1096 2532 et

348 2552 440 2589 prout
465 2545 630 2579 statuerint
657 2546 823 2592 pontifices
838 2573 846 2586 ,
869 2558 927 2591 ego
949 2558 1095 2593 exequar,

347 2601 377 2627 ct
398 2605 454 2628 eos
476 2594 529 2641 qui
553 2602 636 2630 reete
668 2595 840 2642 loquuntur
873 2596 1095 2637 admittemus,

346 2654 463 2689 eosque
485 2643 538 2690 qui
562 2644 643 2678 male
671 2645 854 2691 loquuntur,
889 2645 1095 2692 expellemus,

346 2699 377 2738 et
408 2692 510 2728 exiliis
548 2693 768 2741 relegabimus.
803 2694 836 2730 Si
876 2702 964 2742 pater
1006 2707 1096 2731 meus

962 315 1061 337 BULtA
1068 314 1148 338 uma!
1172 314 1262 337 ROMA
1269 315 1333 337 NCM

1155 368 1315 415 quidpiam
1340 381 1375 401 ex
1400 368 1581 401 intemerata
1606 379 1747 413 puraque
1762 366 1822 403 lide
1838 381 1905 415 per-

1156 418 1292 458 verterit,
1309 430 1366 461 ego
1385 417 1504 464 prunus
1519 416 1605 451 illum
1622 417 1902 453 anathematizabo:

1155 475 1220 501 tum
1244 479 1301 501 nos
1324 466 1389 500 Deo
1414 466 1494 501 bene
1524 465 1648 500 volente
1684 465 1842 508 misimus;
1871 477 1901 502 et

1153 528 1225 551 eum
1263 528 1337 563 paee
1372 523 1458 549 sexta
1480 513 1632 562 'synodus
1667 514 1821 550 celebrata
1844 525 1900 551 est.

1152 566 1224 600 Seis
1247 566 1415 611 imperator
1438 572 1562 599 sanctae
1579 564 1740 599 Ecclesiae
1755 564 1902 610 dogmata

1153 627 1215 650 non
1240 615 1463 661 inmetatorum
1500 625 1580 658 esse,
1615 614 1670 648 sed
1706 614 1902 660 pontificum,

1151 676 1231 710 quae
1274 672 1339 698 tuto
1381 663 1498 698 debent
1532 663 1744 709 dogmatizari.
1779 663 1903 700 Idcirco

1150 713 1303 748 Ecclesiis
1327 713 1495 760 praepositi
1521 720 1595 748 sunt
1618 712 1782 759 pontifices
1804 725 1819 748 a
1839 714 1903 748 rei-

1152 762 1294 809 publicae
1318 763 1451 809 negotiis
1472 762 1678 804 abstinentes,
1701 770 1732 796 et
1759 762 1900 810 impera-

1151 821 1232 847 tores
1265 824 1340 858 ergo
1366 811 1509 847 similiter
1531 812 1570 846 ab
1597 811 1817 847 ecclesiasticis
1843 813 1902 847 ab·-

1149 862 1296 903 stineant,
1333 869 1361 896 et
1392 871 1477 908 'quae
1513 861 1572 895 sibi
1608 861 1776 896 commissa
1814 871 1901 905 sunt,

1149 919 1325 958 capessant.
1352 910 1529 945 Consilium
1544 919 1647 945 autem
1663 910 1782 946 Christi
1797 923 1901 947 aman-

1149 961 1239 1005 tium,
1263 961 1547 1007 imperatorum,et
1562 960 1686 1007 piorum
1710 960 1896 1008 pontificum

1150 1010 1247 1044 virtus
1283 1018 1330 1044 est
1365 1022 1437 1050 una,
1460 1010 1587 1057 quando
1609 1022 1680 1045 cum
1705 1022 1780 1057 pace
1801 1018 1897 1058 atque

1148 1060 1296 1094 charitate
1329 1072 1378 1094 res
1410 1060 1680 1094 administrantur.
1723 1059 1899 1107 Scripsisti,

1148 1117 1179 1143 ut
1221 1109 1390 1144 concilium
1435 1109 1609 1144 universale
1651 1117 1832 1155 cogeretur:
1869 1118 1900 1146 et

1147 1158 1238 1193 nobis
1263 1159 1383 1193 inutilis
1410 1172 1444 1193 ea
1474 1172 1523 1193 res
1545 1159 1609 1193 visa
1631 1167 1688 1193 est.
1712 1159 1760 1194 Tu
1789 1171 1900 1206 perse-

1146 1217 1236 1242 cutor
1251 1221 1283 1243 es
1297 1208 1468 1256 imaginum
1482 1218 1511 1243 et
1526 1209 1623 1243 hostis
1636 1209 1898 1251 contumeliosus,

1146 1266 1175 1291 et
1197 1270 1338 1292 eversor:
1374 1269 1479 1299 cessa,
1509 1258 1598 1292 nobis
1636 1258 1695 1292 hoc
1723 1258 1836 1304 largire
1864 1266 1898 1294 ut

1146 1314 1266 1341 taceas:
1288 1308 1368 1341 Tum
1394 1307 1531 1342 mundus
1556 1319 1632 1354 pace
1660 1306 1850 1354 perfruetur,
1868 1316 1899 1344 et

1145 1357 1290 1391 seandala
1307 1357 1487 1391 cessabunt.
1512 1357 1612 1403 Finge
1628 1369 1686 1391 nos
1708 1365 1737 1392 te
1759 1357 1897 1402 audisse,

1144 1418 1181 1440 ex
1206 1407 1350 1441 universo
1369 1415 1520 1441 terrarum
1543 1407 1618 1441 orbe
1641 1406 1806 1454 pontifices
1821 1419 1900 1442 con-

1144 1465 1289 1501 gregatos
1325 1469 1393 1490 esse
1416 1464 1637 1503 senatumque,
1667 1468 1702 1491 ac
1725 1455 1896 1492 consilinm

1144 1506 1263 1540 sedisse
1299 1506 1350 1539 ubi
1384 1514 1429 1541 est
1466 1506 1584 1541 Christi
1607 1514 1738 1550 amator,
1765 1518 1801 1541 ac
1826 1507 1897 1553 pius

1145 1555 1324 1601 imperator,
1347 1556 1399 1602 qui
1429 1555 1467 1591 de
1490 1567 1576 1590 more
1601 1555 1630 1589 in
1654 1564 1763 1590 senatu
1785 1556 1897 1591 sedere

1144 1604 1248 1645 debet,
1284 1613 1314 1639 et
1349 1605 1479 1652 eosqui
1509 1613 1591 1639 recte
1613 1605 1798 1652 loquuntur,
1827 1619 1897 1640 mu-

1144 1655 1260 1695 nerari,
1293 1667 1411 1701 eosque
1434 1655 1486 1702 qui
1509 1654 1609 1689 aliena
1633 1667 1648 1688 a
1673 1655 1799 1689 veritate
1828 1655 1897 1690 bla-

1145 1712 1257 1748 terant,
1280 1704 1461 1743 emendare,
1490 1717 1561 1738 euin
1591 1712 1621 1738 tu
1649 1704 1819 1751 imperator
1842 1718 1897 1739 ra-

1143 1753 1241 1797 cilles,
1260 1765 1294 1787 ac
1318 1753 1466 1788 barbaros
1490 1753 1642 1788 imiteris?
1664 1754 1732 1787 'Non
1756 1754 1896 1789 animad-

1144 1803 1235 1836 vertis
1256 1803 1339 1837 hune
1363 1811 1449 1837 tumn
1474 1810 1633 1845 conatum,
1657 1816 1720 1849 quo
1743 1803 1895 1839 adversus

1143 1852 1294 1898 imagines
1332 1852 1540 1894 insurrexisti,
1568 1852 1686 1887 facinus
1720 1866 1789 1886 esse
1826 1860 1895 1888 tnr-

1143 1901 1320 1944 bulentum,
1336 1910 1366 1936 et
1381 1902 1519 1937 insolens
1542 1910 1572 1936 et
1594 1901 1789 1949 superbum?
1811 1901 1893 1937 Cum

1141 1951 1300 1986 Ecclesiae
1319 1952 1375 1986 Dei
1399 1952 1458 1986 alta
1482 1964 1557 1999 pace
1575 1952 1764 1996 fruerentur,
1784 1960 1815 1986 tu
1832 1965 1893 1999 pu-

1140 2013 1229 2047 gnas,
1249 2009 1277 2035 et
1294 2001 1376 2042 odia,
1391 2008 1422 2035 et
1437 2001 1582 2036 scaudala
1596 2001 1764 2036 suscitasti.
1782 2000 1892 2046 Cossa,

1140 2057 1170 2084 et
1192 2051 1330 2096 quiesce,
1354 2059 1418 2084 tum
1443 2051 1561 2098 synodo
1578 2051 1706 2085 minime
1726 2064 1806 2097 opus
1820 2052 1890 2086 erit.

1141 2099 1251 2134 Seiibe
1273 2100 1310 2134 ad
1334 2112 1458 2139 omnes,
1482 2109 1512 2134 et
1536 2100 1565 2134 in
1589 2113 1804 2147 quiscumque
1841 2113 1893 2135 ie-

1139 2149 1249 2193 gioues
1271 2149 1355 2183 oibis
1375 2158 1540 2193 terr-n·,um
1562 2149 1678 2197 quibus
1699 2149 1892 2185 oll'endiculo

1139 2184 1454 2238 luisti,(1t1mam¹m
1485 2199 1892 2254 patriarchamConstanti-

1140 2248 1369 2294 nopolitanum,
1393 2257 1421 2283 et
1444 2248 1483 2283 Gi
1484 2249 1634 2295 ·egoiium
1660 2261 1769 2296 papam
1789 2261 1889 2284 roma-

1140 2310 1214 2331 num
1245 2298 1326 2332 circa
1351 2278 1528 2343 imaginesO
1526 2311 1689 2345 peccasse:
1719 2307 1748 2332 et
1771 2311 1828 2334 nos
1849 2299 1889 2334 ab

1140 2347 1196 2381 hac
1231 2359 1304 2381 cura
1338 2347 1480 2394 quietum
1509 2356 1538 2382 te
1567 2348 1815 2394 praestabinms,
1851 2360 1891 2383 ne

1139 2404 1314 2443 peccatum,
1338 2405 1390 2431 aut
1413 2397 1518 2444 lapsus
1550 2398 1633 2432 ullus
1655 2398 1694 2432 sit
1718 2405 1893 2442 tuus,‘ut-

1139 2453 1222 2492 pote,
1246 2447 1299 2492 qui
1325 2458 1341 2480 a
1364 2446 1430 2480 Deo
1456 2454 1656 2493 potestatem,
1680 2455 1710 2481 et
1732 2447 1891 2488 coelestia,

1138 2503 1168 2530 et
1200 2503 1321 2530 tenena
1357 2496 1498 2530 solvendi
1534 2497 1760 2551 accepeiimus.
1783 2495 1889 2531 Testis

1138 2552 1184 2580 est
1205 2545 1292 2579 Deus
1313 2557 1530 2592 quascumque
1546 2545 1655 2580 misisti
1678 2546 1716 2580 ad
1741 2557 1797 2580 nos
1820 2545 1891 2593 epi-

1138 2594 1245 2635 5ιοΙι5,
1268 2595 1397 2629 aniibns
1420 2595 1635 2642 cordibusque
1662 2607 1771 2641 regum
1800 2595 1891 2630 occi-

1138 2645 1241 2679 dentis
1264 2643 1449 2690 obtulimus,
1471 2656 1580 2692 pacem
1605 2645 1727 2679 illorum
1764 2645 1818 2679 tibi
1854 2656 1891 2679 ac

1139 2693 1393 2729 benevolentiam
1437 2694 1643 2730 conciliantes
1685 2702 1779 2742 teque
1820 2693 1891 2732 tau-

1942 317 1995 345 ΛΠ.
2027 318 2054 346 C.
2077 319 2128 347 730

1939 724 2052 748 Ecclesiae
2069 725 2125 757 ‹lng-

1939 764 1996 782 mata
2029 770 2071 784 nnn
2098 763 2124 785 nb

1938 795 2107 826 imperatoribus
2117 817 2123 830 ,

1937 831 1974 854 scd
1992 839 2004 854 a
2026 835 2124 857 Pontifi-

1938 868 2001 891 cibus
2018 872 2123 900 proveni-

1937 906 1960 927 1‘0
1972 905 2062 929 debent.

1938 963 1969 985 De
1980 971 2032 986 sune
2049 963 2122 988 iuris-

1937 998 2042 1022 dictionis
2072 1000 2122 1023 lini-

1938 1035 1979 1056 bus
1996 1043 2040 1058 nnn
2057 1045 2123 1060 ure-

1936 1070 2040 1095 «lendum.

1931 1556 1993 1584 Quod
2021 1557 2051 1580 sit
2077 1558 2104 1580 im
2111 1572 2117 1576 ·

1931 1593 2041 1622 perator-is
2097 1595 2117 1616 in

1932 1629 2036 1652 conciliis
2069 1639 2118 1653 mu-

1931 1667 1983 1683 nus.

1927 2092 1986 2119 Quae
2034 2092 2113 2115 fecerit

1927 2134 1967 2156 pro
2039 2129 2112 2152 Leone

1928 2171 1981 2193 imp.
2021 2165 2111 2194 Grego-

1928 2199 1972 2221 rius
2005 2208 2109 2224 comme-

1927 2238 2006 2258 inurat.

2230 1241 2237 1693 -Q-——-.-
2233 1196 2237 1225 ,Δ
2229 495 2237 1179 .„‚<*-.---„-—-—...A—.———.--.-..-a⁴.“1„
2234 460 2237 469 Α
