2237 3127
231 277 281 306 An.
297 276 328 306 C.
343 276 397 305 lala&

479 268 525 302 50

430 343 538 378 regere
560 342 623 365 uon
646 338 827 376 possumus,
849 324 910 359 nisi
930 322 1001 367 hos,
1025 323 1077 369 qui
1105 329 1180 376 sunt

432 380 607 429 perditores
640 386 669 412 et
683 375 808 423 perditi,
822 373 888 408 zelo
906 372 977 407 fidei
1005 372 1181 405 dominicae

433 438 672 476 persequamur,
711 433 740 459 et
781 435 797 457 a
824 422 909 457 sanis
937 421 1113 462 mentibus,
1142 431 1181 454 ne

429 477 526 524 pestis
560 476 636 509 haec
658 473 749 508 latius
778 471 974 516 divulgetur,
1005 470 1179 509 severitate,

428 538 490 572 qua
506 536 686 572 possumus,
711 521 944 556 abscindamus.
966 518 1058 553 Unde
1072 518 1181 552 hortor

428 573 629 608 dilectionem
660 579 806 613 vestram,
838 569 977 603 obtestor
1009 575 1039 601 et
1067 579 1180 601 moneo

428 631 463 657 ut
485 634 545 668 qua
578 621 699 655 debetis
734 629 765 654 ct
799 618 928 665 potestis
967 616 1179 651 sollicitudine

427 671 564 717 vigiletis
586 670 625 704 ad
648 666 882 713 investigandos
904 678 969 710 eos,
990 665 1102 699 necubi
1125 677 1180 699 oe—

429 720 568 755 eultandi
592 731 626 753 se
649 718 804 762 reperiant
827 716 1015 750 facultatem.
1030 714 1073 748 Ut
1094 714 1178 748 enim

427 768 558 803 habebit
597 780 614 802 a
652 766 719 800 Deo
762 765 874 810 ingens
916 763 1179 798 remunerationis

427 817 617 865 praemium,
635 816 693 862 ‘qui
715 814 908 859 diligentius,
931 812 1015 859 quod
1037 812 1074 846 ad
1092 812 1178 845 salu-

426 875 490 901 tem
512 865 700 900 commissae
715 863 774 897 sibi
793 862 895 909 plebis
918 861 1069 907 proliciat,
1087 861 1178 894 l'uerit

426 923 614 962 exequutus,
639 914 680 948 ita
708 920 780 947 ante
818 910 956 945 tribunal
989 910 1115 944 Domini
1139 909 1178 944 de

426 973 512 999 reatu
534 962 743 1009 negligentiae
757 974 790 996 se
804 973 866 995 non
883 959 995 1006 poterit
1016 971 1177 998 excusare,

425 1013 616 1060 quicumque
638 1011 761 1057 plebem
778 1021 865 1044 suam
887 1016 993 1042 contra
1009 1008 1178 1052 sacrilegae

424 1060 639 1109 persuasionis
665 1068 809 1094 auctores
840 1057 977 1091 noluerit
1005 1056 1175 1090 custodire.

475 1110 553 1144 Data
577 1122 615 1143 nl
637 1108 696 1143 kal.
726 1108 787 1142 seb.
810 1105 990 1141 Theodosio
1017 1105 1121 1139 XVlll
1147 1113 1177 1140 et

426 1158 547 1194 Albino
569 1158 636 1192 VV.
659 1157 724 1192 CC.
745 1169 825 1191 coss.

518 1215 587 1245 Data
600 1215 646 1244 die
663 1213 833 1244 30ianuarii
847 1221 922 1241 anno
934 1211 1015 1240 Doni.
1029 1211 1065 1240 tt
1075 1212 1097 1248 1,

563 1254 751 1294 pontificatus
774 1253 879 1283 Leonis
902 1261 978 1282 anno
1001 1259 1038 1281 iv.

773 1377 826 1412 VI.

422 1451 597 1486 Nommllas
638 1450 842 1484 dubitationes
869 1461 888 1483 (ι
921 1449 1180 1482 leessatonicensi

470 1502 611 1545 episcopo
630 1501 822 1543 Apostoliccte
850 1498 939 1533 Sedis
967 1499 1081 1531 vicario
1105 1510 1178 1542 pro-

468 1551 589 1595 positas
613 1550 717 1583 diluit.

696 1616 910 1648 SUmtAlttUM

425 1681 454 1711 1.
492 1679 776 1709 Thessalonicenses
811 1679 958 1708 antistites
991 1678 1176 1717 Apostoticae

464 1720 550 1750 Sedis
568 1719 669 1748 vicarii
685 1719 829 1757 perpetui.
846 1735 885 1740 —
900 1718 1032 1748 Inductio
1046 1719 1080 1747 ad
1095 1727 1177 1746 man-

463 1759 663 1789 suetudinem.
689 1775 729 1780 —
753 1758 899 1787 Servanda
932 1758 961 1787 in
994 1757 1176 1787 correctione

463 1799 592 1829 dileetio.
619 1814 659 1820 —
685 1797 881 1827 Correctionis
914 1797 1076 1826 moderatio
1107 1806 1176 1834 erga

465 1838 632 1876 episcopos.
650 1854 690 1859 --
705 1836 838 1866 Narratio
861 1837 938 1867 sacti.
964 1853 1005 1858 ——
1034 1836 1176 1865 violentia

463 1877 494 1907 in
512 1877 721 1915 coepiscopum
739 1877 882 1906 adhibita.
900 1893 940 1898 —
956 1876 983 1905 2.
1005 1875 1175 1915 Metropoli-

465 1916 542 1946 tanis
565 1925 618 1945 sua
642 1917 704 1945 iura
724 1916 876 1945 servanda.
893 1932 933 1937 —
950 1916 979 1945 3.
1011 1915 1119 1949 Quales
1147 1914 1176 1943 in

465 1956 619 1994 episcopos
638 1955 697 1984 sint
714 1955 850 1992 eligendi.
868 1971 908 1976 —
923 1955 951 1983 4.
982 1954 1176 1983 Subdiaconis

464 1994 582 2024 carnale
610 1995 782 2031 coniugium
802 1994 984 2033 prohibetur.
1001 2010 1041 2015 —
1058 1995 1084 2023 5.
1103 1993 1176 2032 Epi-

463 2042 571 2072 scopus
590 2033 663 2062 cleri
682 2038 710 2062 et
728 2034 828 2071 populi
847 2043 995 2062 consensu
1013 2033 1176 2070 eligendus.

461 2090 502 2096 —
517 2072 622 2102 Nullus
641 2073 739 2102 invitis
750 2073 1012 2111 deturepiscopus.
1023 2073 1099 2102 —6.
1113 2072 1177 2110 Epi-

465 2122 622 2150 scoporum
658 2112 818 2141 electiones
849 2113 884 2141 ad
918 2112 1058 2141 ricarium
1093 2112 1176 2141 Sedis

463 2151 651 2190 Apostolicae
666 2152 847 2180 referendae.
866 2168 906 2173 -——
923 2151 977 2186 Qui
991 2152 1040 2180 diu
1054 2161 1110 2180 non
1122 2152 1178 2180 dil'-

465 2191 540 2220 serat
564 2190 684 2227 eligere
702 2207 741 2212 —
758 2190 971 2229 Metropolitani
992 2200 1057 2219 vero
1074 2190 1177 2219 electio

464 2239 517 2268 per
529 2230 684 2268 episcopos
703 2230 738 2258 de
758 2239 903 2258 consensu
924 2231 1023 2267 populi
1043 2230 1176 2259 facienda

464 2273 493 2298 et
524 2278 539 2297 a
572 2268 679 2297 vicario
710 2270 871 2306 apostolico
903 2270 1113 2298 contirmainla.
1139 2285 1179 2291 ——

466 2309 493 2337 7.
511 2307 576 2336 Bini
603 2313 762 2336 conventus
785 2316 837 2345 per
867 2308 999 2344 singulos
1026 2318 1118 2337 annos
1141 2308 1177 2337 ab

465 2347 612 2386 episcopis
645 2346 826 2376 celebrandi.
844 2363 884 2368 —
905 2349 933 2375 ὃ.
958 2347 1119 2386 Episcopus
1142 2348 1177 2377 de

465 2386 591 2415 ecclesia
612 2386 640 2415 in
653 2386 808 2415 ecclesiam
824 2395 880 2415 non
899 2388 1121 2416 tramenta—t).
1135 2386 1178 2415 ln-

464 2426 522 2454 vito
557 2425 694 2464 episeopo
717 2425 846 2454 alienum
866 2425 1004 2454 clericum
1025 2435 1111 2455 nemo
1128 2435 1176 2455 re-

465 2463 709 2502 cipiat.-10.ln
726 2465 884 2493 evocandis
901 2465 1048 2503 episcopis
1073 2466 1176 2494 mode-

465 2503 538 2532 ratio
561 2513 576 2533 a
599 2503 861 2532 'l'liessalonicensi
880 2505 1007 2533 antistite
1027 2505 1177 2533 serrantia.

466 2559 505 2564 —
523 2543 570 2572 tt.
604 2542 810 2572 Contentiones
833 2544 909 2572 inter
927 2544 1080 2581 episcopos
1099 2548 1178 2573 ortae

469 2582 506 2610 ad
540 2590 693 2611 romanum
727 2582 895 2622 pontificem
929 2582 1112 2613 referendae.
1140 2600 1179 2605 -

468 2620 615 2651 I'riinatus
638 2621 726 2652 Petri.

1011 268 1200 293 Romanunm
1227 265 1392 290 ROMANUM

1235 329 1284 358 Leo
1303 327 1443 364 episcopus
1462 326 1538 354 urbis
1556 326 1652 355 Romae
1670 327 1814 357 Anastasio
1833 327 1957 364 episcopo

1468 371 1710 399 Thessalonicensi.

1271 465 1304 496 1.
1323 461 1448 503 Quanta
1472 459 1656 494 fraternitati
1677 467 1748 495 tuae
1761 472 1778 494 a
1795 460 1969 496 beatissimi

1221 510 1305 545 Petri
1327 509 1460 556 apostoli
1487 509 1670 543 auctoritate
1698 509 1762 544 sint
1789 511 1970 552 commissa,

1221 568 1250 593 et
1282 559 1384 606 qualia
1416 559 1508 592 etiam
1541 567 1647 592 nostro
1677 558 1732 592 tibi
1769 557 1873 592 favore
1907 559 1971 594 sint

1221 609 1354 648 credita,
1383 607 1409 641 si
1446 619 1516 641 vera
1549 607 1670 641 ratione
1704 607 1913 653 perspiceres,
1941 616 1972 642 et

1220 657 1302 692 iusto
1328 656 1473 692 examine
1501 655 1703 702 ponderares,
1737 655 1871 690 multum
1895 668 1972 703 pos-

1220 718 1325 740 semus
1348 706 1387 740 de
1400 705 1558 739 iniunctae
1575 705 1629 739 tibi
1645 705 1857 740 solicitudinis
1872 705 1970 740 devo-

1220 755 1458 801 tionegaudere.
1474 754 1631 795 Quoniam
1648 754 1729 788 sicut
1750 765 1969 801 praecessores

1220 804 1280 837 mei
1323 802 1579 850 praecessoribus
1602 803 1685 846 tuis,
1721 803 1760 837 ita
1788 803 1880 837 etiam
1909 815 1968 849 ego

1220 853 1377 888 dilectioni
1404 860 1486 892 tuae,
1522 852 1662 898 priorum
1685 860 1838 899 sequutus
1864 864 1968 887 exem-

1221 902 1304 947 plum
1328 903 1411 936 vices
1446 901 1505 935 mei
1542 901 1767 935 moderaminis
1804 901 1968 946 delegavi:

1221 959 1253 985 ut
1279 963 1399 991 curam,
1424 963 1518 997 quam
1548 950 1700 984 universis
1728 950 1858 984 ecclesis
1884 950 1972 996 prin-

1219 1000 1360 1046 cipaliter
1386 1013 1423 1034 ex
1450 999 1554 1033 divina
1584 999 1779 1034 institutione
1807 999 1971 1044 debemus,

1219 1049 1356 1083 imitator
1397 1057 1520 1083 nostrae
1548 1048 1802 1082 mansuetudinis
1840 1048 1970 1083 effeetus

1219 1098 1394 1142 adiuvares,
1411 1106 1440 1132 et
1452 1097 1634 1143 longinquis
1648 1097 1686 1131 ab
1704 1097 1876 1143 apostolica
1894 1097 1970 1132 sede

1220 1148 1388 1193 provinciis
1408 1147 1615 1193 praesentiam
1638 1146 1775 1192 quodam
1800 1146 1894 1180 niodo
1911 1158 1971 1181 no-

1219 1204 1300 1231 strae
1315 1196 1501 1231 visitationis
1520 1196 1559 1229 im
1567 1195 1732 1242 penderes,·
1746 1195 1818 1241 quia
1835 1195 1874 1229 de
1890 1207 1971 1230 eou-

1220 1245 1341 1285 tinenti,
1354 1254 1598 1292 opportunoque
1608 1252 1774 1291 prospectu
1788 1251 1972 1291 promptum

1220 1294 1272 1327 tibi
1296 1302 1379 1329 esset
1409 1306 1592 1340 agnoscere,
1615 1293 1688 1340 quid
1726 1294 1756 1327 in
1791 1293 1972 1340 quibusque

1219 1343 1314 1378 rebus
1357 1344 1402 1378 vel
1444 1351 1498 1377 tuo
1533 1342 1637 1377 studio
1675 1354 1894 1389 componeres,
1926 1341 1972 1377 vel

1218 1401 1326 1427 nostro
1370 1392 1486 1427 iudicio
1534 1404 1720 1426 reservares.
1772 1391 1852 1426 Nam
1899 1403 1973 1426 cum

1219 1442 1335 1476 maiora
1364 1441 1498 1487 negotia,
1526 1449 1556 1474 et
1582 1440 1776 1475 difficiliores
1803 1451 1971 1474 causarum

1218 1491 1321 1525 exitus
1342 1490 1474 1525 liberum
1490 1489 1545 1524 tibi
1569 1498 1651 1524 esset
1672 1489 1731 1524 sub
1753 1497 1878 1524 nostrae
1892 1501 1967 1523 sen-

1219 1541 1332 1574 tentiae
1353 1539 1570 1586 expectatione
1591 1538 1799 1585 suspendere,
1816 1550 1874 1573 nec
1889 1538 1966 1572 ratio

1219 1589 1286 1628 tibi,
1314 1601 1372 1623 nee
1399 1588 1569 1623 necessitas
1585 1587 1687 1622 fuitin
1711 1587 1755 1631 id,
1771 1587 1857 1634 quod
1884 1599 1972 1621 men-

1218 1650 1322 1671 suram
1346 1645 1429 1671 tuam
1446 1637 1611 1671 excederet
1624 1636 1782 1671 deviandi.
1799 1636 1972 1670 Abundant

1219 1688 1302 1720 enim
1329 1687 1412 1733 apud
1435 1694 1463 1720 te
1487 1686 1677 1720 monitorum
1705 1686 1822 1732 scripta
1844 1693 1971 1719 nostro-

1219 1748 1309 1777 rum,
1336 1735 1452 1781 quibus
1491 1743 1520 1769 te
1557 1735 1596 1769 de
1631 1735 1774 1769 omnium
1809 1734 1967 1768 actionum

1219 1785 1424 1830 temperantia
1459 1784 1637 1829 frequenter
1683 1783 1906 1817 instruximus:
1937 1791 1970 1817 ut

1219 1833 1434 1868 commodatas
1447 1833 1499 1867 tibi
1509 1832 1625 1867 Christi
1637 1832 1786 1867 ecelesias
1795 1844 1849 1878 per
1861 1832 1971 1866 exhor-

1219 1882 1367 1917 tationem
1398 1881 1534 1916 caritatis
1563 1881 1603 1915 ad
1644 1881 1861 1915 salubritatem
1891 1881 1969 1915 obe-

1219 1931 1355 1965 dientiae
1379 1943 1580 1977 provocares;
1603 1931 1675 1977 quia
1702 1930 1760 1964 etsi
1783 1930 1971 1976 plerumque

1218 1980 1330 2015 existat
1353 1980 1434 2014 inter
1457 1979 1664 2025 negligentes,
1685 1979 1734 2013 vel
1758 1978 1883 2013 desides
1902 1978 1971 2012 fra-

1220 2037 1294 2073 tres,
1335 2041 1414 2075 quae
1455 2036 1597 2075 oporteat
1630 2028 1746 2062 maiore
1785 2027 1971 2062 auctoritate

1219 2078 1331 2112 curari:
1360 2078 1405 2111 sic
1421 2085 1525 2111 tamen
1549 2085 1594 2111 est
1610 2076 1787 2111 adhibenda
1803 2076 1970 2122 correptio,

1220 2134 1252 2160 ut
1286 2139 1412 2174 semper
1457 2126 1497 2160 sit
1531 2126 1614 2160 salva
1649 2125 1790 2160 dilectio.
1821 2124 1912 2160 Unde
1940 2132 1970 2158 et

1220 2175 1330 2210 beatus
1348 2175 1509 2222 apostolus
1524 2175 1640 2209 Paulus
1661 2174 1699 2208 ad
1722 2174 1968 2208 ecclesiasticum

1220 2225 1360 2270 regimen
1387 2224 1589 2258 Timotheum
1616 2223 1774 2266 imbuens,
1797 2222 1970 2257 dieitzSe—

1220 2273 1340 2307 niorem
1375 2285 1415 2307 ne
1450 2272 1670 2319 increpaveris,
1697 2272 1753 2307 sed
1776 2272 1904 2306 obsecra
1938 2279 1970 2305 ut

1220 2330 1352 2369 patrem,
1369 2322 1497 2355 iuvenes
1509 2329 1541 2355 ut
1561 2321 1680 2361 fratres,
1703 2333 1783 2355 anus
1799 2329 1831 2355 ut
1844 2328 1969 2364 matres,

1220 2371 1402 2406 iuvenculas
1425 2378 1458 2404 ut
1472 2382 1596 2404 sorores
1609 2371 1638 2404 in
1655 2370 1739 2404 omni
1755 2370 1898 2404 castitate
1915 2372 1967 2412 (a).

1219 2420 1308 2461 Quae
1330 2419 1502 2454 moderatio
1518 2419 1544 2453 si
1571 2419 1825 2465 quibuscumque
1846 2417 1971 2452 inferio-

1220 2469 1306 2503 ribus
1333 2468 1484 2502 membris
1505 2480 1543 2502 ex
1573 2468 1743 2514 apostoliea
1773 2466 1968 2501 institutione

1220 2517 1362 2557 debetur,
1391 2525 1508 2563 quanto
1542 2517 1640 2561 magis
1668 2516 1812 2549 fratribus
1839 2523 1868 2548 et
1896 2527 1970 2548 eoe-

1221 2566 1358 2613 piscopis
1381 2566 1495 2600 nostris
1521 2566 1590 2601 sine
1611 2565 1785 2601 oll'ensione
1807 2563 1968 2600 reddenda

1257 2627 1295 2662 (a)
1314 2626 1429 2655 Timoth.
1450 2627 1477 2655 5.

2013 259 2064 289 An.
2079 260 2110 289 C.
2125 259 2179 289 ult

2043 777 2182 800 Thessaloni-

1999 814 2079 831 censes
2094 810 2182 831 antisti-

1997 841 2030 861 tes
2044 840 2182 867 Apostntteaa

1997 870 2058 891 Sedis
2104 872 2182 894 vicarii

1997 903 2105 930 perpetui.

2038 1661 2135 1682 Inductto
2150 1661 2177 1683 ad

2025 1692 2171 1714 mansuetudt-

2019 1728 2076 1745 nem.

2038 2150 2148 2172 Servanda
2162 2150 2183 2170 in

1999 2181 2136 2203 correctione
2150 2181 2183 2202 di-

1998 2212 2073 2234 tenuo.

2037 2436 2182 2458 Corracttonis

1997 2467 2114 2490 moderatio
2131 2472 2182 2493 erga

1998 2500 2119 2527 opiscopus.
