<?xml version="1.0" encoding="UTF-8"?>
<!DOCTYPE html PUBLIC "-//W3C//DTD XHTML 1.0 Transitional//EN"
    "http://www.w3.org/TR/xhtml1/DTD/xhtml1-transitional.dtd">
<html xmlns="http://www.w3.org/1999/xhtml" xml:lang="en" lang="en">
 <head>
  <title>
</title>
<meta http-equiv="Content-Type" content="text/html;charset=utf-8" />
  <meta name='ocr-system' content='tesseract 3.04.00' />
  <meta name='ocr-capabilities' content='ocr_page ocr_carea ocr_par ocr_line ocrx_word'/>
</head>
<body>
  <div class='ocr_page' id='page_1' title='image "./bullarumdiplomat01cath_0212.png"; bbox 0 0 2237 3127; ppageno 0'>
   <div class='ocr_carea' id='block_1_1' title="bbox 183 317 362 343">
    <p class='ocr_par' dir='ltr' id='par_1_1' title="bbox 183 317 362 343">
     <span class='ocr_line' id='line_1_1' title="bbox 183 317 362 343; baseline 0 0"><span class='ocrx_word' id='word_1_1' title='bbox 183 320 231 343; x_wconf 68' lang='lat' dir='ltr'>An.</span> <span class='ocrx_word' id='word_1_2' title='bbox 253 318 281 343; x_wconf 74' lang='lat' dir='ltr'>C.</span> <span class='ocrx_word' id='word_1_3' title='bbox 310 317 362 343; x_wconf 70' lang='grc' dir='ltr'>6Ῑι9</span> 
     </span>
    </p>
   </div>
   <div class='ocr_carea' id='block_1_2' title="bbox 179 1313 363 1381">
    <p class='ocr_par' dir='ltr' id='par_1_2' title="bbox 179 1313 363 1381">
     <span class='ocr_line' id='line_1_2' title="bbox 195 1313 362 1341; baseline 0.006 -6"><span class='ocrx_word' id='word_1_4' title='bbox 195 1313 266 1341; x_wconf 69' lang='lat' dir='ltr'>Quolts</span> <span class='ocrx_word' id='word_1_5' title='bbox 286 1313 362 1336; x_wconf 61' lang='lat' dir='ltr'>dvbeat</span> 
     </span>
     <span class='ocr_line' id='line_1_3' title="bbox 179 1351 363 1381; baseline -0.016 -7"><span class='ocrx_word' id='word_1_6' title='bbox 179 1360 226 1374; x_wconf 65' lang='lat' dir='ltr'>esse</span> <span class='ocrx_word' id='word_1_7' title='bbox 234 1351 363 1381; x_wconf 67' lang='lat' dir='ltr'>episcopus.</span> 
     </span>
    </p>
   </div>
   <div class='ocr_carea' id='block_1_3' title="bbox 184 2343 366 2475">
    <p class='ocr_par' dir='ltr' id='par_1_3' title="bbox 186 2343 365 2366">
     <span class='ocr_line' id='line_1_4' title="bbox 186 2343 365 2366; baseline 0.006 -2"><span class='ocrx_word' id='word_1_8' title='bbox 186 2344 259 2365; x_wconf 80' lang='lat' dir='ltr'>loanni</span> <span class='ocrx_word' id='word_1_9' title='bbox 306 2343 365 2366; x_wconf 73' lang='lat' dir='ltr'>vices</span> 
     </span>
    </p>

    <p class='ocr_par' dir='ltr' id='par_1_4' title="bbox 184 2382 366 2475">
     <span class='ocr_line' id='line_1_5' title="bbox 200 2382 341 2412; baseline 0 -9"><span class='ocrx_word' id='word_1_10' title='bbox 200 2382 341 2412; x_wconf 77' lang='lat' dir='ltr'>Apostolieae</span> 
     </span>
     <span class='ocr_line' id='line_1_6' title="bbox 184 2417 366 2447; baseline 0.005 -10"><span class='ocrx_word' id='word_1_11' title='bbox 184 2417 246 2438; x_wconf 64' lang='lat' dir='ltr'>sedis</span> <span class='ocrx_word' id='word_1_12' title='bbox 263 2417 366 2447; x_wconf 71' lang='lat' dir='ltr'>delegun-</span> 
     </span>
     <span class='ocr_line' id='line_1_7' title="bbox 186 2456 227 2475; baseline 0.024 -1"><span class='ocrx_word' id='word_1_13' title='bbox 186 2456 227 2475; x_wconf 82' lang='lat' dir='ltr'>tur.</span> 
     </span>
    </p>
   </div>
   <div class='ocr_carea' id='block_1_4' title="bbox 447 326 516 360">
    <p class='ocr_par' dir='ltr' id='par_1_5' title="bbox 447 326 516 360">
     <span class='ocr_line' id='line_1_8' title="bbox 447 326 516 360; baseline -0.029 0"><span class='ocrx_word' id='word_1_14' title='bbox 447 326 516 360; x_wconf 64' lang='lat'>194</span> 
     </span>
    </p>
   </div>
   <div class='ocr_carea' id='block_1_5' title="bbox 434 372 1143 703">
    <p class='ocr_par' dir='ltr' id='par_1_6' title="bbox 434 372 1143 703">
     <span class='ocr_line' id='line_1_9' title="bbox 435 372 1141 429; baseline -0.028 -9"><span class='ocrx_word' id='word_1_15' title='bbox 435 387 565 429; x_wconf 80' lang='lat' dir='ltr'>episcopi</span> <span class='ocrx_word' id='word_1_16' title='bbox 588 380 792 415; x_wconf 76' lang='lat' dir='ltr'>Anthiocheni.</span> <span class='ocrx_word' id='word_1_17' title='bbox 812 395 852 401; x_wconf 92' lang='lat'>—</span> <span class='ocrx_word' id='word_1_18' title='bbox 872 376 979 421; x_wconf 39' lang='lat' dir='ltr'>End-em</span> <span class='ocrx_word' id='word_1_19' title='bbox 1003 374 1038 403; x_wconf 85' lang='lat' dir='ltr'>de</span> <span class='ocrx_word' id='word_1_20' title='bbox 1056 372 1141 416; x_wconf 72' lang='lat' dir='ltr'>Petro</span> 
     </span>
     <span class='ocr_line' id='line_1_10' title="bbox 434 419 1143 460; baseline -0.028 -1"><span class='ocrx_word' id='word_1_21' title='bbox 434 430 470 460; x_wconf 90' lang='lat' dir='ltr'>ab</span> <span class='ocrx_word' id='word_1_22' title='bbox 499 425 652 457; x_wconf 77' lang='lat' dir='ltr'>haereticis</span> <span class='ocrx_word' id='word_1_23' title='bbox 676 419 865 451; x_wconf 72' lang='lat' dir='ltr'>Alexandriae</span> <span class='ocrx_word' id='word_1_24' title='bbox 892 424 1020 454; x_wconf 83' lang='lat' dir='ltr'>episcop.</span> <span class='ocrx_word' id='word_1_25' title='bbox 1049 421 1143 441; x_wconf 85' lang='lat' dir='ltr'>nomi-</span> 
     </span>
     <span class='ocr_line' id='line_1_11' title="bbox 436 451 1139 498; baseline -0.027 0"><span class='ocrx_word' id='word_1_26' title='bbox 436 472 513 498; x_wconf 83' lang='lat' dir='ltr'>nato.</span> <span class='ocrx_word' id='word_1_27' title='bbox 540 482 580 487; x_wconf 94' lang='lat'>—-</span> <span class='ocrx_word' id='word_1_28' title='bbox 605 462 749 492; x_wconf 74' lang='lat' dir='ltr'>Haeretici</span> <span class='ocrx_word' id='word_1_29' title='bbox 774 460 804 489; x_wconf 91' lang='lat' dir='ltr'>in</span> <span class='ocrx_word' id='word_1_30' title='bbox 831 455 1008 487; x_wconf 84' lang='lat' dir='ltr'>lateranensi</span> <span class='ocrx_word' id='word_1_31' title='bbox 1031 451 1139 491; x_wconf 72' lang='lat' dir='ltr'>synodo</span> 
     </span>
     <span class='ocr_line' id='line_1_12' title="bbox 437 492 1139 537; baseline -0.024 -1"><span class='ocrx_word' id='word_1_32' title='bbox 437 519 452 537; x_wconf 88' lang='lat' dir='ltr'>a</span> <span class='ocrx_word' id='word_1_33' title='bbox 475 506 594 535; x_wconf 79' lang='lat' dir='ltr'>Martino</span> <span class='ocrx_word' id='word_1_34' title='bbox 617 502 669 532; x_wconf 86' lang='lat' dir='ltr'>PP.</span> <span class='ocrx_word' id='word_1_35' title='bbox 692 496 935 531; x_wconf 86' lang='lat' dir='ltr'>anathematizati.</span> <span class='ocrx_word' id='word_1_36' title='bbox 961 511 1000 516; x_wconf 93' lang='lat'><em>-</em></span> <span class='ocrx_word' id='word_1_37' title='bbox 1022 492 1139 521; x_wconf 75' lang='lat' dir='ltr'><strong>Decreta</strong></span> 
     </span>
     <span class='ocr_line' id='line_1_13' title="bbox 436 530 1139 582; baseline -0.024 -6"><span class='ocrx_word' id='word_1_38' title='bbox 436 548 466 576; x_wconf 91' lang='lat' dir='ltr'>in</span> <span class='ocrx_word' id='word_1_39' title='bbox 482 546 583 575; x_wconf 87' lang='lat' dir='ltr'>eadem</span> <span class='ocrx_word' id='word_1_40' title='bbox 602 541 720 582; x_wconf 78' lang='lat' dir='ltr'>synodo.</span> <span class='ocrx_word' id='word_1_41' title='bbox 735 538 821 568; x_wconf 84' lang='lat' dir='ltr'>—De</span> <span class='ocrx_word' id='word_1_42' title='bbox 840 535 939 566; x_wconf 89' lang='lat' dir='ltr'>missis</span> <span class='ocrx_word' id='word_1_43' title='bbox 952 532 1053 563; x_wconf 89' lang='lat' dir='ltr'>loanni</span> <span class='ocrx_word' id='word_1_44' title='bbox 1068 531 1096 561; x_wconf 86' lang='lat' dir='ltr'>S.</span> <span class='ocrx_word' id='word_1_45' title='bbox 1107 530 1139 560; x_wconf 86' lang='lat' dir='ltr'>A.</span> 
     </span>
     <span class='ocr_line' id='line_1_14' title="bbox 434 572 1139 625; baseline -0.024 -9"><span class='ocrx_word' id='word_1_46' title='bbox 434 583 647 625; x_wconf 75' lang='lat' dir='ltr'>apocrisiariis,</span> <span class='ocrx_word' id='word_1_47' title='bbox 665 581 715 619; x_wconf 83' lang='lat' dir='ltr'>qui</span> <span class='ocrx_word' id='word_1_48' title='bbox 743 579 843 608; x_wconf 88' lang='lat' dir='ltr'>eadem</span> <span class='ocrx_word' id='word_1_49' title='bbox 873 576 989 605; x_wconf 85' lang='lat' dir='ltr'>decreta</span> <span class='ocrx_word' id='word_1_50' title='bbox 1011 572 1046 602; x_wconf 87' lang='lat' dir='ltr'>ad</span> <span class='ocrx_word' id='word_1_51' title='bbox 1073 580 1139 616; x_wconf 83' lang='lat' dir='ltr'>eum</span> 
     </span>
     <span class='ocr_line' id='line_1_15' title="bbox 434 614 1141 665; baseline -0.025 -9"><span class='ocrx_word' id='word_1_52' title='bbox 434 625 591 665; x_wconf 78' lang='lat' dir='ltr'>perferant.</span> <span class='ocrx_word' id='word_1_53' title='bbox 617 638 656 644; x_wconf 94' lang='lat'>—</span> <span class='ocrx_word' id='word_1_54' title='bbox 673 621 711 650; x_wconf 90' lang='lat' dir='ltr'>De</span> <span class='ocrx_word' id='word_1_55' title='bbox 730 616 894 648; x_wconf 86' lang='lat' dir='ltr'>obedientia</span> <span class='ocrx_word' id='word_1_56' title='bbox 918 614 1028 659; x_wconf 77' lang='lat' dir='ltr'>eisdem</span> <span class='ocrx_word' id='word_1_57' title='bbox 1047 620 1141 640; x_wconf 86' lang='lat' dir='ltr'>Omm-</span> 
     </span>
     <span class='ocr_line' id='line_1_16' title="bbox 437 650 1141 703; baseline -0.023 -8"><span class='ocrx_word' id='word_1_58' title='bbox 437 665 521 695; x_wconf 83' lang='lat' dir='ltr'>mode</span> <span class='ocrx_word' id='word_1_59' title='bbox 544 661 727 703; x_wconf 87' lang='lat' dir='ltr'>praestanda.</span> <span class='ocrx_word' id='word_1_60' title='bbox 748 675 787 681; x_wconf 94' lang='lat'>—-</span> <span class='ocrx_word' id='word_1_61' title='bbox 804 656 973 686; x_wconf 83' lang='lat' dir='ltr'>Adhortatio</span> <span class='ocrx_word' id='word_1_62' title='bbox 995 652 1031 682; x_wconf 90' lang='lat' dir='ltr'>ad</span> <span class='ocrx_word' id='word_1_63' title='bbox 1056 650 1141 680; x_wconf 86' lang='lat' dir='ltr'>loan-</span> 
     </span>
    </p>
   </div>
   <div class='ocr_carea' id='block_1_6' title="bbox 436 714 514 734">
    <p class='ocr_par' dir='ltr' id='par_1_7' title="bbox 436 714 514 734">
     <span class='ocr_line' id='line_1_17' title="bbox 436 714 514 734; baseline -0.013 0"><span class='ocrx_word' id='word_1_64' title='bbox 436 714 514 734; x_wconf 67' lang='lat' dir='ltr'>nell]-</span> 
     </span>
    </p>
   </div>
   <div class='ocr_carea' id='block_1_7' title="bbox 393 760 1139 889">
    <p class='ocr_par' dir='ltr' id='par_1_8' title="bbox 393 760 1139 889">
     <span class='ocr_line' id='line_1_18' title="bbox 393 760 1139 805; baseline -0.023 -4"><span class='ocrx_word' id='word_1_65' title='bbox 393 771 487 801; x_wconf 80' lang='lat' dir='ltr'>loanni</span> <span class='ocrx_word' id='word_1_66' title='bbox 506 770 628 805; x_wconf 77' lang='lat' dir='ltr'>episcopo</span> <span class='ocrx_word' id='word_1_67' title='bbox 661 763 860 800; x_wconf 80' lang='lat' dir='ltr'>Philadelphiae</span> <span class='ocrx_word' id='word_1_68' title='bbox 888 760 1021 790; x_wconf 80' lang='lat' dir='ltr'>Martinus</span> <span class='ocrx_word' id='word_1_69' title='bbox 1044 764 1139 786; x_wconf 87' lang='lat' dir='ltr'>servus</span> 
     </span>
     <span class='ocr_line' id='line_1_19' title="bbox 441 805 1138 845; baseline -0.02 -1"><span class='ocrx_word' id='word_1_70' title='bbox 441 821 579 844; x_wconf 87' lang='lat' dir='ltr'>servorum</span> <span class='ocrx_word' id='word_1_71' title='bbox 597 812 652 845; x_wconf 82' lang='lat' dir='ltr'>Dei.</span> <span class='ocrx_word' id='word_1_72' title='bbox 673 812 782 839; x_wconf 81' lang='lat' dir='ltr'>sanctae</span> <span class='ocrx_word' id='word_1_73' title='bbox 795 809 852 837; x_wconf 85' lang='lat' dir='ltr'>eius</span> <span class='ocrx_word' id='word_1_74' title='bbox 865 805 1012 835; x_wconf 76' lang='lat' dir='ltr'>catholicae</span> <span class='ocrx_word' id='word_1_75' title='bbox 1029 805 1056 832; x_wconf 84' lang='lat' dir='ltr'>et</span> <span class='ocrx_word' id='word_1_76' title='bbox 1075 810 1138 838; x_wconf 76' lang='lat' dir='ltr'>apo·</span> 
     </span>
     <span class='ocr_line' id='line_1_20' title="bbox 440 851 1072 889; baseline -0.021 0"><span class='ocrx_word' id='word_1_77' title='bbox 440 861 552 889; x_wconf 78' lang='lat' dir='ltr'>stonoae</span> <span class='ocrx_word' id='word_1_78' title='bbox 574 859 749 887; x_wconf 80' lang='lat' dir='ltr'>Romanorum</span> <span class='ocrx_word' id='word_1_79' title='bbox 768 853 897 882; x_wconf 80' lang='lat' dir='ltr'>Ecclesiae</span> <span class='ocrx_word' id='word_1_80' title='bbox 921 851 1072 886; x_wconf 79' lang='lat' dir='ltr'>episcopus.</span> 
     </span>
    </p>
   </div>
   <div class='ocr_carea' id='block_1_8' title="bbox 392 903 1142 2627">
    <p class='ocr_par' dir='ltr' id='par_1_9' title="bbox 392 903 1142 2627">
     <span class='ocr_line' id='line_1_21' title="bbox 444 903 1141 955; baseline -0.017 -6"><span class='ocrx_word' id='word_1_81' title='bbox 444 913 564 949; x_wconf 83' lang='lat' dir='ltr'>Fidelis</span> <span class='ocrx_word' id='word_1_82' title='bbox 585 922 701 955; x_wconf 89' lang='lat' dir='ltr'>sermo,</span> <span class='ocrx_word' id='word_1_83' title='bbox 723 916 753 943; x_wconf 89' lang='lat' dir='ltr'>et</span> <span class='ocrx_word' id='word_1_84' title='bbox 779 906 863 942; x_wconf 93' lang='lat' dir='ltr'>omni</span> <span class='ocrx_word' id='word_1_85' title='bbox 889 905 1070 951; x_wconf 90' lang='lat' dir='ltr'>acceptione</span> <span class='ocrx_word' id='word_1_86' title='bbox 1092 903 1141 938; x_wconf 92' lang='lat' dir='ltr'>di-</span> 
     </span>
     <span class='ocr_line' id='line_1_22' title="bbox 394 953 1140 1010; baseline -0.017 -11"><span class='ocrx_word' id='word_1_87' title='bbox 394 976 488 1010; x_wconf 79' lang='lat' dir='ltr'>gnus,</span> <span class='ocrx_word' id='word_1_88' title='bbox 511 974 604 1010; x_wconf 87' lang='lat' dir='ltr'>quem</span> <span class='ocrx_word' id='word_1_89' title='bbox 627 960 665 995; x_wconf 90' lang='lat' dir='ltr'>de</span> <span class='ocrx_word' id='word_1_90' title='bbox 686 967 715 993; x_wconf 87' lang='lat' dir='ltr'>te</span> <span class='ocrx_word' id='word_1_91' title='bbox 741 956 933 1003; x_wconf 88' lang='lat' dir='ltr'>accepimus,</span> <span class='ocrx_word' id='word_1_92' title='bbox 956 954 1067 988; x_wconf 87' lang='lat' dir='ltr'>dilecte</span> <span class='ocrx_word' id='word_1_93' title='bbox 1082 953 1140 988; x_wconf 83' lang='lat' dir='ltr'>fra-</span> 
     </span>
     <span class='ocr_line' id='line_1_23' title="bbox 394 1002 1139 1056; baseline -0.015 -8"><span class='ocrx_word' id='word_1_94' title='bbox 394 1022 456 1056; x_wconf 84' lang='lat' dir='ltr'>ter,</span> <span class='ocrx_word' id='word_1_95' title='bbox 488 1020 518 1047; x_wconf 91' lang='lat' dir='ltr'>et</span> <span class='ocrx_word' id='word_1_96' title='bbox 540 1024 577 1046; x_wconf 88' lang='lat' dir='ltr'>ex</span> <span class='ocrx_word' id='word_1_97' title='bbox 598 1010 655 1050; x_wconf 90' lang='lat' dir='ltr'>iis,</span> <span class='ocrx_word' id='word_1_98' title='bbox 687 1019 767 1055; x_wconf 89' lang='lat' dir='ltr'>quae</span> <span class='ocrx_word' id='word_1_99' title='bbox 795 1006 833 1041; x_wconf 91' lang='lat' dir='ltr'>ad</span> <span class='ocrx_word' id='word_1_100' title='bbox 855 1017 913 1039; x_wconf 90' lang='lat' dir='ltr'>nos</span> <span class='ocrx_word' id='word_1_101' title='bbox 934 1016 950 1038; x_wconf 91' lang='lat' dir='ltr'>a</span> <span class='ocrx_word' id='word_1_102' title='bbox 973 1011 1001 1038; x_wconf 89' lang='lat' dir='ltr'>te</span> <span class='ocrx_word' id='word_1_103' title='bbox 1023 1002 1139 1049; x_wconf 90' lang='lat' dir='ltr'>scripta</span> 
     </span>
     <span class='ocr_line' id='line_1_24' title="bbox 394 1052 1137 1106; baseline -0.016 -9"><span class='ocrx_word' id='word_1_104' title='bbox 394 1070 480 1106; x_wconf 89' lang='lat' dir='ltr'>sunt,</span> <span class='ocrx_word' id='word_1_105' title='bbox 513 1069 542 1096; x_wconf 85' lang='lat' dir='ltr'>et</span> <span class='ocrx_word' id='word_1_106' title='bbox 564 1059 602 1095; x_wconf 88' lang='lat' dir='ltr'>ab</span> <span class='ocrx_word' id='word_1_107' title='bbox 629 1059 687 1099; x_wconf 87' lang='lat' dir='ltr'>iis,</span> <span class='ocrx_word' id='word_1_108' title='bbox 721 1056 775 1103; x_wconf 91' lang='lat' dir='ltr'>qui</span> <span class='ocrx_word' id='word_1_109' title='bbox 797 1055 1047 1101; x_wconf 79' lang='lat' dir='ltr'>experimentum</span> <span class='ocrx_word' id='word_1_110' title='bbox 1078 1052 1137 1086; x_wconf 88' lang='lat' dir='ltr'>iam</span> 
     </span>
     <span class='ocr_line' id='line_1_25' title="bbox 394 1101 1138 1158; baseline -0.017 -11"><span class='ocrx_word' id='word_1_111' title='bbox 394 1117 567 1158; x_wconf 85' lang='lat' dir='ltr'>coeperunt</span> <span class='ocrx_word' id='word_1_112' title='bbox 581 1105 751 1155; x_wconf 88' lang='lat' dir='ltr'>spiritualis</span> <span class='ocrx_word' id='word_1_113' title='bbox 766 1113 835 1139; x_wconf 86' lang='lat' dir='ltr'>tuae</span> <span class='ocrx_word' id='word_1_114' title='bbox 845 1102 1020 1138; x_wconf 82' lang='lat' dir='ltr'>secundum</span> <span class='ocrx_word' id='word_1_115' title='bbox 1035 1101 1138 1136; x_wconf 88' lang='lat' dir='ltr'>Deum</span> 
     </span>
     <span class='ocr_line' id='line_1_26' title="bbox 396 1150 1139 1201; baseline -0.016 -6"><span class='ocrx_word' id='word_1_116' title='bbox 396 1158 659 1197; x_wconf 81' lang='lat' dir='ltr'>conversationis,</span> <span class='ocrx_word' id='word_1_117' title='bbox 685 1154 846 1201; x_wconf 85' lang='lat' dir='ltr'>Stephano</span> <span class='ocrx_word' id='word_1_118' title='bbox 879 1164 993 1198; x_wconf 88' lang='lat' dir='ltr'>nempe</span> <span class='ocrx_word' id='word_1_119' title='bbox 1024 1150 1139 1184; x_wconf 88' lang='lat' dir='ltr'>dilecto</span> 
     </span>
     <span class='ocr_line' id='line_1_27' title="bbox 396 1200 1139 1256; baseline -0.017 -12"><span class='ocrx_word' id='word_1_120' title='bbox 396 1209 585 1256; x_wconf 82' lang='lat' dir='ltr'>coepiscopo</span> <span class='ocrx_word' id='word_1_121' title='bbox 608 1213 725 1244; x_wconf 87' lang='lat' dir='ltr'>nostro,</span> <span class='ocrx_word' id='word_1_122' title='bbox 748 1212 779 1238; x_wconf 89' lang='lat' dir='ltr'>et</span> <span class='ocrx_word' id='word_1_123' title='bbox 799 1201 969 1237; x_wconf 82' lang='lat' dir='ltr'>comitibus</span> <span class='ocrx_word' id='word_1_124' title='bbox 991 1200 1059 1234; x_wconf 87' lang='lat' dir='ltr'>eius</span> <span class='ocrx_word' id='word_1_125' title='bbox 1078 1211 1139 1232; x_wconf 88' lang='lat' dir='ltr'>mo-</span> 
     </span>
     <span class='ocr_line' id='line_1_28' title="bbox 394 1248 1138 1293; baseline -0.016 0"><span class='ocrx_word' id='word_1_126' title='bbox 394 1259 503 1293; x_wconf 87' lang='lat' dir='ltr'>nachis</span> <span class='ocrx_word' id='word_1_127' title='bbox 516 1255 689 1292; x_wconf 80' lang='lat' dir='ltr'>mansionis</span> <span class='ocrx_word' id='word_1_128' title='bbox 702 1252 807 1288; x_wconf 88' lang='lat' dir='ltr'>Sancti</span> <span class='ocrx_word' id='word_1_129' title='bbox 823 1249 1002 1285; x_wconf 85' lang='lat' dir='ltr'>Theodosii.</span> <span class='ocrx_word' id='word_1_130' title='bbox 1022 1248 1138 1282; x_wconf 85' lang='lat' dir='ltr'>Notum</span> 
     </span>
     <span class='ocr_line' id='line_1_29' title="bbox 395 1297 1139 1342; baseline -0.017 1"><span class='ocrx_word' id='word_1_131' title='bbox 395 1308 478 1342; x_wconf 90' lang='lat' dir='ltr'>enim</span> <span class='ocrx_word' id='word_1_132' title='bbox 502 1306 642 1342; x_wconf 88' lang='lat' dir='ltr'>fecerunt</span> <span class='ocrx_word' id='word_1_133' title='bbox 675 1303 783 1342; x_wconf 85' lang='lat' dir='ltr'>nobis,</span> <span class='ocrx_word' id='word_1_134' title='bbox 812 1300 951 1335; x_wconf 87' lang='lat' dir='ltr'>studium</span> <span class='ocrx_word' id='word_1_135' title='bbox 978 1306 1007 1332; x_wconf 88' lang='lat' dir='ltr'>te</span> <span class='ocrx_word' id='word_1_136' title='bbox 1034 1297 1073 1332; x_wconf 90' lang='lat' dir='ltr'>de</span> <span class='ocrx_word' id='word_1_137' title='bbox 1100 1297 1139 1331; x_wconf 92' lang='lat' dir='ltr'>iis</span> 
     </span>
     <span class='ocr_line' id='line_1_30' title="bbox 395 1351 1137 1401; baseline -0.016 -9"><span class='ocrx_word' id='word_1_138' title='bbox 395 1357 523 1397; x_wconf 86' lang='lat' dir='ltr'>habere,</span> <span class='ocrx_word' id='word_1_139' title='bbox 550 1356 581 1389; x_wconf 94' lang='lat' dir='ltr'>in</span> <span class='ocrx_word' id='word_1_140' title='bbox 604 1353 720 1401; x_wconf 87' lang='lat' dir='ltr'>quibus</span> <span class='ocrx_word' id='word_1_141' title='bbox 742 1351 925 1398; x_wconf 88' lang='lat' dir='ltr'>episcopum</span> <span class='ocrx_word' id='word_1_142' title='bbox 952 1359 1020 1382; x_wconf 86' lang='lat' dir='ltr'>esse</span> <span class='ocrx_word' id='word_1_143' title='bbox 1043 1358 1137 1394; x_wconf 88' lang='lat' dir='ltr'>opor-</span> 
     </span>
     <span class='ocr_line' id='line_1_31' title="bbox 395 1397 1138 1453; baseline -0.016 -12"><span class='ocrx_word' id='word_1_144' title='bbox 395 1416 459 1441; x_wconf 87' lang='lat' dir='ltr'>tere</span> <span class='ocrx_word' id='word_1_145' title='bbox 491 1404 682 1453; x_wconf 90' lang='lat' dir='ltr'>apostolicus</span> <span class='ocrx_word' id='word_1_146' title='bbox 715 1412 819 1437; x_wconf 85' lang='lat' dir='ltr'>serino</span> <span class='ocrx_word' id='word_1_147' title='bbox 849 1397 1056 1434; x_wconf 79' lang='lat' dir='ltr'>determinat:</span> <span class='ocrx_word' id='word_1_148' title='bbox 1083 1408 1138 1431; x_wconf 92' lang='lat' dir='ltr'>so-</span> 
     </span>
     <span class='ocr_line' id='line_1_32' title="bbox 395 1445 1138 1501; baseline -0.016 -11"><span class='ocrx_word' id='word_1_149' title='bbox 395 1455 510 1499; x_wconf 86' lang='lat' dir='ltr'>brium,</span> <span class='ocrx_word' id='word_1_150' title='bbox 534 1453 732 1501; x_wconf 77' lang='lat' dir='ltr'>prudentem,</span> <span class='ocrx_word' id='word_1_151' title='bbox 759 1457 915 1488; x_wconf 87' lang='lat' dir='ltr'>ornatum,</span> <span class='ocrx_word' id='word_1_152' title='bbox 938 1445 1138 1493; x_wconf 88' lang='lat' dir='ltr'>hospitalem,</span> 
     </span>
     <span class='ocr_line' id='line_1_33' title="bbox 396 1495 1138 1544; baseline -0.018 -4"><span class='ocrx_word' id='word_1_153' title='bbox 396 1505 569 1544; x_wconf 90' lang='lat' dir='ltr'>doctorem,</span> <span class='ocrx_word' id='word_1_154' title='bbox 591 1510 621 1537; x_wconf 90' lang='lat' dir='ltr'>et</span> <span class='ocrx_word' id='word_1_155' title='bbox 642 1501 836 1539; x_wconf 88' lang='lat' dir='ltr'>modestum,</span> <span class='ocrx_word' id='word_1_156' title='bbox 861 1509 924 1531; x_wconf 90' lang='lat' dir='ltr'>non</span> <span class='ocrx_word' id='word_1_157' title='bbox 946 1495 1115 1541; x_wconf 81' lang='lat' dir='ltr'>litigiosum</span> <span class='ocrx_word' id='word_1_158' title='bbox 1130 1521 1138 1535; x_wconf 95' lang='lat'>,</span> 
     </span>
     <span class='ocr_line' id='line_1_34' title="bbox 394 1545 1140 1600; baseline -0.015 -12"><span class='ocrx_word' id='word_1_159' title='bbox 394 1566 456 1588; x_wconf 95' lang='lat' dir='ltr'>non</span> <span class='ocrx_word' id='word_1_160' title='bbox 485 1552 646 1600; x_wconf 89' lang='lat' dir='ltr'>cupidum,</span> <span class='ocrx_word' id='word_1_161' title='bbox 668 1562 743 1585; x_wconf 87' lang='lat' dir='ltr'>suae</span> <span class='ocrx_word' id='word_1_162' title='bbox 769 1547 930 1583; x_wconf 81' lang='lat' dir='ltr'>Ecclesiae</span> <span class='ocrx_word' id='word_1_163' title='bbox 954 1545 1034 1580; x_wconf 91' lang='lat' dir='ltr'>hene</span> <span class='ocrx_word' id='word_1_164' title='bbox 1054 1555 1140 1591; x_wconf 88' lang='lat' dir='ltr'>prae-</span> 
     </span>
     <span class='ocr_line' id='line_1_35' title="bbox 394 1595 1139 1650; baseline -0.015 -13"><span class='ocrx_word' id='word_1_165' title='bbox 394 1603 533 1650; x_wconf 90' lang='lat' dir='ltr'>positum</span> <span class='ocrx_word' id='word_1_166' title='bbox 559 1604 612 1645; x_wconf 88' lang='grc' dir='ltr'>(α).</span> <span class='ocrx_word' id='word_1_167' title='bbox 640 1600 726 1634; x_wconf 90' lang='lat' dir='ltr'>Haec</span> <span class='ocrx_word' id='word_1_168' title='bbox 753 1598 847 1644; x_wconf 85' lang='lat' dir='ltr'>igitur</span> <span class='ocrx_word' id='word_1_169' title='bbox 872 1595 1035 1631; x_wconf 82' lang='lat' dir='ltr'>audientes</span> <span class='ocrx_word' id='word_1_170' title='bbox 1067 1605 1139 1640; x_wconf 84' lang='lat' dir='ltr'>gra-</span> 
     </span>
     <span class='ocr_line' id='line_1_36' title="bbox 394 1642 1139 1689; baseline -0.016 -2"><span class='ocrx_word' id='word_1_171' title='bbox 394 1653 467 1687; x_wconf 82' lang='lat' dir='ltr'>tiam</span> <span class='ocrx_word' id='word_1_172' title='bbox 490 1651 644 1686; x_wconf 86' lang='lat' dir='ltr'>habemus</span> <span class='ocrx_word' id='word_1_173' title='bbox 675 1649 762 1689; x_wconf 90' lang='lat' dir='ltr'>Deo,</span> <span class='ocrx_word' id='word_1_174' title='bbox 796 1646 846 1681; x_wconf 91' lang='lat' dir='ltr'>cui</span> <span class='ocrx_word' id='word_1_175' title='bbox 876 1644 1031 1680; x_wconf 84' lang='lat' dir='ltr'>servimus</span> <span class='ocrx_word' id='word_1_176' title='bbox 1052 1655 1067 1677; x_wconf 92' lang='lat' dir='ltr'>a</span> <span class='ocrx_word' id='word_1_177' title='bbox 1091 1642 1139 1677; x_wconf 94' lang='lat' dir='ltr'>iu-</span> 
     </span>
     <span class='ocr_line' id='line_1_37' title="bbox 394 1693 1138 1744; baseline -0.016 -8"><span class='ocrx_word' id='word_1_178' title='bbox 394 1708 520 1736; x_wconf 88' lang='lat' dir='ltr'>ventute</span> <span class='ocrx_word' id='word_1_179' title='bbox 545 1707 660 1740; x_wconf 86' lang='lat' dir='ltr'>nostra,</span> <span class='ocrx_word' id='word_1_180' title='bbox 696 1697 747 1744; x_wconf 91' lang='lat' dir='ltr'>qui</span> <span class='ocrx_word' id='word_1_181' title='bbox 775 1693 958 1730; x_wconf 76' lang='lat' dir='ltr'>confortavit</span> <span class='ocrx_word' id='word_1_182' title='bbox 990 1704 1045 1726; x_wconf 87' lang='lat' dir='ltr'>vos</span> <span class='ocrx_word' id='word_1_183' title='bbox 1067 1703 1138 1726; x_wconf 90' lang='lat' dir='ltr'>cum</span> 
     </span>
     <span class='ocr_line' id='line_1_38' title="bbox 393 1741 1139 1796; baseline -0.016 -11"><span class='ocrx_word' id='word_1_184' title='bbox 393 1750 553 1790; x_wconf 89' lang='lat' dir='ltr'>omnibus,</span> <span class='ocrx_word' id='word_1_185' title='bbox 577 1748 630 1796; x_wconf 88' lang='lat' dir='ltr'>qui</span> <span class='ocrx_word' id='word_1_186' title='bbox 652 1759 724 1781; x_wconf 88' lang='lat' dir='ltr'>eum</span> <span class='ocrx_word' id='word_1_187' title='bbox 747 1745 893 1791; x_wconf 80' lang='lat' dir='ltr'>diligunt,</span> <span class='ocrx_word' id='word_1_188' title='bbox 929 1749 962 1776; x_wconf 87' lang='lat' dir='ltr'>ut</span> <span class='ocrx_word' id='word_1_189' title='bbox 989 1741 1026 1776; x_wconf 84' lang='lat' dir='ltr'>ad</span> <span class='ocrx_word' id='word_1_190' title='bbox 1049 1752 1139 1775; x_wconf 90' lang='lat' dir='ltr'>men-</span> 
     </span>
     <span class='ocr_line' id='line_1_39' title="bbox 392 1791 1139 1846; baseline -0.015 -12"><span class='ocrx_word' id='word_1_191' title='bbox 392 1812 497 1834; x_wconf 91' lang='lat' dir='ltr'>suram</span> <span class='ocrx_word' id='word_1_192' title='bbox 527 1796 730 1846; x_wconf 85' lang='lat' dir='ltr'>perveniretis</span> <span class='ocrx_word' id='word_1_193' title='bbox 758 1792 939 1829; x_wconf 87' lang='lat' dir='ltr'>huiusmodi</span> <span class='ocrx_word' id='word_1_194' title='bbox 963 1791 1030 1825; x_wconf 86' lang='lat' dir='ltr'>Deo</span> <span class='ocrx_word' id='word_1_195' title='bbox 1051 1802 1139 1824; x_wconf 90' lang='lat' dir='ltr'>ama-</span> 
     </span>
     <span class='ocr_line' id='line_1_40' title="bbox 393 1839 1138 1893; baseline -0.016 -9"><span class='ocrx_word' id='word_1_196' title='bbox 393 1849 465 1883; x_wconf 89' lang='lat' dir='ltr'>bilis</span> <span class='ocrx_word' id='word_1_197' title='bbox 487 1847 620 1891; x_wconf 88' lang='lat' dir='ltr'>virtutis,</span> <span class='ocrx_word' id='word_1_198' title='bbox 642 1845 790 1893; x_wconf 88' lang='lat' dir='ltr'>quoniam</span> <span class='ocrx_word' id='word_1_199' title='bbox 817 1844 866 1883; x_wconf 87' lang='lat' dir='ltr'>iis,</span> <span class='ocrx_word' id='word_1_200' title='bbox 889 1841 942 1888; x_wconf 88' lang='lat' dir='ltr'>qui</span> <span class='ocrx_word' id='word_1_201' title='bbox 964 1839 1138 1875; x_wconf 86' lang='lat' dir='ltr'>secundum</span> 
     </span>
     <span class='ocr_line' id='line_1_41' title="bbox 392 1891 1138 1945; baseline -0.016 -12"><span class='ocrx_word' id='word_1_202' title='bbox 392 1898 589 1945; x_wconf 89' lang='lat' dir='ltr'>propositum</span> <span class='ocrx_word' id='word_1_203' title='bbox 617 1895 715 1930; x_wconf 91' lang='lat' dir='ltr'>vocati</span> <span class='ocrx_word' id='word_1_204' title='bbox 739 1900 822 1933; x_wconf 85' lang='lat' dir='ltr'>sunt,</span> <span class='ocrx_word' id='word_1_205' title='bbox 845 1891 949 1926; x_wconf 84' lang='lat' dir='ltr'>omnia</span> <span class='ocrx_word' id='word_1_206' title='bbox 971 1901 1138 1936; x_wconf 87' lang='lat' dir='ltr'>cooperau·</span> 
     </span>
     <span class='ocr_line' id='line_1_42' title="bbox 393 1939 1140 1993; baseline -0.013 -11"><span class='ocrx_word' id='word_1_207' title='bbox 393 1956 460 1991; x_wconf 89' lang='lat' dir='ltr'>tur,</span> <span class='ocrx_word' id='word_1_208' title='bbox 486 1947 539 1993; x_wconf 88' lang='lat' dir='ltr'>qui</span> <span class='ocrx_word' id='word_1_209' title='bbox 563 1945 654 1980; x_wconf 90' lang='lat' dir='ltr'>nobis</span> <span class='ocrx_word' id='word_1_210' title='bbox 681 1944 773 1979; x_wconf 88' lang='lat' dir='ltr'>etiam</span> <span class='ocrx_word' id='word_1_211' title='bbox 801 1941 905 1977; x_wconf 86' lang='lat' dir='ltr'>omnia</span> <span class='ocrx_word' id='word_1_212' title='bbox 927 1939 1050 1974; x_wconf 91' lang='lat' dir='ltr'>divinae</span> <span class='ocrx_word' id='word_1_213' title='bbox 1072 1939 1140 1973; x_wconf 80' lang='lat' dir='ltr'>eius</span> 
     </span>
     <span class='ocr_line' id='line_1_43' title="bbox 393 1990 1140 2042; baseline -0.015 -11"><span class='ocrx_word' id='word_1_214' title='bbox 393 1997 532 2041; x_wconf 84' lang='lat' dir='ltr'>virtutis,</span> <span class='ocrx_word' id='word_1_215' title='bbox 551 2007 631 2042; x_wconf 89' lang='lat' dir='ltr'>quae</span> <span class='ocrx_word' id='word_1_216' title='bbox 658 1993 695 2028; x_wconf 88' lang='lat' dir='ltr'>ad</span> <span class='ocrx_word' id='word_1_217' title='bbox 719 1993 823 2036; x_wconf 86' lang='lat' dir='ltr'>vitam,</span> <span class='ocrx_word' id='word_1_218' title='bbox 846 1999 875 2025; x_wconf 86' lang='lat' dir='ltr'>et</span> <span class='ocrx_word' id='word_1_219' title='bbox 903 1990 1047 2037; x_wconf 88' lang='lat' dir='ltr'>pietatem</span> <span class='ocrx_word' id='word_1_220' title='bbox 1068 2000 1140 2035; x_wconf 88' lang='lat' dir='ltr'>per-</span> 
     </span>
     <span class='ocr_line' id='line_1_44' title="bbox 396 2037 1139 2090; baseline -0.013 -10"><span class='ocrx_word' id='word_1_221' title='bbox 396 2046 505 2086; x_wconf 81' lang='lat' dir='ltr'>tinent,</span> <span class='ocrx_word' id='word_1_222' title='bbox 528 2044 654 2080; x_wconf 89' lang='lat' dir='ltr'>donavit</span> <span class='ocrx_word' id='word_1_223' title='bbox 675 2055 730 2090; x_wconf 90' lang='lat' dir='ltr'>per</span> <span class='ocrx_word' id='word_1_224' title='bbox 751 2040 963 2087; x_wconf 77' lang='lat' dir='ltr'>cognitionem</span> <span class='ocrx_word' id='word_1_225' title='bbox 985 2038 1065 2081; x_wconf 81' lang='lat' dir='ltr'>eius,</span> <span class='ocrx_word' id='word_1_226' title='bbox 1087 2037 1139 2083; x_wconf 90' lang='lat' dir='ltr'>qui</span> 
     </span>
     <span class='ocr_line' id='line_1_45' title="bbox 394 2087 1139 2140; baseline -0.013 -10"><span class='ocrx_word' id='word_1_227' title='bbox 394 2095 516 2129; x_wconf 87' lang='lat' dir='ltr'>vocavit</span> <span class='ocrx_word' id='word_1_228' title='bbox 551 2106 608 2129; x_wconf 87' lang='lat' dir='ltr'>nos</span> <span class='ocrx_word' id='word_1_229' title='bbox 641 2091 766 2140; x_wconf 89' lang='lat' dir='ltr'>propria</span> <span class='ocrx_word' id='word_1_230' title='bbox 793 2090 913 2136; x_wconf 78' lang='lat' dir='ltr'>gloria,</span> <span class='ocrx_word' id='word_1_231' title='bbox 947 2095 977 2123; x_wconf 87' lang='lat' dir='ltr'>et</span> <span class='ocrx_word' id='word_1_232' title='bbox 1010 2087 1139 2121; x_wconf 84' lang='lat' dir='ltr'>virtute:</span> 
     </span>
     <span class='ocr_line' id='line_1_46' title="bbox 394 2136 1142 2191; baseline -0.012 -12"><span class='ocrx_word' id='word_1_233' title='bbox 394 2156 451 2191; x_wconf 89' lang='lat' dir='ltr'>per</span> <span class='ocrx_word' id='word_1_234' title='bbox 477 2156 556 2191; x_wconf 86' lang='lat' dir='ltr'>quae</span> <span class='ocrx_word' id='word_1_235' title='bbox 580 2143 752 2190; x_wconf 80' lang='lat' dir='ltr'>pretiosae,</span> <span class='ocrx_word' id='word_1_236' title='bbox 785 2149 980 2186; x_wconf 80' lang='lat' dir='ltr'>magnaeque</span> <span class='ocrx_word' id='word_1_237' title='bbox 1007 2136 1142 2183; x_wconf 90' lang='lat' dir='ltr'>promis-</span> 
     </span>
     <span class='ocr_line' id='line_1_47' title="bbox 395 2186 1142 2236; baseline -0.012 -8"><span class='ocrx_word' id='word_1_238' title='bbox 395 2194 501 2228; x_wconf 86' lang='lat' dir='ltr'>siones</span> <span class='ocrx_word' id='word_1_239' title='bbox 527 2193 661 2227; x_wconf 86' lang='lat' dir='ltr'>donatae</span> <span class='ocrx_word' id='word_1_240' title='bbox 682 2199 773 2234; x_wconf 81' lang='lat' dir='ltr'>sunt,</span> <span class='ocrx_word' id='word_1_241' title='bbox 806 2197 839 2223; x_wconf 93' lang='lat' dir='ltr'>ut</span> <span class='ocrx_word' id='word_1_242' title='bbox 867 2200 921 2236; x_wconf 88' lang='lat' dir='ltr'>per</span> <span class='ocrx_word' id='word_1_243' title='bbox 943 2188 1020 2221; x_wconf 89' lang='lat' dir='ltr'>haec</span> <span class='ocrx_word' id='word_1_244' title='bbox 1041 2186 1142 2220; x_wconf 88' lang='lat' dir='ltr'>simus</span> 
     </span>
     <span class='ocr_line' id='line_1_48' title="bbox 395 2235 1140 2283; baseline -0.011 -7"><span class='ocrx_word' id='word_1_245' title='bbox 395 2242 519 2277; x_wconf 87' lang='lat' dir='ltr'>divinae</span> <span class='ocrx_word' id='word_1_246' title='bbox 546 2250 706 2276; x_wconf 89' lang='lat' dir='ltr'>consortes</span> <span class='ocrx_word' id='word_1_247' title='bbox 728 2248 854 2274; x_wconf 89' lang='lat' dir='ltr'>naturae</span> <span class='ocrx_word' id='word_1_248' title='bbox 881 2237 1033 2283; x_wconf 80' lang='lat' dir='ltr'>fugientes</span> <span class='ocrx_word' id='word_1_249' title='bbox 1060 2235 1140 2274; x_wconf 89' lang='lat' dir='ltr'>eius,</span> 
     </span>
     <span class='ocr_line' id='line_1_49' title="bbox 395 2285 1141 2339; baseline -0.012 -13"><span class='ocrx_word' id='word_1_250' title='bbox 395 2303 475 2339; x_wconf 89' lang='lat' dir='ltr'>quae</span> <span class='ocrx_word' id='word_1_251' title='bbox 497 2292 528 2325; x_wconf 91' lang='lat' dir='ltr'>in</span> <span class='ocrx_word' id='word_1_252' title='bbox 548 2290 666 2325; x_wconf 90' lang='lat' dir='ltr'>mundo</span> <span class='ocrx_word' id='word_1_253' title='bbox 693 2296 750 2330; x_wconf 86' lang='lat' dir='ltr'>est,</span> <span class='ocrx_word' id='word_1_254' title='bbox 772 2285 1045 2333; x_wconf 79' lang='lat' dir='ltr'>concupiscentiae</span> <span class='ocrx_word' id='word_1_255' title='bbox 1064 2296 1141 2318; x_wconf 93' lang='lat' dir='ltr'>cor-</span> 
     </span>
     <span class='ocr_line' id='line_1_50' title="bbox 397 2333 1139 2388; baseline -0.011 -13"><span class='ocrx_word' id='word_1_256' title='bbox 397 2340 584 2388; x_wconf 89' lang='lat' dir='ltr'>ruptionem.</span> <span class='ocrx_word' id='word_1_257' title='bbox 632 2338 686 2373; x_wconf 89' lang='lat' dir='ltr'>Sic</span> <span class='ocrx_word' id='word_1_258' title='bbox 725 2338 817 2384; x_wconf 76' lang='lat' dir='ltr'>igitur</span> <span class='ocrx_word' id='word_1_259' title='bbox 850 2335 1072 2383; x_wconf 86' lang='lat' dir='ltr'>procedentem</span> <span class='ocrx_word' id='word_1_260' title='bbox 1109 2333 1139 2367; x_wconf 87' lang='lat' dir='ltr'>in</span> 
     </span>
     <span class='ocr_line' id='line_1_51' title="bbox 396 2383 1141 2433; baseline -0.012 -8"><span class='ocrx_word' id='word_1_261' title='bbox 396 2389 554 2433; x_wconf 89' lang='lat' dir='ltr'>Domino,</span> <span class='ocrx_word' id='word_1_262' title='bbox 581 2396 610 2424; x_wconf 88' lang='lat' dir='ltr'>et</span> <span class='ocrx_word' id='word_1_263' title='bbox 636 2387 836 2423; x_wconf 84' lang='lat' dir='ltr'>ascensiones</span> <span class='ocrx_word' id='word_1_264' title='bbox 858 2385 894 2420; x_wconf 88' lang='lat' dir='ltr'>ad</span> <span class='ocrx_word' id='word_1_265' title='bbox 917 2397 988 2419; x_wconf 88' lang='lat' dir='ltr'>eum</span> <span class='ocrx_word' id='word_1_266' title='bbox 1017 2383 1141 2418; x_wconf 84' lang='lat' dir='ltr'>facien-</span> 
     </span>
     <span class='ocr_line' id='line_1_52' title="bbox 397 2434 1140 2485; baseline -0.012 -11"><span class='ocrx_word' id='word_1_267' title='bbox 397 2448 458 2474; x_wconf 88' lang='lat' dir='ltr'>tem</span> <span class='ocrx_word' id='word_1_268' title='bbox 477 2439 515 2473; x_wconf 89' lang='lat' dir='ltr'>de</span> <span class='ocrx_word' id='word_1_269' title='bbox 534 2438 633 2485; x_wconf 82' lang='lat' dir='ltr'>gloria</span> <span class='ocrx_word' id='word_1_270' title='bbox 655 2437 686 2471; x_wconf 89' lang='lat' dir='ltr'>in</span> <span class='ocrx_word' id='word_1_271' title='bbox 708 2436 839 2482; x_wconf 77' lang='lat' dir='ltr'>gloriam</span> <span class='ocrx_word' id='word_1_272' title='bbox 858 2434 1039 2469; x_wconf 86' lang='lat' dir='ltr'>charitatem</span> <span class='ocrx_word' id='word_1_273' title='bbox 1056 2440 1140 2467; x_wconf 87' lang='lat' dir='ltr'>tuam</span> 
     </span>
     <span class='ocr_line' id='line_1_53' title="bbox 395 2484 1139 2533; baseline -0.011 -10"><span class='ocrx_word' id='word_1_274' title='bbox 395 2489 609 2532; x_wconf 78' lang='lat' dir='ltr'>exhortamur,</span> <span class='ocrx_word' id='word_1_275' title='bbox 628 2485 861 2533; x_wconf 80' lang='lat' dir='ltr'>religiosissime</span> <span class='ocrx_word' id='word_1_276' title='bbox 876 2484 979 2522; x_wconf 79' lang='lat' dir='ltr'>frater,</span> <span class='ocrx_word' id='word_1_277' title='bbox 1002 2489 1139 2516; x_wconf 86' lang='lat' dir='ltr'>nostram</span> 
     </span>
     <span class='ocr_line' id='line_1_54' title="bbox 395 2531 1142 2583; baseline -0.011 -11"><span class='ocrx_word' id='word_1_278' title='bbox 395 2538 465 2573; x_wconf 87' lang='lat' dir='ltr'>istic</span> <span class='ocrx_word' id='word_1_279' title='bbox 482 2537 581 2572; x_wconf 87' lang='lat' dir='ltr'>vicem</span> <span class='ocrx_word' id='word_1_280' title='bbox 598 2536 740 2583; x_wconf 80' lang='lat' dir='ltr'>implere,</span> <span class='ocrx_word' id='word_1_281' title='bbox 762 2534 842 2569; x_wconf 88' lang='lat' dir='ltr'>idest</span> <span class='ocrx_word' id='word_1_282' title='bbox 863 2533 893 2567; x_wconf 89' lang='lat' dir='ltr'>in</span> <span class='ocrx_word' id='word_1_283' title='bbox 916 2531 1055 2567; x_wconf 87' lang='lat' dir='ltr'>Orientis</span> <span class='ocrx_word' id='word_1_284' title='bbox 1073 2543 1142 2578; x_wconf 86' lang='lat' dir='ltr'>par-</span> 
     </span>
     <span class='ocr_line' id='line_1_55' title="bbox 397 2580 1140 2627; baseline -0.012 -5"><span class='ocrx_word' id='word_1_285' title='bbox 397 2587 493 2627; x_wconf 84' lang='lat' dir='ltr'>tibus,</span> <span class='ocrx_word' id='word_1_286' title='bbox 515 2587 546 2621; x_wconf 90' lang='lat' dir='ltr'>in</span> <span class='ocrx_word' id='word_1_287' title='bbox 573 2585 720 2621; x_wconf 90' lang='lat' dir='ltr'>omnibus</span> <span class='ocrx_word' id='word_1_288' title='bbox 750 2582 969 2619; x_wconf 86' lang='lat' dir='ltr'>ecclesiasticis</span> <span class='ocrx_word' id='word_1_289' title='bbox 996 2580 1140 2615; x_wconf 88' lang='lat' dir='ltr'>functio—</span> 
     </span>
    </p>
   </div>
   <div class='ocr_carea' id='block_1_9' title="bbox 396 2629 1167 2683">
    <p class='ocr_par' dir='ltr' id='par_1_10' title="bbox 396 2629 1167 2683">
     <span class='ocr_line' id='line_1_56' title="bbox 396 2629 1167 2683; baseline -0.008 -12"><span class='ocrx_word' id='word_1_290' title='bbox 396 2636 501 2680; x_wconf 84' lang='lat' dir='ltr'>nibus,</span> <span class='ocrx_word' id='word_1_291' title='bbox 523 2643 617 2683; x_wconf 86' lang='lat' dir='ltr'>atque</span> <span class='ocrx_word' id='word_1_292' title='bbox 643 2634 768 2670; x_wconf 85' lang='lat' dir='ltr'>officiis:</span> <span class='ocrx_word' id='word_1_293' title='bbox 800 2640 834 2668; x_wconf 89' lang='lat' dir='ltr'>ut</span> <span class='ocrx_word' id='word_1_294' title='bbox 859 2632 891 2668; x_wconf 89' lang='lat' dir='ltr'>in</span> <span class='ocrx_word' id='word_1_295' title='bbox 909 2632 969 2668; x_wconf 86' lang='lat' dir='ltr'>hoc</span> <span class='ocrx_word' id='word_1_296' title='bbox 992 2629 1139 2675; x_wconf 84' lang='lat' dir='ltr'>maxime,</span> <span class='ocrx_word' id='word_1_297' title='bbox 1164 2676 1167 2681; x_wconf 30' lang='grc' dir='ltr'>Ι</span> 
     </span>
    </p>
   </div>
   <div class='ocr_carea' id='block_1_10' title="bbox 432 2696 690 2734">
    <p class='ocr_par' dir='ltr' id='par_1_11' title="bbox 432 2696 690 2734">
     <span class='ocr_line' id='line_1_57' title="bbox 432 2696 690 2734; baseline -0.004 -10"><span class='ocrx_word' id='word_1_298' title='bbox 432 2697 472 2734; x_wconf 74' lang='lat' dir='ltr'>(a)</span> <span class='ocrx_word' id='word_1_299' title='bbox 493 2698 515 2724; x_wconf 81' lang='grc' dir='ltr'>ι.</span> <span class='ocrx_word' id='word_1_300' title='bbox 532 2696 647 2725; x_wconf 72' lang='lat' dir='ltr'>Timum.</span> <span class='ocrx_word' id='word_1_301' title='bbox 663 2696 690 2724; x_wconf 74' lang='lat'>³.</span> 
     </span>
    </p>
   </div>
   <div class='ocr_carea' id='block_1_11' title="bbox 980 314 1358 344">
    <p class='ocr_par' dir='ltr' id='par_1_12' title="bbox 980 314 1358 344">
     <span class='ocr_line' id='line_1_58' title="bbox 980 314 1358 344; baseline -0.021 0"><span class='ocrx_word' id='word_1_302' title='bbox 980 318 1168 344; x_wconf 72' lang='lat' dir='ltr'>BULLARIUM</span> <span class='ocrx_word' id='word_1_303' title='bbox 1194 314 1358 339; x_wconf 62' lang='lat' dir='ltr'>Romnum</span> 
     </span>
    </p>
   </div>
   <div class='ocr_carea' id='block_1_12' title="bbox 1179 360 1931 2614">
    <p class='ocr_par' dir='ltr' id='par_1_13' title="bbox 1179 360 1931 2614">
     <span class='ocr_line' id='line_1_59' title="bbox 1181 360 1920 415; baseline -0.014 -10"><span class='ocrx_word' id='word_1_304' title='bbox 1181 370 1261 405; x_wconf 88' lang='lat' dir='ltr'>sicut</span> <span class='ocrx_word' id='word_1_305' title='bbox 1286 373 1420 415; x_wconf 79' lang='lat' dir='ltr'>oportet,</span> <span class='ocrx_word' id='word_1_306' title='bbox 1443 362 1574 400; x_wconf 89' lang='lat' dir='ltr'>suscites</span> <span class='ocrx_word' id='word_1_307' title='bbox 1595 361 1724 409; x_wconf 79' lang='lat' dir='ltr'>gratiam</span> <span class='ocrx_word' id='word_1_308' title='bbox 1746 360 1816 401; x_wconf 82' lang='lat' dir='ltr'>Dei,</span> <span class='ocrx_word' id='word_1_309' title='bbox 1839 373 1920 409; x_wconf 85' lang='lat' dir='ltr'>quae</span> 
     </span>
     <span class='ocr_line' id='line_1_60' title="bbox 1181 411 1922 463; baseline -0.009 -9"><span class='ocrx_word' id='word_1_310' title='bbox 1181 419 1211 453; x_wconf 91' lang='lat' dir='ltr'>in</span> <span class='ocrx_word' id='word_1_311' title='bbox 1238 425 1269 453; x_wconf 88' lang='lat' dir='ltr'>te</span> <span class='ocrx_word' id='word_1_312' title='bbox 1290 424 1337 452; x_wconf 85' lang='lat' dir='ltr'>est</span> <span class='ocrx_word' id='word_1_313' title='bbox 1370 428 1424 463; x_wconf 88' lang='lat' dir='ltr'>per</span> <span class='ocrx_word' id='word_1_314' title='bbox 1455 413 1688 460; x_wconf 82' lang='lat' dir='ltr'>impositionem</span> <span class='ocrx_word' id='word_1_315' title='bbox 1721 411 1922 447; x_wconf 85' lang='lat' dir='ltr'>sacerdotalis</span> 
     </span>
     <span class='ocr_line' id='line_1_61' title="bbox 1181 461 1921 514; baseline -0.009 -11"><span class='ocrx_word' id='word_1_316' title='bbox 1181 467 1350 514; x_wconf 80' lang='lat' dir='ltr'>dignitatis,</span> <span class='ocrx_word' id='word_1_317' title='bbox 1377 472 1407 499; x_wconf 90' lang='lat' dir='ltr'>et</span> <span class='ocrx_word' id='word_1_318' title='bbox 1421 471 1542 497; x_wconf 88' lang='lat' dir='ltr'>nostrae</span> <span class='ocrx_word' id='word_1_319' title='bbox 1565 461 1753 509; x_wconf 88' lang='lat' dir='ltr'>apostolicae</span> <span class='ocrx_word' id='word_1_320' title='bbox 1779 461 1855 496; x_wconf 89' lang='lat' dir='ltr'>vicis</span> <span class='ocrx_word' id='word_1_321' title='bbox 1870 464 1921 505; x_wconf 76' lang='lat' dir='ltr'>(a).</span> 
     </span>
     <span class='ocr_line' id='line_1_62' title="bbox 1180 510 1922 558; baseline -0.011 -6"><span class='ocrx_word' id='word_1_322' title='bbox 1180 517 1250 551; x_wconf 90' lang='lat' dir='ltr'>Non</span> <span class='ocrx_word' id='word_1_323' title='bbox 1273 516 1353 551; x_wconf 88' lang='lat' dir='ltr'>enim</span> <span class='ocrx_word' id='word_1_324' title='bbox 1384 512 1467 547; x_wconf 84' lang='lat' dir='ltr'>dedit</span> <span class='ocrx_word' id='word_1_325' title='bbox 1494 511 1584 545; x_wconf 84' lang='lat' dir='ltr'>nobis</span> <span class='ocrx_word' id='word_1_326' title='bbox 1609 511 1696 545; x_wconf 88' lang='lat' dir='ltr'>Dens</span> <span class='ocrx_word' id='word_1_327' title='bbox 1718 510 1862 558; x_wconf 86' lang='lat' dir='ltr'>spiritum</span> <span class='ocrx_word' id='word_1_328' title='bbox 1882 511 1922 544; x_wconf 87' lang='lat' dir='ltr'>ti-</span> 
     </span>
     <span class='ocr_line' id='line_1_63' title="bbox 1181 560 1923 609; baseline -0.008 -8"><span class='ocrx_word' id='word_1_329' title='bbox 1181 566 1289 609; x_wconf 87' lang='lat' dir='ltr'>moris,</span> <span class='ocrx_word' id='word_1_330' title='bbox 1307 563 1362 599; x_wconf 87' lang='lat' dir='ltr'>sed</span> <span class='ocrx_word' id='word_1_331' title='bbox 1390 561 1593 605; x_wconf 88' lang='lat' dir='ltr'>fortitudinis,</span> <span class='ocrx_word' id='word_1_332' title='bbox 1619 568 1649 595; x_wconf 87' lang='lat' dir='ltr'>et</span> <span class='ocrx_word' id='word_1_333' title='bbox 1670 560 1863 601; x_wconf 86' lang='lat' dir='ltr'>dilectionis,</span> <span class='ocrx_word' id='word_1_334' title='bbox 1891 568 1923 595; x_wconf 90' lang='lat' dir='ltr'>et</span> 
     </span>
     <span class='ocr_line' id='line_1_64' title="bbox 1181 609 1924 662; baseline -0.009 -12"><span class='ocrx_word' id='word_1_335' title='bbox 1181 614 1364 662; x_wconf 88' lang='lat' dir='ltr'>prudentiae</span> <span class='ocrx_word' id='word_1_336' title='bbox 1390 611 1426 646; x_wconf 92' lang='lat' dir='ltr'>ad</span> <span class='ocrx_word' id='word_1_337' title='bbox 1454 609 1626 645; x_wconf 88' lang='lat' dir='ltr'>tollendam</span> <span class='ocrx_word' id='word_1_338' title='bbox 1655 621 1782 644; x_wconf 90' lang='lat' dir='ltr'>omnem</span> <span class='ocrx_word' id='word_1_339' title='bbox 1809 609 1924 644; x_wconf 87' lang='lat' dir='ltr'>haere-</span> 
     </span>
     <span class='ocr_line' id='line_1_65' title="bbox 1180 658 1923 710; baseline -0.009 -11"><span class='ocrx_word' id='word_1_340' title='bbox 1180 666 1252 709; x_wconf 87' lang='lat' dir='ltr'>sim,</span> <span class='ocrx_word' id='word_1_341' title='bbox 1279 674 1358 710; x_wconf 90' lang='lat' dir='ltr'>quae</span> <span class='ocrx_word' id='word_1_342' title='bbox 1379 660 1473 696; x_wconf 89' lang='lat' dir='ltr'>verbo</span> <span class='ocrx_word' id='word_1_343' title='bbox 1501 659 1574 693; x_wconf 82' lang='lat' dir='ltr'>fidei</span> <span class='ocrx_word' id='word_1_344' title='bbox 1606 658 1805 699; x_wconf 83' lang='lat' dir='ltr'>adversatur,</span> <span class='ocrx_word' id='word_1_345' title='bbox 1832 667 1862 693; x_wconf 88' lang='lat' dir='ltr'>et</span> <span class='ocrx_word' id='word_1_346' title='bbox 1883 658 1923 693; x_wconf 88' lang='lat' dir='ltr'>ad</span> 
     </span>
     <span class='ocr_line' id='line_1_66' title="bbox 1180 708 1920 756; baseline -0.008 -8"><span class='ocrx_word' id='word_1_347' title='bbox 1180 725 1273 748; x_wconf 90' lang='lat' dir='ltr'>omne</span> <span class='ocrx_word' id='word_1_348' title='bbox 1295 712 1402 747; x_wconf 92' lang='lat' dir='ltr'>vitium</span> <span class='ocrx_word' id='word_1_349' title='bbox 1425 708 1687 756; x_wconf 77' lang='lat' dir='ltr'>expugnandum,</span> <span class='ocrx_word' id='word_1_350' title='bbox 1714 708 1798 755; x_wconf 90' lang='lat' dir='ltr'>quod</span> <span class='ocrx_word' id='word_1_351' title='bbox 1818 708 1920 742; x_wconf 90' lang='lat' dir='ltr'>virtuti</span> 
     </span>
     <span class='ocr_line' id='line_1_67' title="bbox 1181 758 1923 804; baseline -0.007 -7"><span class='ocrx_word' id='word_1_352' title='bbox 1181 763 1304 797; x_wconf 88' lang='lat' dir='ltr'>divinae</span> <span class='ocrx_word' id='word_1_353' title='bbox 1326 760 1516 795; x_wconf 86' lang='lat' dir='ltr'>contrarium</span> <span class='ocrx_word' id='word_1_354' title='bbox 1532 758 1589 799; x_wconf 85' lang='lat' dir='ltr'>sit;</span> <span class='ocrx_word' id='word_1_355' title='bbox 1617 765 1650 792; x_wconf 87' lang='lat' dir='ltr'>ut</span> <span class='ocrx_word' id='word_1_356' title='bbox 1668 758 1712 792; x_wconf 89' lang='lat' dir='ltr'>sic</span> <span class='ocrx_word' id='word_1_357' title='bbox 1735 769 1923 804; x_wconf 87' lang='lat' dir='ltr'>prosperans</span> 
     </span>
     <span class='ocr_line' id='line_1_68' title="bbox 1181 806 1923 854; baseline -0.005 -8"><span class='ocrx_word' id='word_1_358' title='bbox 1181 812 1212 846; x_wconf 93' lang='lat' dir='ltr'>in</span> <span class='ocrx_word' id='word_1_359' title='bbox 1234 811 1383 854; x_wconf 89' lang='lat' dir='ltr'>Domino,</span> <span class='ocrx_word' id='word_1_360' title='bbox 1410 821 1444 843; x_wconf 91' lang='lat' dir='ltr'>ea</span> <span class='ocrx_word' id='word_1_361' title='bbox 1466 819 1545 854; x_wconf 89' lang='lat' dir='ltr'>quae</span> <span class='ocrx_word' id='word_1_362' title='bbox 1571 806 1684 842; x_wconf 90' lang='lat' dir='ltr'>desunt</span> <span class='ocrx_word' id='word_1_363' title='bbox 1706 807 1860 853; x_wconf 74' lang='lat' dir='ltr'>corrigas,</span> <span class='ocrx_word' id='word_1_364' title='bbox 1894 815 1923 842; x_wconf 86' lang='lat' dir='ltr'>et</span> 
     </span>
     <span class='ocr_line' id='line_1_69' title="bbox 1181 856 1922 905; baseline -0.007 -9"><span class='ocrx_word' id='word_1_365' title='bbox 1181 861 1351 896; x_wconf 87' lang='lat' dir='ltr'>constituas</span> <span class='ocrx_word' id='word_1_366' title='bbox 1379 871 1434 905; x_wconf 89' lang='lat' dir='ltr'>per</span> <span class='ocrx_word' id='word_1_367' title='bbox 1459 869 1586 892; x_wconf 88' lang='lat' dir='ltr'>omnem</span> <span class='ocrx_word' id='word_1_368' title='bbox 1613 856 1769 891; x_wconf 85' lang='lat' dir='ltr'>civitatem</span> <span class='ocrx_word' id='word_1_369' title='bbox 1802 868 1922 898; x_wconf 82' lang='lat' dir='ltr'>earum,</span> 
     </span>
     <span class='ocr_line' id='line_1_70' title="bbox 1180 905 1923 957; baseline -0.007 -12"><span class='ocrx_word' id='word_1_370' title='bbox 1180 922 1260 957; x_wconf 86' lang='lat' dir='ltr'>quae</span> <span class='ocrx_word' id='word_1_371' title='bbox 1281 909 1347 944; x_wconf 87' lang='lat' dir='ltr'>sedi</span> <span class='ocrx_word' id='word_1_372' title='bbox 1363 917 1428 943; x_wconf 89' lang='lat' dir='ltr'>tum</span> <span class='ocrx_word' id='word_1_373' title='bbox 1451 905 1753 953; x_wconf 85' lang='lat' dir='ltr'>Hierosolymitanae</span> <span class='ocrx_word' id='word_1_374' title='bbox 1768 913 1834 940; x_wconf 90' lang='lat' dir='ltr'>tum</span> <span class='ocrx_word' id='word_1_375' title='bbox 1854 906 1923 940; x_wconf 84' lang='lat' dir='ltr'>An-</span> 
     </span>
     <span class='ocr_line' id='line_1_71' title="bbox 1179 955 1925 1002; baseline -0.008 -8"><span class='ocrx_word' id='word_1_376' title='bbox 1179 960 1342 994; x_wconf 89' lang='lat' dir='ltr'>tiochenae</span> <span class='ocrx_word' id='word_1_377' title='bbox 1364 957 1509 998; x_wconf 87' lang='lat' dir='ltr'>subsunt,</span> <span class='ocrx_word' id='word_1_378' title='bbox 1532 955 1710 1002; x_wconf 84' lang='lat' dir='ltr'>episcopos,</span> <span class='ocrx_word' id='word_1_379' title='bbox 1736 962 1767 989; x_wconf 91' lang='lat' dir='ltr'>et</span> <span class='ocrx_word' id='word_1_380' title='bbox 1793 955 1925 1002; x_wconf 77' lang='lat' dir='ltr'>presby-</span> 
     </span>
     <span class='ocr_line' id='line_1_72' title="bbox 1179 1004 1927 1050; baseline -0.008 -6"><span class='ocrx_word' id='word_1_381' title='bbox 1179 1016 1274 1050; x_wconf 86' lang='lat' dir='ltr'>teros,</span> <span class='ocrx_word' id='word_1_382' title='bbox 1290 1016 1320 1043; x_wconf 92' lang='lat' dir='ltr'>et</span> <span class='ocrx_word' id='word_1_383' title='bbox 1341 1007 1502 1050; x_wconf 87' lang='lat' dir='ltr'>diaconos,</span> <span class='ocrx_word' id='word_1_384' title='bbox 1524 1004 1584 1039; x_wconf 88' lang='lat' dir='ltr'>hoc</span> <span class='ocrx_word' id='word_1_385' title='bbox 1604 1004 1661 1038; x_wconf 89' lang='lat' dir='ltr'>tibi</span> <span class='ocrx_word' id='word_1_386' title='bbox 1681 1004 1863 1039; x_wconf 90' lang='lat' dir='ltr'>omnimodo</span> <span class='ocrx_word' id='word_1_387' title='bbox 1884 1004 1927 1039; x_wconf 82' lang='lat' dir='ltr'>fa-</span> 
     </span>
     <span class='ocr_line' id='line_1_73' title="bbox 1180 1053 1925 1105; baseline -0.005 -13"><span class='ocrx_word' id='word_1_388' title='bbox 1180 1070 1251 1093; x_wconf 89' lang='lat' dir='ltr'>cere</span> <span class='ocrx_word' id='word_1_389' title='bbox 1275 1055 1536 1105; x_wconf 87' lang='lat' dir='ltr'>praecipientibus</span> <span class='ocrx_word' id='word_1_390' title='bbox 1565 1053 1656 1088; x_wconf 89' lang='lat' dir='ltr'>nobis</span> <span class='ocrx_word' id='word_1_391' title='bbox 1684 1066 1721 1088; x_wconf 80' lang='lat' dir='ltr'>ex</span> <span class='ocrx_word' id='word_1_392' title='bbox 1753 1053 1925 1101; x_wconf 90' lang='lat' dir='ltr'>apostolica</span> 
     </span>
     <span class='ocr_line' id='line_1_74' title="bbox 1179 1103 1922 1152; baseline -0.007 -10"><span class='ocrx_word' id='word_1_393' title='bbox 1179 1107 1375 1150; x_wconf 81' lang='lat' dir='ltr'>auctoritate,</span> <span class='ocrx_word' id='word_1_394' title='bbox 1398 1117 1477 1152; x_wconf 85' lang='lat' dir='ltr'>qnae</span> <span class='ocrx_word' id='word_1_395' title='bbox 1492 1104 1561 1138; x_wconf 90' lang='lat' dir='ltr'>data</span> <span class='ocrx_word' id='word_1_396' title='bbox 1585 1110 1631 1138; x_wconf 89' lang='lat' dir='ltr'>est</span> <span class='ocrx_word' id='word_1_397' title='bbox 1648 1103 1737 1138; x_wconf 91' lang='lat' dir='ltr'>nobis</span> <span class='ocrx_word' id='word_1_398' title='bbox 1755 1115 1769 1137; x_wconf 89' lang='lat' dir='ltr'>a</span> <span class='ocrx_word' id='word_1_399' title='bbox 1786 1103 1922 1137; x_wconf 90' lang='lat' dir='ltr'>Domino</span> 
     </span>
     <span class='ocr_line' id='line_1_75' title="bbox 1179 1152 1925 1203; baseline -0.005 -13"><span class='ocrx_word' id='word_1_400' title='bbox 1179 1169 1234 1203; x_wconf 91' lang='lat' dir='ltr'>per</span> <span class='ocrx_word' id='word_1_401' title='bbox 1255 1156 1384 1190; x_wconf 88' lang='lat' dir='ltr'>Petrum</span> <span class='ocrx_word' id='word_1_402' title='bbox 1408 1153 1659 1192; x_wconf 75' lang='lat' dir='ltr'>sanctissimum,</span> <span class='ocrx_word' id='word_1_403' title='bbox 1686 1160 1717 1186; x_wconf 84' lang='lat' dir='ltr'>et</span> <span class='ocrx_word' id='word_1_404' title='bbox 1751 1152 1925 1199; x_wconf 88' lang='lat' dir='ltr'>principem</span> 
     </span>
     <span class='ocr_line' id='line_1_76' title="bbox 1179 1201 1925 1252; baseline -0.004 -13"><span class='ocrx_word' id='word_1_405' title='bbox 1179 1205 1408 1252; x_wconf 87' lang='lat' dir='ltr'>apostolorum,</span> <span class='ocrx_word' id='word_1_406' title='bbox 1443 1211 1568 1250; x_wconf 90' lang='lat' dir='ltr'>propter</span> <span class='ocrx_word' id='word_1_407' title='bbox 1593 1201 1752 1248; x_wconf 80' lang='lat' dir='ltr'>angustias</span> <span class='ocrx_word' id='word_1_408' title='bbox 1774 1202 1925 1248; x_wconf 88' lang='lat' dir='ltr'>temporis</span> 
     </span>
     <span class='ocr_line' id='line_1_77' title="bbox 1180 1251 1924 1300; baseline -0.005 -12"><span class='ocrx_word' id='word_1_409' title='bbox 1180 1254 1290 1298; x_wconf 82' lang='lat' dir='ltr'>nostri,</span> <span class='ocrx_word' id='word_1_410' title='bbox 1311 1262 1340 1288; x_wconf 86' lang='lat' dir='ltr'>et</span> <span class='ocrx_word' id='word_1_411' title='bbox 1359 1264 1537 1300; x_wconf 86' lang='lat' dir='ltr'>pressuram</span> <span class='ocrx_word' id='word_1_412' title='bbox 1552 1251 1707 1297; x_wconf 80' lang='lat' dir='ltr'>gentium:</span> <span class='ocrx_word' id='word_1_413' title='bbox 1724 1262 1762 1284; x_wconf 90' lang='lat' dir='ltr'>ne</span> <span class='ocrx_word' id='word_1_414' title='bbox 1776 1263 1877 1297; x_wconf 91' lang='lat' dir='ltr'>usque</span> <span class='ocrx_word' id='word_1_415' title='bbox 1893 1251 1924 1284; x_wconf 91' lang='lat' dir='ltr'>in</span> 
     </span>
     <span class='ocr_line' id='line_1_78' title="bbox 1181 1299 1925 1348; baseline -0.004 -11"><span class='ocrx_word' id='word_1_416' title='bbox 1181 1303 1273 1338; x_wconf 80' lang='lat' dir='ltr'>linem</span> <span class='ocrx_word' id='word_1_417' title='bbox 1297 1303 1328 1337; x_wconf 91' lang='lat' dir='ltr'>in</span> <span class='ocrx_word' id='word_1_418' title='bbox 1348 1302 1407 1337; x_wconf 90' lang='lat' dir='ltr'>illis</span> <span class='ocrx_word' id='word_1_419' title='bbox 1423 1301 1561 1348; x_wconf 85' lang='lat' dir='ltr'>partibus</span> <span class='ocrx_word' id='word_1_420' title='bbox 1576 1300 1701 1334; x_wconf 81' lang='lat' dir='ltr'>deficiat</span> <span class='ocrx_word' id='word_1_421' title='bbox 1723 1299 1925 1334; x_wconf 84' lang='lat' dir='ltr'>sacerdotalis</span> 
     </span>
     <span class='ocr_line' id='line_1_79' title="bbox 1180 1348 1924 1389; baseline -0.004 -3"><span class='ocrx_word' id='word_1_422' title='bbox 1180 1352 1303 1387; x_wconf 89' lang='lat' dir='ltr'>decoris</span> <span class='ocrx_word' id='word_1_423' title='bbox 1324 1351 1458 1387; x_wconf 84' lang='lat' dir='ltr'>eximius</span> <span class='ocrx_word' id='word_1_424' title='bbox 1480 1349 1569 1389; x_wconf 89' lang='lat' dir='ltr'>ordo,</span> <span class='ocrx_word' id='word_1_425' title='bbox 1591 1361 1627 1384; x_wconf 91' lang='lat' dir='ltr'>ac</span> <span class='ocrx_word' id='word_1_426' title='bbox 1653 1360 1692 1384; x_wconf 88' lang='lat' dir='ltr'>ne</span> <span class='ocrx_word' id='word_1_427' title='bbox 1713 1348 1786 1384; x_wconf 88' lang='lat' dir='ltr'>inde</span> <span class='ocrx_word' id='word_1_428' title='bbox 1808 1348 1847 1383; x_wconf 87' lang='lat' dir='ltr'>de</span> <span class='ocrx_word' id='word_1_429' title='bbox 1862 1361 1924 1383; x_wconf 71' lang='lat' dir='ltr'>cte-</span> 
     </span>
     <span class='ocr_line' id='line_1_80' title="bbox 1179 1399 1924 1446; baseline -0.004 -11"><span class='ocrx_word' id='word_1_430' title='bbox 1179 1409 1245 1438; x_wconf 84' lang='lat' dir='ltr'>tero</span> <span class='ocrx_word' id='word_1_431' title='bbox 1269 1409 1391 1436; x_wconf 90' lang='lat' dir='ltr'>nostrae</span> <span class='ocrx_word' id='word_1_432' title='bbox 1413 1399 1572 1446; x_wconf 83' lang='lat' dir='ltr'>religionis</span> <span class='ocrx_word' id='word_1_433' title='bbox 1599 1410 1747 1444; x_wconf 82' lang='lat' dir='ltr'>magnum</span> <span class='ocrx_word' id='word_1_434' title='bbox 1777 1406 1808 1433; x_wconf 91' lang='lat' dir='ltr'>et</span> <span class='ocrx_word' id='word_1_435' title='bbox 1830 1410 1924 1433; x_wconf 87' lang='lat' dir='ltr'>vene-</span> 
     </span>
     <span class='ocr_line' id='line_1_81' title="bbox 1179 1447 1927 1497; baseline -0.005 -12"><span class='ocrx_word' id='word_1_436' title='bbox 1179 1451 1312 1485; x_wconf 89' lang='lat' dir='ltr'>randum</span> <span class='ocrx_word' id='word_1_437' title='bbox 1353 1450 1536 1497; x_wconf 81' lang='lat' dir='ltr'>mysterium</span> <span class='ocrx_word' id='word_1_438' title='bbox 1568 1449 1741 1495; x_wconf 83' lang='lat' dir='ltr'>ignoretur.</span> <span class='ocrx_word' id='word_1_439' title='bbox 1790 1447 1825 1482; x_wconf 94' lang='lat' dir='ltr'>Si</span> <span class='ocrx_word' id='word_1_440' title='bbox 1865 1447 1927 1482; x_wconf 86' lang='lat' dir='ltr'>iam</span> 
     </span>
     <span class='ocr_line' id='line_1_82' title="bbox 1179 1497 1928 1543; baseline -0.005 -9"><span class='ocrx_word' id='word_1_441' title='bbox 1179 1512 1242 1534; x_wconf 91' lang='lat' dir='ltr'>non</span> <span class='ocrx_word' id='word_1_442' title='bbox 1264 1501 1304 1534; x_wconf 92' lang='lat' dir='ltr'>sit</span> <span class='ocrx_word' id='word_1_443' title='bbox 1325 1499 1486 1543; x_wconf 86' lang='lat' dir='ltr'>sacerdos,</span> <span class='ocrx_word' id='word_1_444' title='bbox 1509 1506 1538 1532; x_wconf 92' lang='lat' dir='ltr'>et</span> <span class='ocrx_word' id='word_1_445' title='bbox 1560 1497 1749 1532; x_wconf 87' lang='lat' dir='ltr'>sacrificium</span> <span class='ocrx_word' id='word_1_446' title='bbox 1781 1504 1835 1531; x_wconf 88' lang='lat' dir='ltr'>aut</span> <span class='ocrx_word' id='word_1_447' title='bbox 1860 1498 1928 1543; x_wconf 86' lang='lat' dir='ltr'>spi-</span> 
     </span>
     <span class='ocr_line' id='line_1_83' title="bbox 1179 1545 1928 1595; baseline -0.005 -12"><span class='ocrx_word' id='word_1_448' title='bbox 1179 1549 1289 1584; x_wconf 88' lang='lat' dir='ltr'>rituale</span> <span class='ocrx_word' id='word_1_449' title='bbox 1312 1549 1460 1589; x_wconf 87' lang='lat' dir='ltr'>libamen,</span> <span class='ocrx_word' id='word_1_450' title='bbox 1483 1547 1566 1595; x_wconf 89' lang='lat' dir='ltr'>quod</span> <span class='ocrx_word' id='word_1_451' title='bbox 1581 1546 1694 1593; x_wconf 82' lang='lat' dir='ltr'>iugiter</span> <span class='ocrx_word' id='word_1_452' title='bbox 1715 1546 1783 1581; x_wconf 88' lang='lat' dir='ltr'>Deo</span> <span class='ocrx_word' id='word_1_453' title='bbox 1798 1545 1829 1580; x_wconf 89' lang='lat' dir='ltr'>in</span> <span class='ocrx_word' id='word_1_454' title='bbox 1848 1546 1928 1580; x_wconf 92' lang='lat' dir='ltr'>odo-</span> 
     </span>
     <span class='ocr_line' id='line_1_84' title="bbox 1180 1594 1926 1644; baseline -0.007 -11"><span class='ocrx_word' id='word_1_455' title='bbox 1180 1610 1244 1633; x_wconf 89' lang='lat' dir='ltr'>rem</span> <span class='ocrx_word' id='word_1_456' title='bbox 1260 1598 1421 1633; x_wconf 88' lang='lat' dir='ltr'>suavitatis</span> <span class='ocrx_word' id='word_1_457' title='bbox 1445 1609 1501 1644; x_wconf 89' lang='lat' dir='ltr'>pro</span> <span class='ocrx_word' id='word_1_458' title='bbox 1522 1596 1622 1631; x_wconf 89' lang='lat' dir='ltr'>salute</span> <span class='ocrx_word' id='word_1_459' title='bbox 1638 1595 1744 1642; x_wconf 92' lang='lat' dir='ltr'>populi</span> <span class='ocrx_word' id='word_1_460' title='bbox 1767 1594 1926 1629; x_wconf 78' lang='lat' dir='ltr'>offeratur.</span> 
     </span>
     <span class='ocr_line' id='line_1_85' title="bbox 1179 1645 1928 1694; baseline -0.005 -12"><span class='ocrx_word' id='word_1_461' title='bbox 1179 1647 1257 1682; x_wconf 84' lang='lat' dir='ltr'>Nam</span> <span class='ocrx_word' id='word_1_462' title='bbox 1291 1654 1418 1694; x_wconf 90' lang='lat' dir='ltr'>oportet</span> <span class='ocrx_word' id='word_1_463' title='bbox 1450 1647 1480 1681; x_wconf 90' lang='lat' dir='ltr'>in</span> <span class='ocrx_word' id='word_1_464' title='bbox 1520 1646 1579 1679; x_wconf 92' lang='lat' dir='ltr'>hoc</span> <span class='ocrx_word' id='word_1_465' title='bbox 1617 1645 1752 1679; x_wconf 83' lang='lat' dir='ltr'>maxime</span> <span class='ocrx_word' id='word_1_466' title='bbox 1785 1652 1928 1691; x_wconf 84' lang='lat' dir='ltr'>tempore</span> 
     </span>
     <span class='ocr_line' id='line_1_86' title="bbox 1180 1693 1926 1743; baseline -0.005 -12"><span class='ocrx_word' id='word_1_467' title='bbox 1180 1697 1358 1743; x_wconf 85' lang='lat' dir='ltr'>pastoribus</span> <span class='ocrx_word' id='word_1_468' title='bbox 1396 1694 1611 1743; x_wconf 89' lang='lat' dir='ltr'>spiritualibus</span> <span class='ocrx_word' id='word_1_469' title='bbox 1654 1693 1844 1740; x_wconf 83' lang='lat' dir='ltr'>frequentari</span> <span class='ocrx_word' id='word_1_470' title='bbox 1889 1705 1926 1728; x_wconf 90' lang='lat' dir='ltr'>ac</span> 
     </span>
     <span class='ocr_line' id='line_1_87' title="bbox 1180 1742 1927 1793; baseline -0.003 -14"><span class='ocrx_word' id='word_1_471' title='bbox 1180 1746 1307 1786; x_wconf 82' lang='lat' dir='ltr'>muniri,</span> <span class='ocrx_word' id='word_1_472' title='bbox 1335 1758 1415 1793; x_wconf 88' lang='lat' dir='ltr'>quae</span> <span class='ocrx_word' id='word_1_473' title='bbox 1443 1745 1560 1791; x_wconf 87' lang='lat' dir='ltr'>ubique</span> <span class='ocrx_word' id='word_1_474' title='bbox 1581 1751 1652 1778; x_wconf 89' lang='lat' dir='ltr'>sunt</span> <span class='ocrx_word' id='word_1_475' title='bbox 1675 1743 1732 1777; x_wconf 89' lang='lat' dir='ltr'>Dei</span> <span class='ocrx_word' id='word_1_476' title='bbox 1756 1742 1927 1777; x_wconf 85' lang='lat' dir='ltr'>catholicas</span> 
     </span>
     <span class='ocr_line' id='line_1_88' title="bbox 1179 1792 1927 1842; baseline -0.005 -13"><span class='ocrx_word' id='word_1_477' title='bbox 1179 1794 1351 1840; x_wconf 84' lang='lat' dir='ltr'>Ecclesias,</span> <span class='ocrx_word' id='word_1_478' title='bbox 1378 1807 1440 1842; x_wconf 90' lang='lat' dir='ltr'>quo</span> <span class='ocrx_word' id='word_1_479' title='bbox 1457 1795 1538 1829; x_wconf 85' lang='lat' dir='ltr'>iuxta</span> <span class='ocrx_word' id='word_1_480' title='bbox 1563 1793 1662 1840; x_wconf 87' lang='lat' dir='ltr'>ipsius</span> <span class='ocrx_word' id='word_1_481' title='bbox 1686 1792 1811 1827; x_wconf 84' lang='lat' dir='ltr'>Domini</span> <span class='ocrx_word' id='word_1_482' title='bbox 1836 1804 1927 1839; x_wconf 84' lang='lat' dir='ltr'>prae-</span> 
     </span>
     <span class='ocr_line' id='line_1_89' title="bbox 1180 1844 1926 1889; baseline -0.001 -12"><span class='ocrx_word' id='word_1_483' title='bbox 1180 1844 1357 1889; x_wconf 87' lang='lat' dir='ltr'>dictiones,</span> <span class='ocrx_word' id='word_1_484' title='bbox 1391 1844 1609 1878; x_wconf 90' lang='lat' dir='ltr'>tribulationes</span> <span class='ocrx_word' id='word_1_485' title='bbox 1645 1851 1773 1889; x_wconf 83' lang='lat' dir='ltr'>propter</span> <span class='ocrx_word' id='word_1_486' title='bbox 1801 1850 1926 1888; x_wconf 81' lang='lat' dir='ltr'>peccata</span> 
     </span>
     <span class='ocr_line' id='line_1_90' title="bbox 1181 1891 1927 1940; baseline -0.004 -13"><span class='ocrx_word' id='word_1_487' title='bbox 1181 1901 1286 1928; x_wconf 88' lang='lat' dir='ltr'>nostra</span> <span class='ocrx_word' id='word_1_488' title='bbox 1307 1902 1480 1934; x_wconf 89' lang='lat' dir='ltr'>venerunt,</span> <span class='ocrx_word' id='word_1_489' title='bbox 1513 1892 1622 1940; x_wconf 87' lang='lat' dir='ltr'>quales</span> <span class='ocrx_word' id='word_1_490' title='bbox 1653 1904 1714 1926; x_wconf 94' lang='lat' dir='ltr'>non</span> <span class='ocrx_word' id='word_1_491' title='bbox 1741 1891 1867 1926; x_wconf 88' lang='lat' dir='ltr'>fuerunt</span> <span class='ocrx_word' id='word_1_492' title='bbox 1888 1891 1927 1925; x_wconf 77' lang='lat' dir='ltr'>ab</span> 
     </span>
     <span class='ocr_line' id='line_1_91' title="bbox 1182 1940 1929 1989; baseline -0.004 -13"><span class='ocrx_word' id='word_1_493' title='bbox 1182 1943 1269 1977; x_wconf 88' lang='lat' dir='ltr'>initio</span> <span class='ocrx_word' id='word_1_494' title='bbox 1296 1943 1406 1977; x_wconf 87' lang='lat' dir='ltr'>mundi</span> <span class='ocrx_word' id='word_1_495' title='bbox 1443 1955 1541 1989; x_wconf 90' lang='lat' dir='ltr'>usque</span> <span class='ocrx_word' id='word_1_496' title='bbox 1570 1941 1674 1984; x_wconf 89' lang='lat' dir='ltr'>modo,</span> <span class='ocrx_word' id='word_1_497' title='bbox 1709 1952 1812 1988; x_wconf 84' lang='lat' dir='ltr'>neque</span> <span class='ocrx_word' id='word_1_498' title='bbox 1842 1940 1929 1984; x_wconf 88' lang='lat' dir='ltr'>fient,</span> 
     </span>
     <span class='ocr_line' id='line_1_92' title="bbox 1182 1990 1930 2039; baseline -0.005 -13"><span class='ocrx_word' id='word_1_499' title='bbox 1182 2004 1253 2027; x_wconf 88' lang='lat' dir='ltr'>cum</span> <span class='ocrx_word' id='word_1_500' title='bbox 1277 1992 1391 2039; x_wconf 87' lang='lat' dir='ltr'>quibus</span> <span class='ocrx_word' id='word_1_501' title='bbox 1413 2000 1443 2027; x_wconf 90' lang='lat' dir='ltr'>et</span> <span class='ocrx_word' id='word_1_502' title='bbox 1468 2003 1600 2038; x_wconf 81' lang='lat' dir='ltr'>magnae</span> <span class='ocrx_word' id='word_1_503' title='bbox 1618 1990 1839 2025; x_wconf 87' lang='lat' dir='ltr'>scandalorum</span> <span class='ocrx_word' id='word_1_504' title='bbox 1858 1996 1930 2023; x_wconf 89' lang='lat' dir='ltr'>ten-</span> 
     </span>
     <span class='ocr_line' id='line_1_93' title="bbox 1182 2038 1930 2081; baseline -0.004 -6"><span class='ocrx_word' id='word_1_505' title='bbox 1182 2042 1315 2077; x_wconf 86' lang='lat' dir='ltr'>tationes</span> <span class='ocrx_word' id='word_1_506' title='bbox 1337 2049 1371 2076; x_wconf 89' lang='lat' dir='ltr'>ut</span> <span class='ocrx_word' id='word_1_507' title='bbox 1392 2042 1422 2076; x_wconf 91' lang='lat' dir='ltr'>in</span> <span class='ocrx_word' id='word_1_508' title='bbox 1441 2053 1579 2076; x_wconf 88' lang='lat' dir='ltr'>errorem</span> <span class='ocrx_word' id='word_1_509' title='bbox 1596 2040 1795 2081; x_wconf 86' lang='lat' dir='ltr'>inducantur,</span> <span class='ocrx_word' id='word_1_510' title='bbox 1818 2039 1844 2073; x_wconf 88' lang='lat' dir='ltr'>si</span> <span class='ocrx_word' id='word_1_511' title='bbox 1862 2038 1930 2073; x_wconf 83' lang='lat' dir='ltr'>fieri</span> 
     </span>
     <span class='ocr_line' id='line_1_94' title="bbox 1182 2087 1929 2137; baseline -0.005 -12"><span class='ocrx_word' id='word_1_512' title='bbox 1182 2098 1285 2137; x_wconf 87' lang='lat' dir='ltr'>potest</span> <span class='ocrx_word' id='word_1_513' title='bbox 1311 2091 1403 2125; x_wconf 87' lang='lat' dir='ltr'>etiam</span> <span class='ocrx_word' id='word_1_514' title='bbox 1420 2090 1510 2125; x_wconf 88' lang='lat' dir='ltr'>electi</span> <span class='ocrx_word' id='word_1_515' title='bbox 1539 2091 1588 2133; x_wconf 85' lang='lat' dir='ltr'>(b).</span> <span class='ocrx_word' id='word_1_516' title='bbox 1616 2089 1771 2131; x_wconf 81' lang='lat' dir='ltr'>Quocirca</span> <span class='ocrx_word' id='word_1_517' title='bbox 1800 2100 1839 2123; x_wconf 90' lang='lat' dir='ltr'>ne</span> <span class='ocrx_word' id='word_1_518' title='bbox 1864 2087 1929 2122; x_wconf 76' lang='lat' dir='ltr'>dit-</span> 
     </span>
     <span class='ocr_line' id='line_1_95' title="bbox 1182 2137 1928 2185; baseline -0.005 -11"><span class='ocrx_word' id='word_1_519' title='bbox 1182 2140 1263 2175; x_wconf 86' lang='lat' dir='ltr'>feras</span> <span class='ocrx_word' id='word_1_520' title='bbox 1290 2140 1488 2181; x_wconf 89' lang='lat' dir='ltr'>omnimodo‚</span> <span class='ocrx_word' id='word_1_521' title='bbox 1511 2139 1633 2179; x_wconf 85' lang='lat' dir='ltr'>dilecte,</span> <span class='ocrx_word' id='word_1_522' title='bbox 1661 2138 1814 2185; x_wconf 88' lang='lat' dir='ltr'>implere,</span> <span class='ocrx_word' id='word_1_523' title='bbox 1842 2137 1928 2171; x_wconf 84' lang='lat' dir='ltr'>iuxta</span> 
     </span>
     <span class='ocr_line' id='line_1_96' title="bbox 1184 2187 1930 2236; baseline -0.005 -12"><span class='ocrx_word' id='word_1_524' title='bbox 1184 2197 1385 2236; x_wconf 88' lang='lat' dir='ltr'>praeceptum</span> <span class='ocrx_word' id='word_1_525' title='bbox 1413 2197 1566 2229; x_wconf 88' lang='lat' dir='ltr'>nostrum,</span> <span class='ocrx_word' id='word_1_526' title='bbox 1593 2187 1763 2235; x_wconf 89' lang='lat' dir='ltr'>episcopis,</span> <span class='ocrx_word' id='word_1_527' title='bbox 1785 2193 1816 2221; x_wconf 91' lang='lat' dir='ltr'>et</span> <span class='ocrx_word' id='word_1_528' title='bbox 1847 2198 1930 2233; x_wconf 91' lang='lat' dir='ltr'>pre-</span> 
     </span>
     <span class='ocr_line' id='line_1_97' title="bbox 1184 2241 1930 2291; baseline -0.005 -13"><span class='ocrx_word' id='word_1_529' title='bbox 1184 2243 1327 2291; x_wconf 78' lang='lat' dir='ltr'>sbyteriS,</span> <span class='ocrx_word' id='word_1_530' title='bbox 1348 2251 1378 2278; x_wconf 89' lang='lat' dir='ltr'>et</span> <span class='ocrx_word' id='word_1_531' title='bbox 1399 2242 1551 2283; x_wconf 72' lang='lat' dir='ltr'>diaconis,</span> <span class='ocrx_word' id='word_1_532' title='bbox 1579 2254 1659 2289; x_wconf 89' lang='lat' dir='ltr'>quae</span> <span class='ocrx_word' id='word_1_533' title='bbox 1681 2241 1750 2277; x_wconf 91' lang='lat' dir='ltr'>istic</span> <span class='ocrx_word' id='word_1_534' title='bbox 1771 2247 1855 2281; x_wconf 89' lang='lat' dir='ltr'>sunt,</span> <span class='ocrx_word' id='word_1_535' title='bbox 1876 2252 1930 2274; x_wconf 90' lang='lat' dir='ltr'>ca-</span> 
     </span>
     <span class='ocr_line' id='line_1_98' title="bbox 1184 2295 1930 2343; baseline -0.005 -11"><span class='ocrx_word' id='word_1_536' title='bbox 1184 2297 1313 2332; x_wconf 89' lang='lat' dir='ltr'>tholicas</span> <span class='ocrx_word' id='word_1_537' title='bbox 1327 2297 1494 2342; x_wconf 81' lang='lat' dir='ltr'>Ecclesias,</span> <span class='ocrx_word' id='word_1_538' title='bbox 1509 2296 1561 2343; x_wconf 88' lang='lat' dir='ltr'>qui</span> <span class='ocrx_word' id='word_1_539' title='bbox 1573 2308 1629 2343; x_wconf 88' lang='lat' dir='ltr'>per</span> <span class='ocrx_word' id='word_1_540' title='bbox 1644 2295 1801 2343; x_wconf 87' lang='lat' dir='ltr'>propriam</span> <span class='ocrx_word' id='word_1_541' title='bbox 1820 2306 1930 2329; x_wconf 87' lang='lat' dir='ltr'>eorum</span> 
     </span>
     <span class='ocr_line' id='line_1_99' title="bbox 1183 2348 1928 2386; baseline -0.005 0"><span class='ocrx_word' id='word_1_542' title='bbox 1183 2352 1451 2386; x_wconf 88' lang='lat' dir='ltr'>conversationem</span> <span class='ocrx_word' id='word_1_543' title='bbox 1484 2351 1514 2385; x_wconf 89' lang='lat' dir='ltr'>in</span> <span class='ocrx_word' id='word_1_544' title='bbox 1537 2350 1685 2385; x_wconf 87' lang='lat' dir='ltr'>omnibus</span> <span class='ocrx_word' id='word_1_545' title='bbox 1720 2349 1811 2384; x_wconf 90' lang='lat' dir='ltr'>bonis</span> <span class='ocrx_word' id='word_1_546' title='bbox 1836 2348 1928 2383; x_wconf 89' lang='lat' dir='ltr'>testi-</span> 
     </span>
     <span class='ocr_line' id='line_1_100' title="bbox 1183 2402 1931 2450; baseline -0.005 -10"><span class='ocrx_word' id='word_1_547' title='bbox 1183 2405 1324 2440; x_wconf 90' lang='lat' dir='ltr'>monium</span> <span class='ocrx_word' id='word_1_548' title='bbox 1348 2405 1492 2440; x_wconf 86' lang='lat' dir='ltr'>habeant.</span> <span class='ocrx_word' id='word_1_549' title='bbox 1529 2404 1662 2450; x_wconf 87' lang='lat' dir='ltr'>Oportet</span> <span class='ocrx_word' id='word_1_550' title='bbox 1687 2404 1770 2438; x_wconf 86' lang='lat' dir='ltr'>enim</span> <span class='ocrx_word' id='word_1_551' title='bbox 1798 2402 1931 2449; x_wconf 80' lang='lat' dir='ltr'>episco-</span> 
     </span>
     <span class='ocr_line' id='line_1_101' title="bbox 1185 2456 1931 2506; baseline -0.004 -13"><span class='ocrx_word' id='word_1_552' title='bbox 1185 2471 1271 2506; x_wconf 86' lang='lat' dir='ltr'>pum,</span> <span class='ocrx_word' id='word_1_553' title='bbox 1299 2458 1381 2493; x_wconf 87' lang='lat' dir='ltr'>sicut</span> <span class='ocrx_word' id='word_1_554' title='bbox 1403 2458 1513 2493; x_wconf 85' lang='lat' dir='ltr'>beatus</span> <span class='ocrx_word' id='word_1_555' title='bbox 1533 2457 1655 2492; x_wconf 87' lang='lat' dir='ltr'>Paulus</span> <span class='ocrx_word' id='word_1_556' title='bbox 1672 2457 1759 2498; x_wconf 90' lang='lat' dir='ltr'>dicit,</span> <span class='ocrx_word' id='word_1_557' title='bbox 1782 2456 1848 2491; x_wconf 91' lang='lat' dir='ltr'>sine</span> <span class='ocrx_word' id='word_1_558' title='bbox 1866 2468 1931 2491; x_wconf 86' lang='lat' dir='ltr'>crt-</span> 
     </span>
     <span class='ocr_line' id='line_1_102' title="bbox 1183 2512 1927 2559; baseline -0.004 -12"><span class='ocrx_word' id='word_1_559' title='bbox 1183 2513 1268 2548; x_wconf 91' lang='lat' dir='ltr'>mine</span> <span class='ocrx_word' id='word_1_560' title='bbox 1295 2524 1363 2547; x_wconf 90' lang='lat' dir='ltr'>esse</span> <span class='ocrx_word' id='word_1_561' title='bbox 1390 2512 1473 2547; x_wconf 89' lang='lat' dir='ltr'>sicut</span> <span class='ocrx_word' id='word_1_562' title='bbox 1493 2512 1551 2546; x_wconf 91' lang='lat' dir='ltr'>Dei</span> <span class='ocrx_word' id='word_1_563' title='bbox 1579 2512 1840 2559; x_wconf 86' lang='lat' dir='ltr'>dispensatorem,</span> <span class='ocrx_word' id='word_1_564' title='bbox 1864 2522 1927 2545; x_wconf 90' lang='lat' dir='ltr'>non</span> 
     </span>
     <span class='ocr_line' id='line_1_103' title="bbox 1183 2563 1930 2614; baseline -0.007 -12"><span class='ocrx_word' id='word_1_565' title='bbox 1183 2566 1369 2614; x_wconf 88' lang='lat' dir='ltr'>superbum,</span> <span class='ocrx_word' id='word_1_566' title='bbox 1391 2578 1453 2601; x_wconf 90' lang='lat' dir='ltr'>uon</span> <span class='ocrx_word' id='word_1_567' title='bbox 1481 2565 1679 2606; x_wconf 88' lang='lat' dir='ltr'>iracundum,</span> <span class='ocrx_word' id='word_1_568' title='bbox 1702 2577 1764 2600; x_wconf 92' lang='lat' dir='ltr'>non</span> <span class='ocrx_word' id='word_1_569' title='bbox 1786 2563 1930 2598; x_wconf 87' lang='lat' dir='ltr'>vinolen-</span> 
     </span>
    </p>
   </div>
   <div class='ocr_carea' id='block_1_13' title="bbox 1183 2618 1929 2728">
    <p class='ocr_par' dir='ltr' id='par_1_14' title="bbox 1183 2618 1929 2728">
     <span class='ocr_line' id='line_1_104' title="bbox 1183 2618 1929 2668; baseline -0.003 -13"><span class='ocrx_word' id='word_1_570' title='bbox 1183 2629 1262 2663; x_wconf 88' lang='lat' dir='ltr'>tum,</span> <span class='ocrx_word' id='word_1_571' title='bbox 1285 2632 1347 2655; x_wconf 91' lang='lat' dir='ltr'>nou</span> <span class='ocrx_word' id='word_1_572' title='bbox 1371 2632 1601 2667; x_wconf 84' lang='lat' dir='ltr'>percussorem,</span> <span class='ocrx_word' id='word_1_573' title='bbox 1626 2631 1688 2654; x_wconf 89' lang='lat' dir='ltr'>non</span> <span class='ocrx_word' id='word_1_574' title='bbox 1717 2618 1819 2668; x_wconf 87' lang='lat' dir='ltr'>turpis</span> <span class='ocrx_word' id='word_1_575' title='bbox 1850 2618 1929 2654; x_wconf 89' lang='lat' dir='ltr'>lucri</span> 
     </span>
     <span class='ocr_line' id='line_1_105' title="bbox 1218 2688 1730 2728; baseline -0.004 -11"><span class='ocrx_word' id='word_1_576' title='bbox 1218 2689 1257 2728; x_wconf 82' lang='lat' dir='ltr'>(a)</span> <span class='ocrx_word' id='word_1_577' title='bbox 1276 2691 1301 2716; x_wconf 77' lang='lat'>2.</span> <span class='ocrx_word' id='word_1_578' title='bbox 1319 2689 1434 2718; x_wconf 85' lang='lat' dir='ltr'>Timoth.</span> <span class='ocrx_word' id='word_1_579' title='bbox 1454 2691 1479 2718; x_wconf 76' lang='lat'>1.</span> <span class='ocrx_word' id='word_1_580' title='bbox 1516 2689 1557 2726; x_wconf 80' lang='lat' dir='ltr'>(b)</span> <span class='ocrx_word' id='word_1_581' title='bbox 1571 2689 1664 2717; x_wconf 73' lang='lat' dir='ltr'>Manu.</span> <span class='ocrx_word' id='word_1_582' title='bbox 1685 2688 1730 2715; x_wconf 64' lang='lat'>⁶271-</span> 
     </span>
    </p>
   </div>
   <div class='ocr_carea' id='block_1_14' title="bbox 1947 301 2128 328">
    <p class='ocr_par' dir='ltr' id='par_1_15' title="bbox 1947 301 2128 328">
     <span class='ocr_line' id='line_1_106' title="bbox 1947 301 2128 328; baseline 0 0"><span class='ocrx_word' id='word_1_583' title='bbox 1947 301 1994 328; x_wconf 80' lang='lat' dir='ltr'>An.</span> <span class='ocrx_word' id='word_1_584' title='bbox 2018 301 2045 328; x_wconf 91' lang='lat' dir='ltr'>C.</span> <span class='ocrx_word' id='word_1_585' title='bbox 2078 302 2128 328; x_wconf 66' lang='lat'>649</span> 
     </span>
    </p>
   </div>
   <div class='ocr_carea' id='block_1_15' title="bbox 1949 797 2132 892">
    <p class='ocr_par' dir='ltr' id='par_1_16' title="bbox 1949 797 2132 892">
     <span class='ocr_line' id='line_1_107' title="bbox 1949 797 2131 820; baseline -0.005 0"><span class='ocrx_word' id='word_1_586' title='bbox 1949 798 2012 820; x_wconf 75' lang='lat' dir='ltr'>Fine·</span> <span class='ocrx_word' id='word_1_587' title='bbox 2040 797 2131 820; x_wconf 74' lang='lat' dir='ltr'>iurisdi-</span> 
     </span>
     <span class='ocr_line' id='line_1_108' title="bbox 1949 833 2132 856; baseline -0.005 -1"><span class='ocrx_word' id='word_1_588' title='bbox 1949 834 2028 856; x_wconf 83' lang='lat' dir='ltr'>ctionis</span> <span class='ocrx_word' id='word_1_589' title='bbox 2085 833 2132 855; x_wconf 79' lang='lat' dir='ltr'>eius</span> 
     </span>
     <span class='ocr_line' id='line_1_109' title="bbox 1949 870 2120 892; baseline 0 -1"><span class='ocrx_word' id='word_1_590' title='bbox 1949 870 2120 892; x_wconf 79' lang='lat' dir='ltr'>constituuntur.</span> 
     </span>
    </p>
   </div>
   <div class='ocr_carea' id='block_1_16' title="bbox 1950 1286 2135 1424">
    <p class='ocr_par' dir='ltr' id='par_1_17' title="bbox 1950 1286 2135 1424">
     <span class='ocr_line' id='line_1_110' title="bbox 1951 1286 2133 1310; baseline 0.011 -3"><span class='ocrx_word' id='word_1_591' title='bbox 1951 1286 2038 1309; x_wconf 74' lang='lat' dir='ltr'>Sublato</span> <span class='ocrx_word' id='word_1_592' title='bbox 2055 1295 2133 1310; x_wconf 74' lang='lat' dir='ltr'>nacer-</span> 
     </span>
     <span class='ocr_line' id='line_1_111' title="bbox 1951 1321 2135 1354; baseline 0 -11"><span class='ocrx_word' id='word_1_593' title='bbox 1951 1321 2020 1353; x_wconf 77' lang='lat' dir='ltr'>datio,</span> <span class='ocrx_word' id='word_1_594' title='bbox 2044 1324 2135 1354; x_wconf 74' lang='lat' dir='ltr'>religio-</span> 
     </span>
     <span class='ocr_line' id='line_1_112' title="bbox 1950 1358 2135 1388; baseline 0.027 -9"><span class='ocrx_word' id='word_1_595' title='bbox 1950 1358 1984 1379; x_wconf 77' lang='lat' dir='ltr'>nis</span> <span class='ocrx_word' id='word_1_596' title='bbox 2013 1358 2135 1388; x_wconf 74' lang='lat' dir='ltr'>ignorantia</span> 
     </span>
     <span class='ocr_line' id='line_1_113' title="bbox 1951 1392 2048 1424; baseline 0.021 -10"><span class='ocrx_word' id='word_1_597' title='bbox 1951 1392 2048 1424; x_wconf 80' lang='lat' dir='ltr'>obrepit.</span> 
     </span>
    </p>
   </div>
   <div class='ocr_carea' id='block_1_17' title="bbox 1950 1651 2136 1900">
    <p class='ocr_par' dir='ltr' id='par_1_18' title="bbox 1950 1651 2136 1900">
     <span class='ocr_line' id='line_1_114' title="bbox 1967 1651 2134 1685; baseline 0 -12"><span class='ocrx_word' id='word_1_598' title='bbox 1967 1651 2030 1674; x_wconf 74' lang='lat' dir='ltr'>Malis</span> <span class='ocrx_word' id='word_1_599' title='bbox 2048 1658 2134 1685; x_wconf 72' lang='lat' dir='ltr'>tempo-</span> 
     </span>
     <span class='ocr_line' id='line_1_115' title="bbox 1950 1687 2135 1719; baseline 0 -11"><span class='ocrx_word' id='word_1_600' title='bbox 1950 1687 2011 1710; x_wconf 82' lang='lat' dir='ltr'>ribus</span> <span class='ocrx_word' id='word_1_601' title='bbox 2031 1694 2135 1719; x_wconf 73' lang='lat' dir='ltr'>satagen-</span> 
     </span>
     <span class='ocr_line' id='line_1_116' title="bbox 1951 1724 2134 1749; baseline -0.005 -3"><span class='ocrx_word' id='word_1_602' title='bbox 1951 1724 2002 1746; x_wconf 84' lang='lat' dir='ltr'>dum</span> <span class='ocrx_word' id='word_1_603' title='bbox 2043 1727 2134 1749; x_wconf 72' lang='lat' dir='ltr'>maxime</span> 
     </span>
     <span class='ocr_line' id='line_1_117' title="bbox 1951 1762 2134 1785; baseline 0.027 -5"><span class='ocrx_word' id='word_1_604' title='bbox 1951 1762 1974 1780; x_wconf 87' lang='lat' dir='ltr'>ut</span> <span class='ocrx_word' id='word_1_605' title='bbox 2007 1767 2134 1785; x_wconf 81' lang='lat' dir='ltr'>numerosus</span> 
     </span>
     <span class='ocr_line' id='line_1_118' title="bbox 1951 1795 2136 1826; baseline 0 -10"><span class='ocrx_word' id='word_1_606' title='bbox 1951 1795 2030 1826; x_wconf 68' lang='lat' dir='ltr'>uhtqno</span> <span class='ocrx_word' id='word_1_607' title='bbox 2046 1797 2075 1819; x_wconf 73' lang='lat' dir='ltr'>nit</span> <span class='ocrx_word' id='word_1_608' title='bbox 2092 1797 2136 1820; x_wconf 68' lang='lat' dir='ltr'>cle.</span> 
     </span>
     <span class='ocr_line' id='line_1_119' title="bbox 1951 1832 2133 1862; baseline 0.005 -9"><span class='ocrx_word' id='word_1_609' title='bbox 1951 1839 1996 1857; x_wconf 82' lang='lat' dir='ltr'>rus,</span> <span class='ocrx_word' id='word_1_610' title='bbox 2012 1832 2080 1862; x_wconf 67' lang='lat' dir='ltr'>qualis</span> <span class='ocrx_word' id='word_1_611' title='bbox 2098 1834 2133 1857; x_wconf 67' lang='lat' dir='ltr'>hie</span> 
     </span>
     <span class='ocr_line' id='line_1_120' title="bbox 1952 1871 2048 1900; baseline 0 -8"><span class='ocrx_word' id='word_1_612' title='bbox 1952 1871 2048 1900; x_wconf 84' lang='lat' dir='ltr'>ponitur.</span> 
     </span>
    </p>
   </div>
   <div class='ocr_carea' id='block_1_18' title="bbox 1903 2432 2136 2462">
    <p class='ocr_par' dir='ltr' id='par_1_19' title="bbox 1903 2432 2136 2462">
     <span class='ocr_line' id='line_1_121' title="bbox 1903 2432 2136 2462; baseline -0.004 -7"><span class='ocrx_word' id='word_1_613' title='bbox 1903 2456 1909 2461; x_wconf 58' lang='grc'><strong>,</strong></span> <span class='ocrx_word' id='word_1_614' title='bbox 1953 2432 2032 2460; x_wconf 68' lang='lat' dir='ltr'>Quales</span> <span class='ocrx_word' id='word_1_615' title='bbox 2050 2432 2136 2462; x_wconf 72' lang='lat' dir='ltr'>episco-</span> 
     </span>
    </p>
   </div>
   <div class='ocr_carea' id='block_1_19' title="bbox 1951 2469 2137 2570">
    <p class='ocr_par' dir='ltr' id='par_1_20' title="bbox 1951 2469 2137 2570">
     <span class='ocr_line' id='line_1_122' title="bbox 1952 2469 2137 2498; baseline -0.005 -7"><span class='ocrx_word' id='word_1_616' title='bbox 1952 2476 2028 2498; x_wconf 80' lang='lat' dir='ltr'>porum</span> <span class='ocrx_word' id='word_1_617' title='bbox 2046 2469 2137 2498; x_wconf 68' lang='lat' dir='ltr'>qualita-</span> 
     </span>
     <span class='ocr_line' id='line_1_123' title="bbox 1953 2504 2135 2528; baseline -0.016 -3"><span class='ocrx_word' id='word_1_618' title='bbox 1953 2506 1985 2525; x_wconf 75' lang='lat' dir='ltr'>tes</span> <span class='ocrx_word' id='word_1_619' title='bbox 2017 2512 2065 2526; x_wconf 78' lang='lat' dir='ltr'>esse</span> <span class='ocrx_word' id='word_1_620' title='bbox 2097 2504 2135 2528; x_wconf 60' lang='lat' dir='ltr'>de-</span> 
     </span>
     <span class='ocr_line' id='line_1_124' title="bbox 1951 2538 2031 2570; baseline 0.013 -10"><span class='ocrx_word' id='word_1_621' title='bbox 1951 2538 2031 2570; x_wconf 51' lang='lat' dir='ltr'>henriq</span> 
     </span>
    </p>
   </div>
  </div>
 </body>
</html>
