2237 3127
41 365 92 393 An.
110 362 140 390 C.
158 362 226 392 1018

40 595 112 622 Quare

40 630 98 653 bona
125 627 177 650 datu
206 626 227 650 ei

39 667 104 699 nint.-

43 1466 126 1489 Cnmao
143 1464 228 1489 decreti

42 1501 118 1525 huiua-

167 593 228 614 tanta

851 363 1049 385 BENEntCTUS
1075 363 1135 385 Vll!
1160 363 1209 385 PP.

1685 350 1756 383 555

254 419 307 466 qui
331 431 347 454 a
375 417 559 453 conditione
586 417 684 465 ipsius
711 417 770 452 loci
799 417 829 451 in
853 417 910 451 liae
934 431 1008 451 san-
1053 426 1119 464 post
1149 416 1250 450 Deum
1282 423 1310 449 et
1337 415 1370 449 S.
1402 416 1529 449 Petrum
1554 427 1627 449 eura
1651 423 1681 449 et
1705 414 1804 461 provi-

254 477 301 503 cta
331 481 457 503 romana
495 468 634 502 Ecclesia
666 468 791 501 suerunt
831 480 930 513 usqne
969 467 1007 500 ad

254 530 334 562 uos7
363 517 488 564 scriptis
517 517 700 563 privilegiis,
730 525 760 551 et
785 529 800 550 a
831 516 1008 563 praelilratis

255 567 466 614 principibus,
491 566 572 601 datis
595 566 781 612 pnieceptis‚
800 574 860 599 tam
884 565 923 599 de
940 566 1007 611 ipso

254 617 335 660 loco,
359 630 452 663 quain
477 615 516 649 de
539 615 687 649 omnihus
718 615 754 649 ad
783 628 816 649 se
842 615 1007 659 pertinen-

255 666 339 701 tibus
363 668 393 700 in
421 664 620 710 Burgundia,
644 664 823 710 Aquitania,
840 663 1007 697 Provincia

253 715 445 753 constitutis,
479 713 622 748 videlicet
658 713 871 752 monasteriis,
900 713 1007 756 cellis,

254 766 370 808 terris,
402 763 496 799 cultis
523 769 553 796 et
576 761 713 801 incultis,
744 762 942 795 corroborata
978 770 1008 795 et

253 814 436 849 confirmata
460 820 523 846 est:
551 823 587 845 eo
615 819 684 845 voto
712 820 740 845 ct
769 811 939 851 desiderio,
976 819 1008 844 ut

253 863 414 898 saeculum
447 861 646 901 deserentes,
681 867 711 895 et
738 860 768 894 in
792 860 902 894 eodeni
927 860 1006 899 loro,

253 912 313 947 sub
336 911 471 957 regulari
501 909 668 956 disciplina
692 909 809 944 Christi
827 909 952 943 servitio
972 922 1008 942 ex

254 968 319 996 toto
353 968 453 995 semet
492 959 730 1006 iliaricipaiiteS‚
765 959 882 1005 alisque,
917 959 1009 992 ullius

252 1010 483 1057 impedimento
503 1008 654 1043 libentius
669 1008 737 1042 Deo
755 1008 960 1041 adhaererent
980 1016 1009 1041 et

253 1059 293 1094 de
326 1059 445 1094 ibidem
472 1058 540 1092 Deo
573 1065 603 1092 et
629 1057 663 1092 S.
691 1057 785 1091 Petro
813 1070 827 1090 a
865 1057 1010 1090 lidelilius

253 1108 388 1149 oblatis,
428 1107 629 1153 hospitalitati
657 1115 685 1141 et
712 1119 882 1152 egenorum
917 1118 1010 1140 curae

254 1158 455 1192 inservirent.
494 1156 587 1198 Quod
611 1156 775 1194 hactenus,
806 1156 873 1189 Deo
898 1156 1010 1201 propi-

253 1207 377 1251 tiante,
412 1215 441 1240 et
474 1206 646 1253 apostolica
681 1206 865 1239 auctoritate
897 1206 1010 1238 sullia-

254 1264 367 1303 gante‚
403 1256 543 1290 bonitate
571 1255 702 1301 insuper
723 1255 842 1289 circum
875 1266 909 1288 se
943 1267 1012 1288 ma-

256 1306 400 1340 nentium
424 1304 691 1348 adminiculante,
723 1304 755 1338 in
778 1311 929 1351 quantum
954 1316 1012 1349 po-

254 1362 398 1397 tuerunt,
427 1355 539 1389 devote
562 1354 715 1388 fecerunt.

308 1407 342 1438 2.
365 1404 457 1439 Nunc
479 1416 563 1442 vero,
587 1403 668 1438 sicut
690 1403 721 1436 in
747 1402 922 1449 praesentia
944 1402 1012 1436 Deo

242 1453 358 1489 'devoti
388 1453 508 1488 domini
537 1453 665 1487 Rolierti
690 1453 774 1497 regis
789 1451 987 1490 Francorum
1003 1479 1011 1494 7

257 1504 503 1550 principumque
521 1503 589 1537 eius
604 1510 633 1536 et
648 1501 848 1548 optimatum7
871 1502 922 1547 qni
939 1513 1010 1535 eum

256 1565 294 1587 eo
330 1560 483 1587 venerunt
516 1552 553 1586 ad
588 1552 696 1585 limina
732 1550 946 1597 apostolorum
982 1558 1012 1584 et

241 1601 473 1650 ‚reclamatoria
518 1601 675 1646 legatione
718 1600 915 1634 dilectissimi
958 1599 1010 1633 filii

256 1652 368 1686 nostrii
388 1651 534 1686 Odilonis
549 1650 689 1685 eiusdem
713 1650 771 1684 loci
790 1649 922 1689 abbatis,
947 1661 1011 1695 per-

244 1702 421 1747 ·eepimus,
450 1700 491 1734 ita
519 1700 673 1734 malorum
696 1708 804 1733 contra
838 1711 891 1733 eos
922 1710 1012 1732 exar—

257 1750 392 1784 descens
419 1750 589 1784 insurrexit
615 1757 644 1783 et
669 1748 829 1783 convaluit
857 1748 1012 1793 cupiditas

258 1807 289 1834 et
313 1799 451 1834 insania:
475 1798 595 1833 scilieet
617 1806 713 1832 terras
742 1798 895 1844 ipsorum,
918 1809 1011 1843 quam

259 1860 435 1895 pauperum
447 1848 504 1882 sibi
517 1848 759 1882 commissorum
776 1846 1012 1892 ‹lepi·a‹=‹lan‹lo;

244 1904 295 1931 iut
317 1897 548 1944 multiplicibus
570 1896 723 1942 angustiis
744 1903 774 1929 et
791 1895 1013 1929 alllictiouihns

204 1966 207 1969 ·
244 1935 415 1989 ⁹tribulati,
449 1946 654 1985 nullomodo,
688 1946 770 1980 sieut
807 1957 1012 1991 nuncusque

244 1986 424 2046 {fecerunt,
451 1996 677 2030 convenienter
699 1995 767 2029 Deo
789 1994 929 2028 debitum
953 1993 1013 2027 oli—

258 2045 406 2092 sequium
430 2046 552 2079 valeant
574 2045 706 2084 solvere,
735 2056 792 2077 nec
820 2043 941 2077 solitam
961 2056 1014 2077 cu-

243 2083 326 2129 lram
357 2094 646 2142 supervenientium
678 2093 840 2140 hospitum
872 2101 903 2127 et
936 2105 1013 2139 pau-

262 2155 373 2191 perum
397 2145 519 2191 possint
539 2155 695 2178 exercere.

310 2195 342 2228 5.
377 2193 476 2240 Igitur
517 2193 589 2240 quia
620 2193 652 2226 in
680 2191 792 2227 eodem
823 2192 893 2226 loco
924 2191 1014 2237 iuges

260 2243 419 2277 orationes
454 2250 483 2277 et
519 2243 686 2277 missarum
721 2241 949 2276 celebrationes
984 2249 1013 2274 et

259 2291 470 2327 eleemosinae
504 2292 582 2326 fiunt
615 2303 672 2338 pro
699 2298 779 2325 statu
803 2300 928 2325 sanetae.
955 2290 1012 2324 Dei

259 2341 423 2376 Ecclesiae
445 2350 475 2376 et
492 2341 635 2376 omnium
658 2340 798 2375 fidelium
827 2341 966 2373 vivorum
984 2348 1014 2373 et

261 2390 483 2426 defunctorum
506 2391 604 2425 salute
630 2398 660 2425 et
687 2391 814 2437 requie3
841 2390 938 2436 ipsius
965 2389 1015 2422 di-

260 2440 450 2487 spendium,
477 2451 646 2475 commune
667 2440 811 2474 omnium
835 2446 1012 2473 nostrorum

261 2497 309 2524 est
330 2489 574 2531 detrimentum
601 2497 632 2524 et
654 2489 725 2523 licet
747 2501 858 2523 omnes
880 2488 953 2522 boni
977 2487 1015 2521 si-

248 2538 350 2579 ‚detes
377 2538 416 2573 de
438 2550 548 2573 eorum
571 2538 714 2584 angustia
730 2546 760 2572 et
784 2537 1015 2585 perturbatione

247 2583 400 2623 ldcbeant
418 2588 670 2634 compassionem
695 2587 810 2622 habere
832 2596 861 2621 et
890 2598 1015 2621 summo

247 2624 334 2671 ⁴'curn
354 2636 460 2672 studio
483 2649 590 2672 servos
616 2636 734 2672 Christi
758 2637 875 2677 iuvare,
890 2644 922 2670 ut
937 2635 1015 2669 abs-

263 2698 325 2733 que
349 2686 412 2722 ullo
438 2686 666 2734 impedimento
696 2694 811 2733 queant
848 2687 877 2720 in
908 2693 1015 2719 sancto

265 2736 427 2785 proposito
449 2736 634 2784 persistere3
657 2747 714 2782 ego
733 2743 849 2777 tamen,
869 2734 906 2770 ad
921 2747 1015 2782 quem

1050 467 1155 501 deutia
1190 478 1283 511 saepe
1312 466 1385 499 dicti
1423 465 1480 498 lori
1505 465 1684 511 specialiter
1708 465 1803 510 perti-

1052 524 1145 555 nent„
1191 516 1334 549 invamen
1369 523 1398 548 et
1426 514 1572 548 solatium
1608 514 1803 548 auctoritatis

1049 565 1239 611 apostolicae
1268 577 1329 598 non
1366 564 1512 598 desistam
1549 563 1802 597 subministrare.

1099 618 1130 647 lt.
1155 614 1237 648 Sunt
1265 621 1368 647 antem
1400 613 1593 647 crudeliores
1620 624 1714 658 saepe
1744 624 1803 646 no—

1050 663 1158 697 minati
1186 664 1244 698 loci
1275 663 1482 697 habitatorum
1521 670 1739 708 persecutores
1760 661 1803 695 ll-

1050 713 1143 746 dinns
1170 713 1274 746 omnis
1297 712 1444 745 honitatis
1467 711 1625 749 inimicus,
1661 712 1712 757 qni
1739 724 1799 745 non

1050 763 1151 795 solum
1176 762 1206 795 in
1232 762 1289 796 hoc
1313 762 1381 795 illos
1411 761 1519 799 irritat„
1542 760 1625 807 quod
1651 772 1704 793 sua
1722 773 1804 794 suo-

1052 823 1184 857 rumque
1203 811 1248 845 eis
1284 811 1378 850 tollit;
1406 810 1459 844 sed
1488 810 1580 844 etiam
1604 809 1687 856 quod
1713 822 1801 843 suam

1051 861 1223 906 nequitiam
1260 861 1287 893 in
1319 860 1388 894 illos
1428 867 1609 905 retorquere
1642 859 1801 904 cupidus7

1052 910 1121 943 l'acit
1153 910 1272 943 circum
1308 922 1340 943 se
1376 909 1577 942 manentibus
1609 908 1802 953 intelligere,

1051 971 1176 992 omnem
1213 959 1361 992 iustitiam
1385 957 1422 992 de
1447 958 1526 992 male
1548 970 1562 990 a
1591 969 1623 991 se
1646 958 1804 991 commis—

1052 1008 1094 1041 sis
1117 1009 1160 1041 eis
1184 1008 1260 1042 velle
1282 1021 1315 1042 se
1339 1008 1455 1042 lacere:
1485 1014 1514 1041 et
1538 1008 1577 1040 ita
1605 1018 1659 1040 eos
1680 1006 1707 1039 in
1735 1007 1803 1053 ipso

1052 1057 1166 1103 placito
1199 1065 1228 1091 et
1250 1056 1494 1091 concordatione
1523 1068 1648 1102 semper
1670 1055 1747 1089 fallit
1775 1062 1806 1090 et

1053 1106 1162 1143 eludit,
1191 1114 1221 1140 nt
1258 1119 1313 1152 pro
1347 1106 1461 1139 iustitia
1491 1105 1677 1139 deteriorem
1707 1105 1744 1138 ab
1767 1117 1804 1139 eo

1054 1156 1196 1189 iniuriam
1225 1156 1409 1202 suscipiant.
1437 1155 1492 1189 Est
1511 1164 1539 1189 et
1561 1154 1743 1188 &Viclardus
1766 1153 1805 1188 de

1055 1205 1191 1242 Belioeo,
1215 1205 1267 1251 qai
1291 1206 1336 1239 eis
1364 1205 1441 1238 tollit
1469 1204 1642 1238 Ecclesiam
1667 1204 1705 1237 de
1725 1204 1806 1238 Tre-

1053 1255 1110 1288 sdo
1133 1267 1202 1288 eum
1228 1255 1376 1288 omnihus
1402 1253 1599 1300 appendit-iis
1621 1253 1696 1287 suis.
1724 1253 1806 1287 Ber-

1055 1304 1170 1338 uardus
1191 1317 1317 1350 quoque
1340 1304 1378 1338 de
1407 1303 1601 1345 Paetorterio7
1639 1302 1730 1347 Hugo
1766 1302 1805 1336 de

1030 1364 1034 1369 ’
1054 1353 1159 1386 Monte
1183 1353 1329 1388 pavonis.
1352 1361 1381 1387 et
1411 1365 1488 1386 uxor
1507 1352 1573 1386 eius
1596 1352 1728 1395 Aruina,
1752 1352 1804 1398 qui

1054 1403 1099 1436 eis
1134 1402 1247 1436 tollunt
1283 1410 1469 1448 potestatem
1504 1401 1542 1434 de
1578 1401 1708 1435 Lasiaco
1732 1413 1803 1434 cum

1054 1452 1202 1485 omnibus
1224 1451 1261 1485 ad
1285 1464 1317 1485 se
1342 1451 1587 1498 pertinentibus,
1611 1450 1692 1484 sicut
1714 1450 1806 1484 divae

1054 1502 1224 1534 memoriae
1242 1514 1353 1534 onmes
1379 1500 1547 1534 Leotaldns
1570 1500 1718 1546 primum⁷
1749 1502 1807 1533 {le-

1054 1550 1128 1584 inde
1166 1550 1241 1584 Milo
1277 1550 1442 1595 religiosus
1478 1549 1585 1593 miles7
1624 1561 1679 1595 per
1713 1556 1807 1583 testa-

1055 1607 1195 1633 mentum
1220 1600 1377 1633 literarum
1401 1599 1474 1633 olim
1499 1598 1702 1632 contulerunt
1724 1597 1807 1632 San-

1054 1657 1103 1683 cto
1126 1649 1231 1689 Petro,
1259 1657 1289 1682 et
1314 1648 1449 1695 praefato
1473 1649 1557 1682 loeo:
1586 1647 1680 1681 Falco
1708 1659 1805 1693 nepos

1053 1698 1146 1732 Sterii
1172 1698 1289 1742 clerici⁷
1305 1707 1334 1732 et
1351 1698 1442 1731 frater
1457 1698 1717 1743 citis,omnesqne
1734 1708 1808 1730 con-

1054 1757 1152 1781 sortes
1176 1748 1313 1791 illorum,
1340 1748 1392 1794 qui
1415 1747 1461 1781 eis
1484 1747 1597 1780 tollunt
1621 1754 1805 1792 potestatem

1054 1797 1091 1831 ‹le
1125 1796 1278 1831 oiadellis
1317 1809 1388 1830 cum
1427 1796 1574 1830 omnibus
1610 1795 1806 1842 appendiciis

1053 1847 1129 1879 suis.
1159 1845 1322 1880 warulfus
1344 1846 1381 1879 ‹le
1410 1845 1631 1887 Brancednna,
1655 1853 1683 1878 et
1714 1844 1806 1879 frater

1054 1897 1122 1929 eius
1152 1895 1326 1929 Walterius
1362 1895 1558 1929 Matiscensis
1595 1894 1806 1940 praepositus,

1054 1945 1106 1991 qni
1134 1945 1178 1977 eis
1201 1945 1346 1978 conti-arii
1372 1952 1444 1978 sunt
1471 1943 1509 1977 de
1532 1943 1683 1990 precaria,
1711 1955 1805 1989 quam

1056 1994 1179 2027 tenebat
1206 1994 1244 2027 de
1263 1994 1379 2028 Smeto
1403 1993 1495 2027 Petro
1524 1993 1630 2027 heatae
1659 1992 1808 2026 recorda—

1055 2043 1149 2076 tionis
1183 2043 1360 2077 Leobaldus
1386 2043 1568 2089 episcopus,
1589 2054 1697 2076 eorum
1714 2041 1764 2075 vid
1779 2055 1806 2073 ’,-

1056 2093 1126 2126 licet
1153 2093 1345 2130 avunculus:
1373 2101 1403 2126 et
1427 2092 1465 2125 de
1488 2092 1546 2126 alia
1569 2100 1670 2128 terra,
1709 2103 1803 2136 quain

1055 2142 1137 2175 idem
1167 2142 1290 2188 praesul
1318 2150 1390 2175 ante
1419 2153 1550 2175 mortem
1578 2153 1679 2179 suam,
1708 2140 1807 2186 ipsam

1057 2192 1228 2237 precariam
1258 2193 1446 2233 resumens,
1474 2203 1515 2224 ex
1551 2202 1605 2224 sua
1633 2198 1719 2236 parte
1748 2190 1806 2222 do-

1055 2250 1180 2275 naverat
1203 2240 1319 2274 Sani-to
1342 2240 1446 2274 Petro.
1469 2239 1640 2273 Durandus
1667 2239 1704 2272 ‹tc-
1727 2238 1808 2273 Cau-

1055 2289 1156 2329 diaco,
1189 2290 1341 2323 Arminus
1373 2289 1411 2323 de
1439 2288 1618 2331 Gaudiaco,
1654 2288 1807 2323 Girardus

1056 2338 1094 2372 de
1116 2338 1373 2384 Centurpeunis7
1407 2339 1459 2385 qni
1484 2339 1530 2372 eis
1552 2338 1726 2372 contrarius
1761 2344 1808 2371 est

1056 2387 1094 2421 de
1118 2388 1410 2422 Villa-Fontanedo.
1445 2387 1603 2422 Rohertus
1617 2388 1655 2421 de
1670 2387 1807 2429 Issevee,

1056 2437 1108 2483 qui
1151 2437 1227 2471 tollit
1262 2438 1306 2471 eis
1334 2437 1474 2482 plantas,
1514 2449 1592 2483 quas
1626 2436 1807 2473 Bernardns

1057 2486 1160 2520 Dolnn
1189 2487 1374 2521 interfectus
1401 2486 1530 2520 dederat
1559 2486 1675 2519 Sancto
1700 2485 1806 2519 Petro.

1056 2535 1119 2569 Sed
1142 2543 1172 2570 et
1195 2536 1250 2574 illi,
1273 2537 1325 2582 qni
1350 2536 1395 2569 eis
1417 2535 1563 2569 contrarii
1587 2543 1659 2569 sunt
1687 2534 1724 2568 de
1749 2546 1808 2581 po-

1057 2593 1167 2619 testate
1189 2585 1354 2619 sarrianis:
1373 2597 1429 2618 nec
1452 2597 1512 2618 uon
1537 2592 1567 2618 et
1594 2584 1654 2628 illi7
1680 2584 1733 2630 qui
1757 2584 1809 2617 de-

1059 2634 1278 2681 praedationes
1300 2643 1330 2669 et
1352 2635 1482 2668 iniustas
1505 2633 1752 2668 consuetudines
1768 2632 1809 2666 fa-

1057 2683 1156 2723 ciunt,
1178 2691 1209 2719 et
1225 2684 1389 2730 requirnnt
1409 2684 1438 2717 in
1464 2691 1615 2730 potestate
1632 2682 1807 2717 Valentiola

1058 2741 1088 2768 et
1111 2734 1141 2768 in
1162 2741 1315 2782 potestate
1336 2732 1501 2768 Tudolleta
1522 2732 1599 2767 etin
1614 2732 1710 2780 podio
1724 2731 1810 2767 Odo-

1832 360 1881 386 An.
1901 360 1930 387 C.
1949 359 2017 388 1018

1831 451 1890 478 Quae
1921 451 2016 480 religio-

1831 495 1905 508 sorum
1950 488 2016 510 loco..

1831 530 1878 544 rum
1897 532 1947 545 curn
1957 526 2016 546 Pon-

1831 559 1928 581 ulit-ibus
1946 560 2016 582 inesse

1833 596 1920 619 debeat.

1834 1189 1928 1212 Nomina
1978 1196 2020 1210 eo-

1835 1225 1946 1256 rum,'qui
1965 1232 2019 1247 sce—

1834 1262 1888 1284 lesta
1933 1269 2020 1292 perpe-

1835 1300 1920 1320 trarunt
1937 1297 1958 1319 iu
1970 1305 2020 1319 mo-

1834 1334 1954 1356 nasterium
1999 1335 2022 1355 et

1835 1368 1956 1392 eiushona.

1838 2551 1880 2573 Alii
1895 2551 1960 2574 etiam
1981 2558 2024 2573 non

1838 2586 1952 2609 absimiles
1971 2594 2024 2616 pet·-

1838 2626 1960 2645 secutores.
