2237 3127
53 315 106 344 An.
134 315 163 343 C.
185 315 233 344 451

53 2155 131 2176 Eorum
160 2152 235 2174 literas

52 2190 94 2246 ‘sim
109 2192 237 2245 ‘gr-2⁰⁸2?
265 2192 346 2219 strae
364 2184 468 2219 literas
491 2196 527 2218 eo
548 2191 700 2230 tempore,
715 2195 777 2230 quo
799 2184 1014 2231 promiseratis

52 2232 157 2291 συρίζω-Ι,
176 2260 235 2288 legn-

54 2296 82 2318 tin
105 2295 131 2317 nd
156 2295 237 2317 Conri-

52 2331 104 2354 lium
122 2329 236 2353 adductu-

53 2367 91 2389 duu
108 2367 215 2389 dedisset.

918 305 942 328 S.
970 304 1029 326 1,Εο

258 365 331 402 ideo
351 364 538 413 generaliter
559 362 595 398 ad
619 362 761 397 omnium
784 368 921 396 vestrum
945 371 1006 394 vo·-

260 416 365 451 lumus
393 415 554 461 pervenire
581 413 737 447 notitiam:
763 424 801 445 ne
836 411 910 443 «lum
935 409 1005 455 plus

260 465 342 500 iusto
369 465 538 507 metuitur,
566 461 779 497 misericordia
807 460 864 494 D‹=i
894 458 1004 492 salvari

260 514 461 562 cupientibus
482 513 663 558 denegetur.
695 511 773 545 Data
800 522 837 544 ix
862 508 924 542 kal.
949 519 1007 542 no-

262 564 414 604 vembris,
437 563 600 598 consulatu
626 560 766 595 Martiaui
790 558 932 604 Augusti.

300 621 368 651 Data
391 621 438 651 die
453 620 490 650 24-
508 618 634 649 octobris
654 626 730 647 anno
751 616 832 646 Dom.
853 615 920 652 451,
936 623 1008 654 pon-

262 661 388 693 tificatus
410 660 515 691 Leonis
536 667 612 689 anno
633 666 673 687 x1.

593 779 678 815 XVI.

265 864 309 896 De
334 861 474 895 Nestorz'o
501 866 526 892 et
559 858 714 902 Eutyche,
740 867 902 901 eorumque
934 856 1008 889 hae-

309 912 422 945 resibus
451 910 484 942 in
512 908 666 945 Concilio,
697 907 739 940 acl
766 907 848 950 quod
875 906 932 938 Leo
959 906 1007 938 le-

308 968 396 1006 gatos
429 971 515 1001 suos,
539 957 667 1004 fideique
690 956 909 1001 professionem
939 954 1007 988 mi-

309 1017 406 1055 serat,
434 1008 599 1043 damnatis.

529 1079 742 1113 SUMMARIUM

263 1151 288 1181 1.
311 1150 419 1180 Eorum
440 1148 541 1179 literas
569 1147 593 1177 si
626 1149 788 1186 opportuno
810 1149 940 1184 tempore
963 1155 1010 1175 ac-

306 1190 443 1229 tepisset,
461 1188 563 1227 legatis
582 1187 616 1217 ad
634 1186 797 1217 Concilium
820 1186 1008 1215 adducendas

302 1230 441 1261 dedisset.
463 1245 503 1251 -—
527 1228 554 1258 2.
580 1227 620 1257 De
648 1226 779 1265 Eutyche
810 1230 838 1255 et
867 1225 1009 1255 Nestoi-io.

300 1287 340 1293 —
363 1270 470 1299 Eorum
493 1271 652 1298 sectatores
676 1276 691 1295 a
715 1266 856 1295 catholica
880 1265 1009 1295 Ecclesia

303 1309 438 1340 seiuncti.
452 1325 493 1331 ——
510 1308 536 1338 3.
555 1307 681 1337 Nestorii
700 1306 831 1335 haeresis
848 1305 883 1335 de
899 1304 929 1335 B.
946 1305 1011 1335 Vir-

303 1350 378 1388 gine.
399 1367 440 1372 —
460 1348 494 1378 Et
516 1348 550 1378 de
572 1347 696 1377 Christo.
712 1362 753 1367 --
773 1345 868 1381 Quare
888 1350 1010 1384 uterque

302 1391 457 1420 damnatus
485 1392 540 1418 est.
561 1404 602 1410 —-
628 1385 765 1416 Haeresis
795 1385 942 1424 Eutychis.
971 1402 1012 1408 —

303 1429 449 1459 Refutatio
468 1437 570 1458 eorum
593 1428 760 1456 haeresum.
779 1442 819 1447 —
833 1426 862 1454 4.
880 1424 919 1454 De
938 1425 1011 1454 Con-

302 1470 370 1499 cilio
393 1468 563 1499 auctoritate
586 1465 744 1506 apostolica
764 1469 864 1495 coacto
887 1470 914 1494 et
936 1475 1009 1495 con-

304 1510 426 1540 firmato.
448 1525 488 1531 —
503 1508 543 1537 De
564 1507 715 1537 Dioscoro.
738 1522 779 1527 —
794 1505 821 1535 5.
840 1505 1011 1536 Adhortatio

302 1550 338 1580 ad
360 1549 514 1589 episcopos
537 1547 645 1587 quibus
664 1545 777 1576 scribit.

261 1620 310 1649 Leo
328 1626 455 1648 romanae
472 1618 548 1646 urbis
564 1617 713 1653 episcopus,
733 1617 876 1650 Ravenuim
893 1617 1011 1652 Rustico,

306 1664 433 1697 Venerio,
457 1663 647 1695 Constantino,
676 1662 802 1695 Maximo,
831 1662 1010 1696 Armentario,

306 1710 391 1742 Floro,
412 1709 520 1741 savino,
533 1707 686 1740 Valeriano,
702 1707 870 1740 constantio,
881 1708 1011 1744 asclepio,

305 1754 438 1787 nectario,
458 1753 585 1786 Maximo,
602 1752 678 1785 orso,
699 1752 837 1787 Ingeuulo,
858 1753 941 1786 Iusto,
961 1753 1010 1781 Va·

306 1800 419 1832 leriano,
439 1799 612 1834 supervento,
631 1797 807 1833 chrysaphio,
827 1798 943 1831 Fonteio,
968 1798 1011 1827 Pe-

306 1845 416 1877 tronio,
438 1843 562 1878 Hydacio,
581 1842 706 1874 Etherio,
726 1842 841 1875 Eulalia,
865 1843 1011 1878 Eutychio,

307 1890 450 1921 Fraterno,
470 1889 601 1921 venturo,
627 1887 756 1922 Eugenio,
785 1887 900 1920 Hilario,
931 1889 1012 1922 Vero,

308 1934 433 1966 Amantio,
451 1932 584 1965 Gerontio,
604 1932 769 1964 Proculiano,
789 1932 907 1966 tuliano,
927 1934 1012 1962 Hella-

308 1979 361 2011 dio.
383 1977 561 2011 armentario,
581 1977 723 2010 Honorato,
744 1977 879 2012 Repartio,
896 1978 1013 2011 Amenio,

308 2023 427 2052 Divamio
441 2043 448 2056 ‚
479 2021 634 2050 maximinio
649 2042 656 2054 ,
683 2022 830 2056 Hyrnantio
850 2024 878 2052 et
896 2023 1014 2052 Palladio

307 2068 439 2105 episcopis
458 2075 506 2104 per
525 2066 624 2095 Gaffias
643 2067 811 2096 constitutis.

316 2136 347 2169 1.
370 2134 577 2181 Optassemus
597 2132 725 2181 quidem
746 2133 946 2170 fraternitatis
960 2147 1014 2171 ve-

266 2233 426 2280 accipere;
448 2241 482 2268 ut
500 2233 688 2280 profecturis
709 2233 747 2267 ad
770 2232 932 2269 Orientem
952 2235 1014 2269 fra-

267 2282 369 2317 tribus
383 2283 514 2323 nostris,
538 2294 617 2330 quos
635 2282 674 2317 ad
693 2291 831 2318 sanctam
849 2284 1013 2331 Synodum

267 2332 333 2367 vice
356 2340 459 2367 nostra
477 2345 531 2379 pro
553 2332 723 2367 catholicae
745 2332 814 2367 fidei
830 2333 1014 2369 defensione

267 2381 454 2422 clircximus;
481 2381 572 2415 etiam
595 2389 713 2416 vestrae
736 2383 910 2418 sententiae
936 2397 1014 2430 pro—

267 2430 360 2465 fessio
388 2431 578 2477 inngeretur.
602 2427 666 2466 Sed
688 2444 760 2466 cum
788 2433 885 2468 multa
912 2434 1015 2468 obsta-

267 2480 337 2515 cula
364 2481 554 2528 inopinatam
583 2480 670 2515 vobis
696 2481 860 2517 intulerint
888 2483 1015 2518 tardita-

269 2537 353 2574 tem,
383 2530 556 2577 quamlibet
589 2542 673 2565 seras
699 2538 729 2566 et
755 2531 808 2566 diu
836 2541 1014 2580 expectatos

269 2579 417 2626 epistolas
432 2591 488 2627 per
509 2580 633 2615 fratrem
658 2588 688 2615 et
709 2581 932 2629 coepiscopum
957 2595 1014 2618 no-

269 2636 367 2663 strum
402 2629 590 2676 Ingenulum
626 2638 782 2676 gratanter
808 2632 988 2678 accepimus
1006 2661 1013 2673 ,

269 2689 384 2727 easque
406 2691 478 2714 cum
505 2679 619 2727 gaudio
647 2688 847 2717 recensentes
873 2682 1015 2731 probavi-

1704 291 1747 320 75<

1056 304 1064 326 1
1095 304 1144 325 1‘1‘.

1050 369 1136 401 mus,
1163 356 1244 391 sicut
1264 354 1501 390 considebamus
1522 353 1698 389 eruditione
1720 353 1796 401 Spi-

1048 407 1125 441 ritus
1158 405 1265 440 Sancti
1303 405 1469 440 coelestcm
1507 404 1538 438 in
1572 403 1660 438 vobis
1693 403 1796 449 vigere

1048 455 1235 495 doctrinam,
1252 466 1345 502 quam
1369 454 1398 488 in
1418 453 1623 488 orientalibus
1644 452 1796 487 Ecclesiis

1049 504 1181 540 versutia
1203 504 1302 538 hostis
1324 503 1441 550 antiqui
1470 515 1524 548 per
1546 516 1616 543 eos,
1644 514 1722 549 quos
1738 514 1796 536 se—

1048 566 1163 602 quaces
1189 565 1263 588 suos
1291 553 1421 599 reperit,
1457 552 1634 597 falsitasque
1667 552 1795 598 fatigare

1048 610 1158 638 conata
1193 610 1257 643 est,
1288 614 1360 636 cum
1395 601 1544 636 catholica
1578 601 1656 636 fides
1671 629 1678 642 ,
1715 613 1796 648 quae

1048 652 1132 687 nulla
1159 652 1206 686 sui
1231 660 1278 686 est
1311 658 1397 698 parte
1421 650 1600 694 mutabilis,
1628 663 1683 697 per
1712 651 1795 697 ipsas

1048 701 1279 736 adversantium
1306 700 1544 735 exercitationes
1574 699 1703 734 validior
1730 700 1796 733 effi-

1049 752 1148 786 ciatur
1179 762 1305 797 semper
1338 757 1369 784 et
1395 749 1523 789 clarior,
1556 757 1704 795 operante
1736 749 1795 784 hoe

1048 800 1146 847 gratia
1172 799 1250 843 Dei,
1273 806 1306 833 ut
1328 799 1352 833 si
1376 799 1428 845 qui
1452 798 1529 832 sorte
1557 798 1593 832 ad
1622 798 1698 833 haec
1725 798 1797 833 sub-

1048 850 1114 885 tilia
1132 849 1249 884 inimici
1266 848 1364 883 iacula
1381 847 1565 882 declinanda
1586 847 1690 882 minus
1708 856 1795 882 erant

1050 899 1211 940 instructi,
1235 898 1402 944 minusque
1424 896 1557 937 soliciti,
1580 897 1734 944 perceptis
1751 909 1796 931 ve-

1050 949 1148 985 ritatis
1161 947 1268 991 armis,
1282 947 1392 982 fierent
1406 954 1512 981 contra
1529 945 1697 993 impiorum
1714 959 1798 980 men-

1049 998 1138 1033 dacia
1168 997 1323 1033 fortiores.
1356 995 1448 1038 Quod
1475 1007 1565 1042 ergo,
1597 995 1678 1030 sicut
1705 1008 1795 1030 causa

1051 1047 1213 1094 poscebat,
1236 1046 1382 1081 fiduciam
1405 1053 1556 1085 nostram,
1575 1057 1667 1092 quam
1690 1044 1728 1079 de
1748 1057 1799 1080 vo-

1050 1098 1099 1133 bis
1125 1097 1279 1132 habemus
1302 1096 1331 1130 in
1358 1095 1519 1136 Domino,
1547 1094 1680 1129 fideliter
1703 1102 1796 1142 atque

1051 1147 1232 1182 obedienter
1247 1145 1388 1190 auxistiS,
1404 1145 1500 1179 multa
1518 1143 1708 1180 exultatione
1725 1156 1797 1191 gau-

1051 1197 1174 1232 demus.

1100 1250 1132 1280 02..
1151 1247 1192 1281 Et
1209 1244 1320 1279 merito
1338 1256 1395 1279 nos
1410 1242 1631 1290 cognoscimus
1650 1242 1798 1277 fratribus

1051 1305 1080 1331 et
1106 1295 1303 1343 coepiscopis
1337 1293 1452 1328 nostris
1484 1292 1688 1328 orientalibus
1718 1293 1798 1326 iuti-

1052 1358 1170 1390 masse,
1192 1344 1276 1392 quod
1299 1343 1473 1378 secundum
1492 1342 1703 1388 evangelicam
1722 1354 1798 1389 apo-

1052 1395 1256 1441 stolicamque
1284 1393 1484 1428 traditionem
1516 1391 1555 1426 de
1584 1392 1798 1427 incarnatione

1051 1444 1179 1479 Domini
1210 1444 1307 1478 nostri
1342 1443 1412 1477 lesu
1443 1441 1586 1485 Christi,
1622 1453 1682 1476 una
1715 1449 1797 1476 esset

1052 1494 1193 1529 omnium
1215 1501 1368 1533 nostrum,
1394 1499 1423 1526 et
1443 1491 1609 1526 indiscreta
1629 1490 1798 1534 confessio,

1052 1555 1155 1591 neque
1182 1542 1254 1577 ullis
1275 1554 1385 1577 eorum
1419 1539 1689 1587 disputationibus
1721 1540 1800 1574 deti-

1053 1594 1137 1634 neri,
1161 1600 1194 1627 ut
1215 1592 1305 1627 aliter
1322 1590 1442 1639 aliquid
1464 1590 1503 1625 de
1525 1590 1641 1624 summi
1665 1597 1695 1624 et
1712 1591 1799 1624 salu-

1053 1642 1134 1678 tiferi
1154 1641 1339 1677 sacramenti
1364 1640 1493 1675 veritate
1514 1640 1683 1687 sapiamus,
1703 1652 1796 1686 quam

1053 1705 1090 1727 ex
1119 1691 1350 1740 praedicatione
1376 1698 1555 1725 sanctorum
1587 1689 1737 1733 Patrum,
1768 1698 1799 1724 et

1053 1755 1090 1777 ex
1112 1741 1295 1777 auctoritate
1318 1738 1582 1775 incommutabilis
1604 1738 1736 1786 symboli
1756 1739 1799 1773 di-

1054 1792 1189 1826 dicimus
1215 1803 1251 1825 ac
1273 1790 1441 1833 docemus,
1468 1788 1623 1823 damnatis
1649 1787 1687 1822 ab
1720 1790 1799 1822 uni-

1054 1841 1163 1876 versali
1179 1840 1338 1884 Ecclesia,
1361 1847 1390 1874 et
1405 1850 1490 1873 nunc
1503 1838 1646 1885 Eutyche
1664 1844 1694 1872 et
1708 1846 1796 1873 autea

1052 1890 1210 1925 Nestorio.
1237 1889 1380 1931 Quorum
1415 1888 1439 1923 si
1474 1888 1543 1935 quis
1570 1899 1632 1922 non
1663 1887 1799 1922 ferendis

1055 1939 1269 1987 impietatibus
1295 1939 1458 1973 inhaerere
1480 1937 1650 1983 delegerit,
1673 1936 1738 1984 ipse
1765 1949 1799 1972 se

1055 2002 1070 2023 a
1106 2001 1238 2036 corpore
1272 1988 1460 2022 christianae
1491 1986 1618 2021 unitatis
1652 1986 1796 2021 abscidit.

1054 2038 1123 2073 Non
1146 2039 1229 2073 enim
1245 2038 1321 2072 ultra
1345 2037 1403 2071 iam
1421 2036 1567 2083 cuiquam
1589 2037 1800 2071 excusationis

1055 2088 1210 2135 refugium
1226 2087 1264 2122 de
1286 2086 1458 2134 ignorantia
1481 2093 1510 2121 et
1533 2085 1672 2126 inscitia,
1694 2086 1739 2121 vel
1760 2086 1799 2120 de

1055 2137 1279 2184 intelligentiae
1302 2136 1482 2171 difficultate
1504 2135 1703 2170 conceditur:
1726 2147 1798 2170 cum

1055 2188 1115 2223 hoc
1133 2187 1235 2234 ipsum
1251 2195 1470 2222 sexcentorum
1486 2185 1549 2220 fere
1572 2184 1712 2230 fratrum,
1732 2197 1799 2220 coe·

1057 2238 1321 2284 piscoporumque
1343 2243 1520 2270 nostrorum
1543 2234 1691 2282 Syuodus
1716 2247 1800 2269 con—

1055 2294 1180 2333 gregata
1198 2286 1311 2321 nullam
1327 2294 1425 2320 artem
1442 2284 1659 2330 ratiocinandi,
1677 2284 1799 2319 nullum

1055 2337 1213 2383 eloquium
1237 2335 1409 2370 disserendi
1430 2343 1536 2369 contra
1558 2333 1799 2369 fundamentum

1056 2386 1127 2421 fidei
1148 2386 1313 2432 inspiratae
1333 2384 1522 2432 permiserit:
1545 2384 1693 2430 quoniam
1708 2383 1801 2418 adni-

1056 2436 1193 2471 tentibus
1209 2447 1263 2481 per
1274 2435 1425 2470 auxilium
1441 2433 1556 2480 gratiae
1567 2433 1625 2467 Dei
1640 2433 1799 2474 fratribus,

1055 2485 1178 2520 vicariis
1197 2485 1323 2526 uostris,
1343 2496 1478 2531 quorum
1501 2483 1682 2531 plenissima
1701 2483 1802 2518 extitit

1055 2536 1085 2570 in
1109 2535 1194 2569 omni
1221 2536 1344 2570 actione
1371 2533 1513 2577 devotio,
1540 2545 1600 2567 non
1623 2533 1725 2568 solum
1747 2545 1801 2568 sa-

1055 2584 1235 2620 cerdotibus
1256 2583 1392 2624 Christi,
1415 2583 1469 2618 scd
1488 2582 1581 2618 etiam
1604 2582 1800 2630 principibus

1056 2642 1085 2669 et
1100 2634 1307 2680 potestatibus
1328 2632 1517 2671 christianis,
1537 2632 1720 2679 cunctisque
1744 2633 1801 2667 cle-

1057 2684 1142 2727 ricis,
1166 2684 1323 2733 plebibus,
1337 2683 1504 2719 ordinibus
1519 2682 1612 2731 plene
1626 2689 1719 2730 atque
1735 2683 1802 2717 evi-

1830 309 1880 336 An.
1903 307 1933 335 C.
1962 306 2012 335 45⁰2

1864 1707 1894 1729 Do
1907 1708 2002 1738 Eutyche

1832 1745 1853 1764 et
1870 1744 1985 1767 Nestoris.

1864 1901 1941 1922 Eorum
1981 1909 2016 1922 se-

1832 1939 1928 1958 ctatores
1945 1944 1955 1958 a
1980 1945 2017 1958 ru—

1832 1971 1914 1994 thotica
1932 1972 2014 1994 lsrcle-

1832 2015 1863 2030 aia
1880 2008 1985 2031 seiuncti.
