2237 3127
184 281 236 308 An.
252 280 282 308 C.
298 279 366 308 1037

455 265 525 297 500

404 330 499 371 nico,
533 339 604 362 eum
635 325 783 361 omnibus
809 337 918 359 eorum
947 325 1155 371 pertinentiis,

406 379 506 426 posita
524 377 571 410 via
595 375 719 410 Aurelia
743 375 887 408 milliario
909 374 947 408 ab
964 373 1039 407 urbe
1054 373 1156 407 Roma

405 429 478 475 plus
499 426 604 460 minus
634 424 870 463 tertiodecimo,
893 423 975 458 inter
995 423 1104 457 alliues
1119 423 1157 457 ab

405 489 468 511 uno
491 476 585 510 latere
609 486 709 508 massa
733 473 909 519 Margarita,
932 480 962 507 et
984 472 1156 507 Casandria

405 526 483 560 iuris
506 533 687 559 sanctorum
712 522 882 566 Basilidis,
918 521 1091 568 Tripodis,
1127 529 1158 555 et

403 573 620 620 Magdalenae,
639 585 720 619 quae
734 580 781 606 ost
804 571 954 618 praedicti
970 571 1064 606 vestri
1093 571 1159 617 epi-

403 624 516 671 scopii,
539 635 555 657 a
570 622 711 657 secundo
728 621 855 662 fundus,
878 629 907 655 et
927 620 1044 655 fundus
1066 619 1157 665 Agel-

403 674 464 716 lus,
486 673 539 720 qui
567 679 641 707 sunt
680 670 719 705 de
746 670 857 705 eodem
895 678 999 705 vestro
1034 671 1159 716 episco—

404 731 490 770 patu,
512 734 528 756 a
563 721 655 756 tertio
683 721 778 754 latere
812 719 929 754 l'uadus
966 719 1157 762 Verecundi,

404 772 459 819 qui
495 779 541 806 est
575 769 652 805 iuris
687 769 870 804 monasterii
903 768 936 803 S.
967 769 1091 803 'Martini
1120 769 1156 802 ad

403 822 555 856 Sanctum
578 820 720 863 Petrum,
743 826 773 853 et
795 831 810 853 a
833 827 944 864 quarto
966 818 1061 851 latere
1083 818 1159 852 alias

403 884 459 906 sex
483 870 593 905 uncias
615 870 653 903 de
677 868 837 916 praedicto
859 867 957 902 fundo
984 866 1156 901 Artieiano.

402 920 547 967 Itemque
576 919 690 954 futidos
725 927 809 960 octo,
848 916 1013 963 Lapmian.
1055 917 1157 951 Pathi.

402 970 563 1016 Margarit.
588 969 634 1003 sui
671 980 781 1002 eorum
809 965 1003 1001 Graecorum
1021 994 1029 1005 ,
1059 966 1159 1000 Casa-

403 1019 477 1054 nell.
501 1017 728 1065 Casapupulis,
749 1016 909 1059 savinuli,
933 1016 986 1062 qui
1014 1023 1044 1050 et
1072 1015 1160 1049 Sam-

404 1069 542 1103 buculus
564 1076 707 1110 vocatur,
735 1066 792 1099 sibi
818 1066 953 1099 invicem
985 1065 1160 1099 cohaeren-

403 1127 461 1158 tes,
490 1117 590 1165 posita
605 1116 714 1151 eadem
740 1115 786 1148 via
809 1113 936 1149 Aurelia
962 1114 1104 1148 milliario
1120 1114 1159 1148 al)

404 1167 482 1202 urbe
507 1167 607 1201 Roma
637 1166 707 1212 plus
736 1165 839 1198 minus
866 1164 1068 1207 duodecimo,
1098 1173 1160 1196 trr-

403 1217 512 1252 ritorio
539 1216 647 1251 Sancti
669 1214 829 1257 Basilidis,
869 1215 949 1248 inter
975 1214 1084 1247 alliues
1122 1213 1160 1247 ab

404 1280 467 1301 uno
490 1268 584 1300 latere
607 1265 725 1300 fundus
748 1263 934 1304 Attichian„
959 1263 995 1298 ab
1018 1263 1078 1297 alio
1113 1262 1160 1297 la-

403 1324 469 1351 tere
506 1315 624 1350 fundus
659 1313 852 1349 Casandria:
887 1325 903 1347 a
944 1313 1037 1347 tertio
1064 1312 1160 1346 latere

404 1365 534 1406 fundus,
562 1365 614 1412 qui
641 1363 816 1410 appellatur
850 1362 1058 1397 Patriciorum
1076 1389 1084 1404 ,
1113 1361 1160 1395 rel

404 1415 430 1449 si
453 1415 505 1462 qui
533 1414 585 1449 alii
613 1413 722 1447 affines
744 1420 834 1446 sunt:
860 1424 917 1446 nec
957 1424 1017 1446 uon
1044 1410 1161 1445 fundus

404 1465 436 1499 in
462 1466 633 1510 integrum,
656 1462 709 1509 qui
732 1461 1073 1499 vocaturIudaeorum,
1089 1473 1159 1494 cum

404 1514 535 1552 finibus,
558 1521 587 1547 et
610 1511 764 1546 limitibus
791 1511 868 1551 suis,
897 1510 943 1544 vel
967 1523 1038 1544 eum
1062 1510 1162 1543 oiuni-

406 1563 467 1598 bus
503 1562 562 1597 sibi
599 1560 831 1608 pertinentibus
867 1559 975 1606 positis
1002 1559 1162 1606 praedicto

404 1612 564 1647 territorio
587 1611 700 1658 Sylvae
719 1608 891 1643 Candidae.
908 1608 1073 1643 Praeterea
1091 1621 1164 1642 con-

406 1662 549 1697 cedimus
586 1670 616 1695 et
655 1659 880 1694 confirmamus
920 1658 1009 1692 vobis
1061 1658 1163 1692 casale

406 1723 504 1746 unum
532 1711 564 1744 in
592 1710 763 1754 integrum.
787 1708 870 1754 quod
900 1716 1028 1741 vocatur
1060 1707 1163 1742 Urha-

408 1773 495 1799 num,
517 1760 582 1794 sire
607 1759 725 1806 quihus
746 1757 816 1792 aliis
843 1757 1006 1791 vocabulis
1032 1769 1163 1790 nuncu-

407 1819 495 1857 pent,
519 1809 548 1843 in
577 1820 640 1855 quo
667 1814 742 1842 sunt
777 1815 887 1846 terrae,
917 1807 1032 1852 campi,
1065 1813 1163 1852 prata,

409 1871 524 1906 pascua
549 1859 596 1892 vel
620 1870 692 1892 cum
716 1856 866 1891 omnibus
887 1855 946 1889 sibi
977 1855 1163 1901 pertinenti-

407 1909 480 1952 bus,
514 1907 651 1955 positum
682 1906 840 1940 territorio
871 1904 1088 1947 Subtrinensi,
1119 1904 1165 1938 af-

408 1959 489 1993 fines
515 1957 584 1991 eius
611 1956 703 1991 sicuti
743 1964 828 1995 sunt,
863 1957 912 1989 vel
950 1954 1089 1997 fuerunt,
1127 1953 1165 1987 al)

410 2007 544 2053 origine.
569 2006 710 2052 Itemque
749 2006 976 2039 confirmamus
1010 2003 1110 2046 vobis,
1137 2011 1167 2037 et

412 2056 587 2100 Ecclesiae,
609 2055 657 2089 cui
687 2054 882 2101 praesidetis,
907 2053 938 2087 in
958 2053 1057 2100 ipsam
1085 2053 1167 2086 viam

411 2105 548 2153 Appiam
570 2105 726 2139 territorio
749 2103 929 2138 Velletrauo
952 2102 1167 2142 constitutam,

413 2167 549 2190 massam
580 2153 724 2188 videlicet
746 2153 896 2187 urbanam
922 2164 995 2187 cum
1015 2150 1169 2198 Capuano

413 2215 443 2239 et
477 2204 667 2239 Caesariano
702 2215 773 2237 cum
809 2202 917 2236 tundis
955 2201 992 2235 ad
1034 2200 1168 2235 eandem

414 2266 551 2288 massam
588 2252 838 2300 pertinentibus,
865 2263 937 2286 cum
974 2250 1061 2285 omni
1093 2250 1169 2297 ⁴iure

416 2304 581 2347 instructo,
604 2303 877 2348 instrumentaque
910 2300 1027 2334 finibus
1054 2299 1171 2334 termi-

417 2353 530 2399 nisque
553 2352 632 2392 suis,
656 2352 685 2385 in
708 2363 769 2397 qua
800 2359 847 2385 est
873 2350 1005 2384 ecclesia
1042 2349 1074 2383 S.
1110 2348 1173 2383 Fe-

417 2402 498 2446 licis,
521 2402 602 2436 sicut
631 2401 661 2435 in
684 2400 811 2447 scriptis
838 2400 950 2434 vestris
976 2398 1120 2442 habetur,
1143 2406 1174 2432 ct

421 2452 503 2486 sicut
529 2451 621 2485 etiam
646 2450 676 2484 in
700 2450 812 2484 tabulis
849 2448 993 2496 lapideis,
1020 2449 1074 2495 qui
1103 2455 1174 2482 ante

422 2501 505 2535 sores
528 2500 674 2534 basilicae
696 2499 884 2534 Sanctarum
907 2506 1077 2545 martyrum
1106 2497 1175 2532 Ru-

423 2550 504 2584 finae
526 2557 556 2584 et
578 2548 747 2584 Secundae
786 2549 816 2582 in
852 2560 944 2582 muro
973 2547 1092 2594 positae
1126 2547 1175 2580 vi-

425 2599 551 2643 dentur,
572 2599 686 2645 legitur
711 2597 884 2644 integriter.
910 2597 1077 2632 Praeterea
1099 2608 1177 2631 con-

426 2647 570 2685 cedimus
587 2656 618 2684 et
639 2647 864 2685 confirmamus
885 2647 974 2683 vobis
992 2647 1071 2683 infra
1096 2646 1178 2683 hanc

999 271 1099 293 mmm
1105 270 1188 292 mun
1215 270 1378 292 ROMANmI

1200 324 1358 358 civitatem
1381 324 1503 358 Romae
1530 330 1657 364 terram,
1694 323 1748 359 ubi
1783 323 1857 358 olim
1892 323 1950 359 fuit

1199 373 1313 407 domus
1341 374 1450 411 maior,
1473 385 1544 407 cum
1568 373 1717 407 omnibus
1755 373 1813 407 sibi
1846 375 1950 419 perti-

1200 423 1358 461 nentibus,
1384 423 1484 469 posita
1509 422 1539 456 in
1569 422 1726 469 loco,.qui
1750 423 1951 457 vocatur-Di-

1199 471 1289 511 buro,
1314 472 1393 506 iuter
1415 471 1522 506 aflines
1544 473 1583 507 ab
1606 484 1668 506 uuo
1692 473 1785 506 latere
1808 480 1900 511 terra,
1919 473 1950 507 in

1199 534 1259 567 qua
1275 521 1332 555 fuit
1354 521 1467 555 domus
1493 521 1531 555 de
1554 521 1706 555 Mareezia
1729 521 1863 567 coniuge
1885 522 1953 556 Ste-

1201 571 1293 617 phani
1322 570 1517 614 Seuescalci,
1540 571 1578 605 ab
1599 571 1659 605 alio
1683 571 1777 604 latere
1800 578 1893 611 terra,
1921 571 1951 604 in

1199 632 1261 666 qua
1289 619 1345 654 fuit
1367 620 1482 654 domus
1504 621 1542 655 de
1565 620 1660 655 Butio
1679 620 1718 654 de
1745 619 1907 660 Simeone,
1934 632 1951 654 a

1201 669 1290 703 tertio
1311 670 1404 703 latere
1426 670 1474 703 via
1496 670 1631 716 publiea,
1659 677 1689 704 et
1716 682 1730 703 a
1759 677 1871 716 quarto
1907 669 1954 703 la-

1201 727 1264 753 tere
1292 719 1378 753 Avus
1402 719 1512 759 maior,
1550 728 1580 753 et
1616 719 1663 753 via
1698 731 1779 765 quae
1807 718 1893 752 ducit
1914 718 1951 753 ad

1200 769 1427 802 monasterium
1451 768 1485 803 S.
1509 767 1633 802 Ciriaci.
1653 768 1757 814 Super
1780 768 1829 802 his
1847 776 1953 802 autem

1201 830 1262 852 non
1288 830 1401 851 norum
1426 817 1586 859 facientes,
1609 818 1740 857 seilicet,
1763 817 1846 864 quod
1864 825 1954 852 ante-

1200 880 1342 902 cessores
1365 875 1490 902 nostros
1512 867 1720 901 saerosanctis
1755 867 1928 901 Albanensi
1943 894 1952 908 ,

1200 916 1353 960 Ostiensi,
1372 925 1402 951 et
1434 917 1615 957 portuensi,
1643 925 1672 951 et
1705 917 1775 951 aliis
1800 916 1956 951 Ecclesiis

1202 966 1313 1000 fecisse
1341 967 1590 1012 cognoscimus,
1617 979 1633 1000 a
1675 966 1830 1013 praesenti
1867 973 1954 1001 sexta

1201 1015 1386 1055 indictione,
1415 1028 1470 1062 per
1497 1016 1592 1050 huius
1618 1024 1742 1050 nostrae
1764 1015 1957 1062 apostolicae

1203 1065 1434 1112 praeceptionis
1458 1066 1602 1111 pagiuam
1626 1066 1804 1109 statuimus,
1831 1073 1861 1099 ct
1889 1072 1954 1100 sta-

1202 1115 1318 1148 tuendo
1336 1128 1390 1161 per
1405 1115 1621 1149 auctoritatem
1639 1114 1855 1161 apostolorum
1871 1115 1956 1161 prin-

1202 1165 1281 1210 cipis
1303 1164 1541 1203 eonlirmanms,
1562 1173 1594 1198 ut
1617 1164 1800 1211 presbytcri,
1818 1164 1957 1203 diaconi,

1203 1213 1360 1254 monaehi,
1378 1214 1592 1254 mansionarii,
1606 1213 1711 1248 clerici
1723 1214 1958 1260 cuiuscumque

1202 1263 1322 1297 ordinis
1343 1263 1405 1297 siut
1429 1263 1475 1297 vel
1497 1263 1671 1309 dignitatis,
1686 1263 1957 1308 sanctimoniales,

1202 1325 1256 1346 seu
1285 1312 1477 1347 diaconistae
1511 1325 1623 1347 omnes
1650 1313 1809 1347 immunes
1846 1314 1909 1347 siut
1940 1325 1958 1348 a

1202 1362 1303 1396 laicali
1327 1362 1465 1403 servitio,
1485 1362 1611 1401 iudicio,
1634 1370 1664 1396 et
1687 1362 1810 1408 publica
1826 1361 1955 1397 datione

1204 1412 1233 1445 in
1257 1410 1382 1446 Galeria
1405 1412 1484 1446 intra
1506 1411 1684 1455 castellum,
1724 1412 1772 1446 vel
1807 1412 1846 1446 de
1878 1411 1955 1446 soris

1205 1460 1392 1504 habitantes,
1416 1461 1456 1495 ita
1485 1470 1517 1495 ut
1538 1465 1563 1495 si
1588 1462 1770 1508 imperator,
1798 1469 1851 1495 aut
1879 1473 1960 1496 mar-

1204 1510 1288 1553 chio,
1310 1510 1375 1544 sive
1395 1511 1482 1545 missi
1518 1523 1639 1555 eorum,
1667 1520 1720 1544 aut
1754 1522 1957 1545 successores

1205 1559 1302 1593 nostri
1331 1559 1404 1593 illuc
1432 1560 1633 1601 venerimus,
1670 1559 1757 1593 nullo
1793 1560 1889 1594 modo
1925 1560 1957 1594 in

1205 1609 1265 1643 iam
1289 1609 1382 1643 dictis
1406 1609 1549 1655 personis
1575 1621 1630 1655 per
1654 1609 1798 1656 publicos
1822 1610 1962 1644 ministe-

1207 1658 1297 1692 riales
1319 1671 1456 1705 expensa
1492 1659 1680 1705 colligatur,
1716 1671 1819 1705 neque
1854 1659 1960 1706 aliquo

1206 1707 1359 1742 modoeis
1374 1708 1485 1742 iniuria
1509 1708 1682 1752 irrogetur;
1706 1707 1762 1742 sed
1786 1720 1842 1755 pro
1853 1720 1961 1742 amore

1206 1757 1350 1790 altissimi
1375 1757 1445 1800 Dei,
1475 1770 1491 1791 a
1518 1758 1609 1792 cuius
1636 1765 1720 1791 sorte
1746 1757 1853 1792 elerici
1876 1770 1962 1792 nun-

1206 1814 1362 1852 cupantur
1392 1815 1609 1852 competenter
1648 1807 1828 1847 honorent,
1867 1807 1960 1841 liceat

1208 1855 1269 1889 illis
1297 1856 1516 1890 tantummodo
1544 1856 1642 1901 vobis,
1670 1857 1846 1901 vestrisque
1881 1868 1964 1891 suc—

1207 1905 1388 1939 cessoribus
1409 1905 1581 1952 episcopis,
1603 1914 1630 1940 et
1658 1905 1877 1946 vicedominis,
1904 1918 1961 1940 seu

1209 1955 1439 1989 ministralibus
1460 1955 1576 1989 nostris
1611 1955 1642 1989 in
1671 1955 1796 1990 cunctis
1831 1954 1964 1990 reddere

1210 2004 1376 2046 rationem,
1399 2012 1429 2038 et
1444 2012 1581 2038 vestrum
1605 2013 1773 2051 expectare
1796 2004 1962 2045 iudicium,

1210 2061 1244 2087 ut
1270 2053 1357 2087 Deus
1373 2053 1556 2095 honoretur,
1571 2062 1602 2088 et
1624 2066 1680 2088 vos
1701 2065 1965 2101 successoresque

1211 2102 1315 2146 vestri,
1344 2111 1519 2138 vestrorum
1547 2115 1708 2138 sacrorum
1732 2103 1880 2137 ordinum
1903 2115 1966 2137 ser-

1212 2152 1285 2185 vitio
1321 2159 1351 2185 et
1389 2152 1568 2187 obedientia
1606 2165 1667 2187 non
1704 2152 1964 2197 defraudemini,

1212 2210 1422 2248 maneantque
1450 2201 1510 2236 sub
1537 2201 1654 2237 iudicio
1681 2210 1711 2237 et
1737 2202 1882 2237 districtu
1909 2214 1965 2237 ve-

1213 2258 1276 2285 stro
1292 2250 1467 2285 secundum
1477 2251 1720 2286 tenoremhuius
1733 2252 1829 2286 nostri
1843 2259 1967 2298 aposto-

1213 2300 1262 2334 lici
1277 2300 1443 2346 praecepti,
1457 2302 1598 2335 omnium
1612 2301 1777 2335 hominum
1799 2300 1968 2336 contradi-

1214 2349 1317 2384 ctione
1331 2358 1460 2390 remota,
1477 2350 1517 2384 ita
1533 2358 1565 2384 ut
1578 2350 1684 2385 nullus
1697 2362 1815 2394 comes,
1834 2351 1969 2385 viceco-

1216 2411 1294 2441 mes,
1306 2399 1475 2439 castaldus,
1486 2399 1712 2441 cubicularius,
1726 2400 1876 2446 nullaque
1893 2412 1967 2447 per-

1215 2460 1291 2483 sona
1309 2449 1423 2483 audeat
1435 2461 1488 2483 eos
1501 2449 1540 2483 ad
1555 2450 1729 2489 servitium,
1746 2449 1792 2484 vel
1807 2449 1846 2484 ad
1861 2461 1966 2495 anga-

1217 2498 1293 2532 riam
1309 2498 1434 2539 ducere,
1450 2498 1498 2533 vel
1513 2499 1552 2533 ad
1565 2499 1755 2542 districtum,
1769 2499 1833 2533 sive
1845 2498 1883 2534 ad
1898 2499 1970 2545 pla-

1217 2548 1313 2582 citum
1340 2548 1534 2594 protrahere,
1556 2549 1622 2583 sive
1644 2549 1827 2583 mansiones
1857 2560 1968 2583 eorum

1218 2597 1370 2644 hospitari
1391 2598 1438 2632 vel
1461 2597 1620 2640 invadere,
1642 2598 1689 2633 vel
1708 2597 1867 2633 faederare
1881 2609 1969 2645 prae-

1219 2654 1335 2688 sumat,
1355 2647 1411 2684 sed
1431 2647 1652 2685 tautummodo
1682 2659 1718 2684 ex
1746 2648 1888 2685 iussione
1913 2658 1969 2683 ve-

1973 256 2025 284 An.
2042 256 2072 284 C.
2090 255 2158 285 1037

2018 333 2160 356 Confirmatio

1974 370 2081 393 bonorum
2103 371 2162 393 intr·

1975 406 2050 429 urbem
2068 406 2158 436 posito-

1975 450 2032 465 rum.

2001 825 2147 847 Decessorum

2005 859 2139 883 Pontificum

1992 896 2152 919 concessione-

1982 932 2149 955 confirmantur.

2014 1161 2169 1185 Enete-tustini

1983 1199 2098 1228 utriusque
2135 1206 2170 1220 sc-

1984 1238 2021 1252 xus
2066 1237 2172 1252 immunes

1985 1273 1996 1287 a
2014 1265 2088 1288 laicali
2107 1273 2168 1295 quo-

1987 1309 2080 1332 cumque
2113 1301 2169 1331 iure,

1985 1336 2055 1367 datio,
2069 1340 2113 1360 etc.
2132 1336 2172 1359 de-

1986 1372 2109 1395 clurnutur.

1989 1780 2070 1802 Eorum
2095 1787 2176 1802 causae

1988 1818 2000 1833 a
2032 1811 2088 1834 solis
2121 1812 2175 1842 opi-

1988 1849 2064 1878 scopis
2097 1847 2175 1878 Sylvae

1989 1884 2086 1907 Candide
2134 1882 2175 1905 di-

1988 1924 2009 1946 in
2019 1920 2135 1945 dicandae.
