2237 3127
168 260 219 288 An.
240 259 270 288 C.
288 259 352 287 1011

189 483 340 514 Presbytero-

171 530 218 546 rum
241 524 262 544 et
279 527 356 543 monu-

173 559 264 581 chorum
276 563 355 578 exem-

171 594 219 625 ptio
245 592 270 615 ab
288 591 354 622 epis-

169 629 254 660 scopali
280 628 352 650 iuris-

168 666 278 688 diction..

172 734 243 757 Abbas
292 739 355 762 quem

170 768 272 792 maluerit
324 766 352 789 ad

187 804 336 826 monasticam

169 841 236 863 vitam
296 839 354 862 exci-

171 877 217 906 piat

171 1340 223 1362 Sola
257 1342 357 1369 apostu-

171 1375 293 1398 licnSedes
325 1375 358 1397 ius

171 1411 236 1433 habet
266 1411 287 1432 in
316 1410 357 1432 hoe

173 1448 320 1470 monasterio.

178 2097 304 2120 Molestian
322 2095 362 2118 ul—

177 2133 231 2162 lum,
250 2134 303 2162 vim¹
321 2139 361 2154 re-

177 2168 262 2198 pinam,
317 2170 362 2188 etc.

180 2208 256 2225 contra
311 2202 364 2224 illud

180 2246 282 2261 exercere
326 2238 364 2260 sub

180 2276 358 2298 excummunica-

181 2313 250 2335 tionis
294 2320 364 2343 poena

197 2348 347 2371 interdicitur.

217 2492 351 2515 oon-tiones

184 2528 295 2558 quaelibet
329 2528 367 2550 ei-

184 2564 234 2586 dem
297 2564 368 2586 tactae

185 2601 219 2623 vet
252 2600 369 2622 faciendae

184 2637 211 2659 ab
233 2645 259 2660 eo
286 2638 368 2660 auferri

185 2675 246 2698 nullo
304 2674 369 2696 modo

189 2714 286 2743 possint.

434 285 504 317 492

383 348 578 387 diaconibus,
606 358 660 381 seu
688 343 879 393 presbyteris
915 356 969 392 per
994 353 1132 391 tempora

383 397 561 433 faciendum
589 396 680 430 etde
715 408 840 429 omnem
872 395 1003 440 gradum
1036 393 1135 427 eccle-

382 447 542 482 siasticum
572 445 686 479 ibidem
720 445 750 478 in
785 453 927 491 tempore
962 443 1134 489 adimplen-

383 497 468 531 dum.
487 496 702 529 Protestanius
721 496 826 532 etiam,
846 494 950 527 nullus
966 493 1134 539 episcopus

382 545 497 581 exinde
531 544 641 578 debeat
677 543 907 578 subdiaconum
951 551 1004 576 aut
1032 542 1135 576 diaco-

382 607 480 636 num,
515 606 571 628 seu
608 593 822 639 presbyterum
859 591 907 627 vel
944 591 1131 626 monachum

381 645 467 679 nullo
490 643 585 677 modo
608 642 746 677 iudicare
769 642 816 676 vel
845 641 1132 676 excommunicare.

430 693 585 728 Volumus
607 692 722 730 etiam,
754 701 784 727 et
805 692 975 738 apostolica
996 691 1134 736 iniungi-

380 755 451 778 mus
477 742 659 776 auctoritate
683 742 787 777 vobis,
819 741 991 796 vestrisque
1014 752 1134 775 succes-

380 793 504 828 soiibus
527 791 702 827 abbatibus
726 793 778 838 qui
803 790 943 825 ibidem
939 803 968 824 in
992 798 1133 836 tempme

380 842 619 890 praeordinatus
642 840 744 881 luerit
769 840 806 875 de
826 840 1054 887 qualiscunque
1079 839 1102 873 l]
1106 852 1135 873 c-

380 892 493 927 clesiaw
515 890 662 925 switeidos
684 890 732 924 xel
754 890 859 925 clerici
883 889 1001 924 xeneiit
1023 889 1059 923 ad
1084 889 1136 923 lia-

379 941 544 976 bitandum
582 949 635 974 aut
662 940 694 973 in
728 940 965 974 conversatione
1004 938 1133 973 statium

379 991 444 1026 sive
468 989 687 1024 monachicum
711 989 904 1036 suscipiendi
932 988 1072 1022 babitum
1100 1000 1133 1022 se

380 1040 556 1083 contulerit,
570 1040 671 1073 statim
688 1038 874 1086 recipiendi.
887 1038 1033 1073 Cbrisma
1050 1050 1133 1079 vero,

379 1098 411 1125 et
429 1090 533 1124 oleum
556 1097 699 1123 sanetum
722 1101 738 1123 a
760 1089 844 1135 quali
872 1089 1023 1135 episcopo
1047 1087 1134 1122 vobis

380 1140 524 1175 voluntas
547 1139 639 1173 suerit
661 1138 865 1185 impetrandi,
888 1138 977 1172 liceat
997 1150 1133 1183 semper,

380 1197 410 1224 et
436 1188 629 1232 secundum,
664 1198 698 1223 ut
719 1189 869 1228 diximus,
896 1188 954 1221 sul)
980 1187 1135 1233 apostoli-

379 1252 448 1274 cam
471 1247 608 1273 nostiam
636 1247 820 1285 potestatem
838 1247 1006 1272 etomnem
1030 1237 1135 1271 cuius—

379 1289 457 1324 libet
490 1289 651 1323 Ecclesiae
690 1288 886 1323 sacerdotem
929 1288 960 1321 in
996 1289 1134 1333 praelato

380 1338 550 1374 venerabili
563 1337 1010 1373 monasterioiurisdictionem
1027 1349 1135 1383 quam-

380 1389 455 1423 libet
493 1388 608 1423 babere
645 1388 725 1423 banc
758 1388 975 1422 auttoiitatem
1012 1398 1057 1433 pi
1049 1395 1135 1419 uter

380 1438 487 1473 sedem
504 1437 707 1485 apostolicam
729 1437 944 1484 probibemus
968 1437 1008 1470 ita
1027 1445 1058 1469 ut
1072 1435 1132 1469 nisi

380 1489 419 1523 ab
442 1488 551 1522 abbate
574 1488 756 1522 monasterii
781 1486 872 1521 sueiit
895 1486 1053 1541 invitatus7
1078 1498 1133 1519 nec

381 1538 548 1572 missarum
583 1537 815 1574 solemnitatem
851 1536 1007 1583 quispiam
1045 1535 1134 1569 cele.-

380 1587 471 1622 brare
513 1595 701 1634 praesumat.
742 1587 924 1621 Statucntes
963 1584 1134 1631 apostolica

382 1637 511 1684 insuper
537 1649 669 1671 censura
704 1637 764 1670 sub
791 1635 887 1669 divini
913 1635 1018 1669 iudicii
1047 1634 1136 1667 olue-

381 1686 571 1722 stationibus
592 1695 623 1721 et
645 1687 756 1720 validis
777 1694 871 1732 atque
887 1685 1046 1719 atrocibus
1065 1696 1137 1717 ana-

382 1737 529 1771 thematis
551 1736 826 1770 interdictionibus
841 1763 848 1775 ,
886 1742 918 1768 ut
941 1733 1046 1768 nullus
1075 1746 1135 1767 nn-

382 1798 477 1833 quam
525 1795 703 1832 praesumat
738 1785 893 1831 quispiam
925 1784 1004 1818 alius
1030 1783 1137 1817 cuius-

383 1848 521 1882 cumque
543 1835 706 1881 dignitatis
726 1834 884 1882 praeditus
904 1842 1067 1880 potestate,
1091 1833 1138 1867 vel

384 1885 477 1920 etiam
506 1886 534 1919 in
573 1886 683 1919 eodem
717 1884 886 1919 venerabili
925 1882 1137 1924 monasterio7

384 1935 432 1970 vel
460 1935 529 1969 eius
556 1935 657 1969 causis
681 1934 882 1973 incumbere,
911 1940 963 1967 aut
985 1932 1022 1967 de
1046 1931 1138 1966 rebus

385 1992 417 2019 et
445 1984 720 2031 possessionibus,
749 1984 794 2018 vel
818 1983 962 2018 ecclesiis
988 1981 1139 2016 subiectis
1160 1985 1161 2006 ³

386 2034 433 2069 vel
451 2034 600 2081 quicquid
624 2034 663 2068 de
689 2034 736 2067 bis
755 2033 890 2067 exinde
885 2044 988 2066 inesse
1005 2031 1140 2076 videtur⁷

387 2083 614 2131 quoquomodo
635 2084 757 2118 auferte
783 2091 836 2117 aut
859 2083 995 2117 alienate
1015 2091 1142 2128 propter

388 2133 560 2180 quamlibet
595 2133 769 2170 malitiam
797 2142 849 2167 aut
877 2133 1012 2166 iacturae
1043 2130 1142 2165 mole-

389 2184 480 2218 stiam
512 2182 650 2226 ibidem,
677 2183 741 2217 sive
773 2183 858 2229 pacis
891 2182 957 2216 sive
988 2180 1141 2215 bar‘baiici

390 2232 541 2279 temporis
562 2244 690 2279 quoquo
713 2233 806 2266 modo
828 2230 1040 2271 inferendum,
1068 2230 1142 2264 dum

393 2281 565 2329 praefatum
593 2282 785 2328 perenniter,
808 2290 842 2315 nt
865 2280 984 2315 dictum
1004 2288 1066 2319 est,
1082 2287 1143 2313 tam

394 2332 491 2379 pacis7
516 2343 609 2379 quam
634 2331 786 2365 barbarici
809 2330 960 2377 temporis
980 2330 1066 2364 firma
1083 2337 1147 2364 sta-

395 2381 514 2416 bilitate
541 2381 742 2415 decernimus
764 2380 823 2415 sub
846 2380 1062 2414 iurisdictione
1081 2391 1146 2413 san-

395 2439 463 2466 ctae
489 2430 649 2465 Ecclesiae
679 2438 802 2465 nostrae
830 2429 1092 2476 permanendum.

448 2480 687 2526 promulgantes
715 2492 850 2526 namque
872 2488 901 2513 et
925 2479 982 2513 bac
1004 2478 1148 2513 auctori-

399 2540 459 2567 tate
479 2531 641 2565 beatorum
668 2530 882 2577 apostolorum
913 2528 1061 2582 principis
1093 2540 1150 2562 co-

401 2594 465 2616 ram
490 2580 555 2615 Deo
578 2588 608 2614 et
635 2579 766 2615 terribili
789 2591 858 2613 eius
879 2590 1022 2613 examine
1046 2578 1150 2611 futuro

402 2644 458 2678 per
485 2631 577 2664 buius
596 2630 692 2664 nostri
716 2628 876 2684 apostolici
912 2627 1077 2674 minagii,
1105 2635 1151 2661 at-

1159 2012 1162 2040 Ι

970 289 1158 313 numanum!
1179 289 1249 312 110ss
1253 290 1343 313 ANUM

1173 344 1385 387 decernimus,
1412 351 1445 379 ut
1472 344 1539 380 loca
1562 356 1642 392 quae
1668 328 1833 381 abbatibus
1863 358 1926 382 cu-

1175 393 1324 429 iuslibet
1351 406 1430 440 qiu-n
1462 395 1550 428 iobis
1584 408 1614 429 m
1648 395 1759 430 codem
1789 396 1926 442 praelato

1174 443 1343 477 xenerabili
1387 444 1575 479 monasterio
1619 443 1726 479 Sancti
1769 445 1926 481 Vincentii

1174 493 1319 540 martyris
1346 501 1536 528 commutata
1566 493 1611 528 vel
1646 494 1736 528 etiam
1776 507 1927 530 concessa

1174 550 1259 581 sunt,
1288 554 1345 577 nec
1379 555 1440 577 non
1468 551 1498 578 et
1525 542 1601 577 alias
1627 543 1765 578 locorum
1801 557 1928 591 posses-

1174 592 1291 630 siones,
1319 603 1400 638 quae
1430 605 1447 627 a
1478 592 1604 638 regibus
1638 605 1673 627 ac
1695 593 1850 648 ducibus,
1880 593 1928 628 vel

1174 641 1350 681 castaldeis,
1378 651 1406 675 et
1434 642 1588 676 uiiixersis
1619 642 1826 677 christianis
1819 656 1850 677 m
1873 655 1929 678 eo-

1175 690 1245 725 dem
1262 699 1371 725 sancto
1394 691 1461 726 loco
1487 691 1594 732 Ιιιιιιίιιι
1617 699 1711 738 atque
1727 692 1827 727 oblata
1844 701 1928 734 sunt,

1175 749 1227 774 aut
1255 740 1285 774 in
1314 749 1474 787 posteium
1510 727 1572 775 illic
1599 753 1748 776 concessa
1789 741 1927 783 fuerint,

1177 790 1263 823 lirma
1287 789 1483 825 stabilitate
1477 792 1535 825 iuri
1561 791 1660 837 ipsius
1682 790 1810 838 praefati
1833 804 1930 826 iene-

1177 839 1283 874 rabilis
1306 840 1484 875 monasterii
1501 840 1674 879 existenda,
1697 849 1790 888 atque
1810 841 1839 875 in
1857 853 1930 889 per-

1177 898 1306 936 petuum
1330 890 1542 936 permanenda
1577 891 1756 925 statuimus.
1793 891 1858 926 Nec
1888 890 1931 925 li-

1176 939 1276 973 centia
1305 939 1366 982 sit,
1408 946 1441 973 ut
1467 939 1587 974 dictum
1616 947 1684 984 est,
1721 948 1752 975 et
1779 941 1847 975 eius
1881 939 1930 975 vel

1175 988 1327 1022 omnibus
1348 988 1451 1023 eidem
1476 989 1664 1023 monasterio
1688 989 1930 1036 pertinentibus,

1174 1050 1319 1085 cuiquam
1353 1051 1482 1083 magnae
1511 1051 1684 1086 parvaeque
1704 1051 1856 1086 personae
1872 1051 1932 1074 au-

1176 1087 1268 1125 ferre,
1296 1096 1347 1122 aut
1377 1088 1514 1135 praefato
1539 1089 1621 1122 iuxta
1650 1089 1678 1123 id
1709 1089 1793 1136 quod
1822 1089 1932 1124 subie-

1175 1146 1260 1171 ctum
1284 1138 1402 1171 eisdem
1439 1137 1670 1172 venerabilibus
1699 1138 1775 1173 loeis
1802 1146 1932 1186 aposto-

1176 1187 1243 1221 licis
1273 1188 1453 1221 eonstitutis
1476 1197 1568 1234 atque
1591 1188 1759 1234 privilegiis
1781 1189 1933 1223 consistat

1175 1237 1401 1271 inconcussum
1427 1245 1618 1283 permaneat,
1646 1246 1675 1271 et
1696 1238 1787 1272 liceat
1803 1238 1931 1272 eosdem

1177 1286 1352 1321 monachos
1376 1286 1414 1321 de
1434 1299 1488 1321 sua
1512 1287 1756 1333 congregatione
1787 1287 1932 1322 abbatem

1174 1348 1302 1382 semper
1318 1336 1445 1382 eligere.
1475 1336 1512 1371 Et
1536 1337 1626 1371 liceat
1651 1337 1753 1384 ipsum
1773 1337 1932 1378 abbatem,

1175 1386 1228 1433 qui
1253 1386 1358 1429 suerit,
1389 1398 1463 1421 suos
1492 1386 1629 1421 iudicare
1657 1387 1841 1427 monachos,
1868 1399 1932 1421 non

1175 1435 1278 1470 selum
1305 1435 1392 1470 virile
1408 1437 1649 1477 monasterium,
1677 1436 1733 1470 sed
1749 1437 1843 1471 etiam
1862 1449 1935 1472 mu-

1176 1486 1274 1519 liebre
1302 1486 1529 1519 monasterium
1567 1485 1626 1520 sibi
1669 1485 1856 1520 subiectum.
1899 1485 1934 1520 Si

1176 1536 1247 1581 quis
1273 1543 1390 1579 autem7
1417 1534 1501 1581 quod
1530 1547 1592 1569 non
1620 1544 1786 1581 optamus,
1814 1535 1934 1570 nefario

1176 1597 1254 1619 ausu
1292 1585 1539 1631 praesumpserit
1562 1585 1660 1627 baec,
1688 1597 1768 1632 quac
1795 1597 1812 1619 a
1839 1585 1934 1620 nobis

1177 1634 1215 1668 ad
1244 1633 1370 1668 laudem
1406 1633 1460 1668 Dei
1486 1647 1541 1680 pro
1568 1634 1737 1669 stabilitate
1771 1635 1832 1669 iam
1857 1634 1935 1669 dicti

1178 1683 1368 1718 venerabilis
1395 1684 1576 1718 monasterii
1610 1692 1723 1718 statuta
1751 1692 1848 1724 sunt,
1884 1696 1936 1718 re-

1179 1733 1297 1779 fragare
1325 1741 1375 1766 ant
1404 1734 1433 1767 in
1459 1745 1618 1780 quoquam
1643 1733 1798 1768 transilire
1828 1733 1937 1768 volue-

1156 1808 1159 1827 ,
1179 1783 1229 1827 rit,
1252 1782 1460 1817 anatheniatis
1487 1782 1614 1817 vinculo
1637 1783 1806 1817 innodatus
1833 1783 1885 1825 sit,
1906 1790 1937 1818 et

1157 1844 1249 1874 ,cuni
1286 1831 1413 1867 diabolo
1446 1840 1475 1867 et
1498 1832 1617 1878 angelis
1641 1833 1710 1867 eius
1731 1840 1824 1880 atque
1858 1832 1936 1867 Iuda

1180 1881 1329 1916 traditore
1352 1881 1479 1916 Domini
1504 1883 1601 1916 nostri
1634 1882 1706 1916 lesu
1741 1881 1860 1917 Christi
1884 1894 1938 1917 ac-

1181 1940 1270 1966 terno
1298 1932 1443 1966 incendio
1465 1931 1716 1966 concremandus
1751 1931 1934 1979 deputetur.

1182 1982 1221 2016 At
1244 1993 1316 2015 vero
1331 1981 1384 2027 qui
1410 1981 1461 2027 pio
1478 1981 1592 2016 intuitu
1616 1981 1799 2016 observator
1822 1983 1852 2015 in
1873 1993 1939 2016 om-

1182 2031 1281 2069 nibus?
1313 2031 1446 2065 extiterit
1481 2031 1663 2065 custodiens
1702 2031 1798 2065 liuius
1840 2031 1937 2066 nostri

1185 2080 1339 2127 privilegii
1370 2081 1575 2115 constitutum
1598 2080 1636 2114 ad
1666 2081 1783 2115 cultum
1807 2079 1865 2115 Dei
1886 2092 1939 2115 re-

1184 2130 1382 2177 spicientem,
1411 2130 1640 2165 benedictionis
1667 2131 1798 2176 gratiam
1820 2142 1838 2164 a
1868 2130 1938 2165 Do-

1186 2180 1270 2213 mino
1298 2179 1365 2213 Deo
1394 2190 1499 2214 nostro
1528 2180 1824 2214 misericordissimo
1854 2179 1940 2214 mul-

1185 2229 1332 2276 tipliciter
1365 2237 1588 2276 consequatur,
1624 2237 1655 2264 et
1686 2230 1767 2264 vitae
1795 2237 1940 2264 aeternae

1187 2279 1340 2326 particeps
1379 2278 1443 2313 fieri
1494 2287 1660 2313 mereatur.
1708 2278 1795 2313 Bene
1830 2278 1938 2314 valete.

1187 2328 1348 2375 Scriptum
1373 2340 1427 2374 per
1445 2341 1557 2363 manus
1578 2328 1739 2363 Benedicti
1762 2329 1875 2363 notarii
1891 2341 1942 2364 re-

1188 2378 1320 2424 gionarii
1343 2386 1371 2412 et
1391 2378 1546 2413 scriniarii
1569 2386 1694 2413 sanctae
1711 2390 1858 2413 romanae
1873 2378 1938 2413 Ec-

1189 2427 1301 2462 clesiae
1324 2427 1353 2461 in
1383 2440 1490 2462 meuse
1518 2427 1686 2467 februario,
1712 2427 1885 2463 indictione
1906 2440 1940 2462 x.

1191 2477 1276 2512 Bene
1304 2477 1412 2511 valete.

1241 2527 1317 2561 Data
1357 2527 1468 2573 quinto
1504 2526 1566 2561 kal.
1603 2536 1707 2562 martii
1741 2539 1796 2574 per
1829 2539 1944 2562 manus

1192 2576 1274 2610 Petri
1292 2576 1416 2610 Domini
1436 2577 1533 2623 gratia
1548 2577 1688 2623 episcopi
1713 2584 1837 2611 sanctae
1853 2576 1943 2611 Prae-

1193 2627 1332 2660 nestinae
1346 2625 1519 2665 Ecclesiae,
1530 2634 1560 2660 et
1575 2626 1802 2660 bibliothecarii
1817 2634 1944 2662 sant-tae

404 2692 465 2728 que
500 2679 659 2715 constituti
694 2680 841 2727 paginam
871 2690 1031 2714 sanctinus
1058 2684 1153 2725 atque
1170 2694 1176 2737 i
1193 2675 1383 2724 apostelicae
1400 2676 1495 2711 sedis.
1510 2676 1604 2711 Anno
1625 2676 1693 2711 Deo
1714 2676 1852 2724 propitio
1867 2687 1945 2724 pou-

1954 238 2005 266 Αιι.
2025 238 2056 268 C.
2072 236 2139 267 10ss

1960 1189 2054 1213 Abbntts
2101 1188 2148 1212 el·-

1961 1231 2007 1253 ctio
2026 1237 2095 1261 peno·
2103 1238 2148 1254 mo-

1961 1267 2055 1290 nachon.

1960 1351 1998 1375 llli
2013 1359 2066 1375 voro
2082 1351 2151 1375 tot-te

1960 1389 1991 1412 sit
2017 1390 2041 1412 in
2067 1397 2149 1413 nonn-

1962 1430 2016 1454 eliou
2032 1430 2075 1455 iun.

1963 1543 2148 1581 Aeta-¹²³¹.

1963 1584 2042 1604 conti-n
2073 1583 2150 1605 atten-

1962 1621 2055 1641 tutores.
