2237 3127
74 268 127 297 An.
158 269 186 298 C.
206 269 258 298 884

902 281 1090 305 nAnttzAxt's

286 355 395 379 manae
415 340 587 381 Ecclesiae,
609 352 717 375 mense
731 337 828 378 iunio,
857 337 1030 373 indictione

284 395 395 441 prima.
417 393 502 427 Bene
531 392 639 426 valete.

331 442 448 477 Datum
470 455 489 477 x
512 442 570 476 kal.
594 441 658 475 inlii
683 452 737 485 per
759 451 885 473 manum
909 436 1031 471 Zacha-

284 491 347 526 riae
364 491 517 538 episcopi,
532 498 562 525 ct
576 489 814 531 bibliothecarii7
831 497 924 534 atquc
942 485 1028 520 missi

281 554 307 576 s.
330 541 415 576 sedis
448 539 651 587 apostolicae,
680 539 853 584 imperante
895 537 1029 570 Domino

281 599 389 626 nostro
408 590 549 637 piissimo
573 596 722 635 perpetuo
745 588 888 633 Angusto
915 585 1028 619 Cat-010

280 652 297 674 a
322 640 391 675 Deo
413 647 561 674 coronato
588 637 702 682 Magno
729 637 917 683 imperatore
945 646 1027 668 anno

279 701 330 730 111,
353 698 384 724 ct
406 695 475 735 post
495 688 693 722 consulatum
716 686 785 720 eius
806 697 888 720 anno
911 697 961 727 tii,
978 684 1028 717 in—

279 737 419 773 dictione
441 750 464 772 1.

348 794 411 825 Dat.
428 794 476 824 die
497 793 535 822 ⁶22
554 792 636 828 iunii,
655 801 730 821 anno
752 791 867 821 Domini
886 790 954 827 883,

473 833 575 874 pontis.
593 832 697 862 Marini
715 840 791 861 anno
809 840 829 861 1.

264 983 268 1039 i
489 989 736 1040 HADRtANtS
770 989 814 1038 lll

554 1072 649 1103 PAPA
685 1072 740 1102 CXI

277 1137 370 1171 Anno
382 1145 471 1168 aerae
486 1133 601 1166 Christi
609 1144 716 1165 comm.
730 1131 789 1165 DC
793 1131 817 1164 C
819 1131 931 1164 CLXX
931 1131 963 1164 X
967 1131 981 1163 I
991 1131 1023 1163 V.

278 1212 488 1291 Hadrianus
508 1248 630 1289 tertius,
661 1248 788 1282 natione
811 1258 970 1291 romanus,
992 1247 1025 1281 fi-

277 1302 338 1337 lius
351 1298 534 1341 Benedicti,
555 1298 675 1332 electus
697 1307 727 1332 et
748 1304 950 1331 consecratus
979 1309 1023 1331 ro-

275 1362 389 1386 manus
417 1348 556 1396 pontifex
594 1360 702 1382 mense
741 1355 768 1380 ct
811 1346 861 1379 ‹lie
897 1346 1023 1380 incertis

273 1400 338 1444 (sed
365 1398 524 1434 coniicerc
551 1405 598 1430 est
634 1398 743 1430 saetam
774 1396 870 1429 fuisse
892 1395 1022 1429 ordina—

274 1450 392 1485 tionem
417 1448 461 1481 vcl
491 1446 571 1480 circa
599 1446 692 1479 finem
716 1445 835 1479 mensis
862 1445 946 1487 mati,
975 1445 1020 1478 vel

271 1499 359 1533 initio
383 1497 501 1531 mensis
523 1495 611 1537 iunii)
635 1507 717 1529 anno
740 1496 826 1531 884:
861 1494 938 1527 sedit
963 1506 1022 1527 au-

271 1561 346 1583 num
360 1560 382 1592 i,
402 1557 527 1580 menses
548 1557 583 1578 iv
604 1548 661 1587 (l),
684 1542 910 1589 imperantibus
930 1543 1022 1577 Basi-

270 1598 310 1633 lio
330 1596 501 1632 Macedone
536 1594 566 1628 in
599 1593 739 1637 Oriente,
782 1594 810 1626 in
847 1592 1020 1627 Occidente

269 1660 341 1683 vero
354 1645 467 1681 Carolo
480 1643 607 1687 Crasso,
623 1645 722 1690 impp.
742 1643 829 1677 Obiit
853 1642 881 1675 in
900 1642 1020 1682 itinere,

268 1697 342 1732 dum
366 1697 397 1730 in
419 1694 585 1730 Franciam
599 1701 756 1740 pergeret,
780 1691 1019 1735 Hcridanorseu

269 1747 365 1789 Pado)
387 1745 672 1787 fluminetransito,
695 1754 804 1776 mense
826 1741 953 1775 circiter
970 1754 1020 1776 se-

270 1796 403 1844 ptembri
429 1795 502 1828 anni
520 1795 602 1832 885,
625 1799 655 1826 et
674 1792 818 1838 sepultus
840 1798 886 1824 est
910 1791 939 1824 in
958 1803 1021 1824 mo-

270 1845 405 1881 nasterio
427 1843 634 1878 Nonantulas.
662 1841 792 1876 Vacavit
823 1839 916 1874 sedes
939 1840 1018 1875 circa

269 1907 421 1931 mensem.

271 2009 469 2055 Confirmatio
497 2009 645 2042 bonorum
667 2005 814 2044 omnium,
845 2010 872 2037 et
896 2003 1018 2047 privile-

315 2060 439 2104 9iorum
462 2070 482 2092 a
506 2059 631 2091 simtmi's
659 2055 864 2100 pontificibus,
893 2055 1019 2097 impera-

316 2109 451 2151 toribus,
477 2115 504 2140 et
529 2107 721 2151 Anqilberqa
743 2105 884 2147 Augusta
914 2114 1018 2135 inona-

315 2159 406 2193 sterio
417 2159 452 2192 S.
463 2157 549 2191 sixti
562 2155 736 2189 Placentiae
744 2164 949 2187 concessorum
962 2152 1016 2195 (2).

532 2218 748 2251 SUMMAttttJM

268 2281 435 2312 Exordium.
457 2296 498 2302 —
513 2278 701 2309 Confirmatio
724 2274 903 2310 monasterii,
919 2278 946 2304 et
961 2274 1016 2304 bo-

306 2330 411 2352 norum
435 2320 566 2350 omnium
590 2319 624 2347 att
649 2317 722 2347 illud
751 2315 956 2354 spectantium.
977 2331 1017 2336 ——-

306 2361 481 2391 Abbatissae
507 2357 690 2389 consecratio
717 2356 751 2386 ad
768 2355 1016 2385 Mediolanensem

306 2401 564 2439 arehiepiscopum
596 2401 717 2437 spectet,
741 2396 792 2434 qui
823 2399 920 2424 tamen
951 2394 1017 2423 nnl—

306 2442 366 2471 lum
386 2441 473 2470 habet
494 2439 646 2479 potestatis
674 2437 720 2466 ius
741 2436 770 2465 in
793 2434 1016 2464 monasterium.

301 2497 340 2534 (t)
356 2498 426 2524 Idem
440 2496 631 2523 Chronicorum
651 2497 676 2520 et
696 2492 880 2527 Catalogorum
900 2499 1015 2517 consen-

267 2542 323 2566 sus,
340 2533 438 2569 quibus
449 2532 532 2559 adiice
543 2531 690 2557 Chronicon
703 2529 890 2555 Vulturnense:
903 2526 1017 2553 rotundo

268 2575 354 2596 tamen
375 2576 485 2595 numero
501 2566 693 2601 computandos
712 2567 837 2599 pute-mus
863 2571 934 2588 men.
961 2562 1017 2588 illos

269 2613 306 2637 iv,
324 2613 372 2631 nec
384 2604 453 2631 enim
464 2603 570 2633 desunt,
582 2602 627 2636 qui
639 2600 755 2627 scribant
767 2607 835 2625 men.
848 2606 888 2624 111.
927 2598 966 2633 (⁸2)
978 2598 1015 2623 Ex

269 2641 378 2667 Arcuit.
400 2640 426 2666 S.
446 2639 511 2665 Sixti
529 2638 643 2664 Placent.
661 2636 743 2661 edidit
755 2636 825 2661 toan.
839 2635 913 2668 Bapt.
926 2633 1016 2667 (Ianipi

269 2676 295 2702 iu
310 2681 412 2711 regesto
429 2676 550 2710 privileg.
568 2677 594 2700 et.
612 2673 744 2698 bullarum
760 2670 793 2697 ad
809 2670 879 2696 Hist.
902 2669 1015 2695 'Htw-ent.

1117 280 1155 303 tlt
1182 280 1234 302 pp.
1708 266 1778 297 503

1113 351 1153 356 -—
1169 333 1271 363 Pacem
1293 335 1387 362 tamon
1407 331 1435 361 in
1454 329 1632 361 monasterio
1648 329 1824 359 servandam

1113 378 1256 404 curet.—-
1271 372 1301 403 Si
1320 372 1548 402 Mediolanensis
1568 372 1637 399 {iaec
1653 370 1825 407 neglexerit,

1112 415 1208 444 onmia
1238 413 1273 443 ad
1305 412 1525 450 Aquileiensem
1557 410 1686 447 archiep.
1719 409 1823 438 devol-

1112 458 1225 483 vantur.
1242 470 1283 474 —
1306 452 1352 481 lus
1376 456 1471 481 tamen
1495 451 1529 480 ad
1552 449 1744 489 apostolicam
1772 458 1823 478 se-

1111 493 1176 523 dem
1196 492 1362 531 appellandi
1382 500 1498 529 semper
1520 490 1645 519 babeant
1666 488 1821 518 moniales.

1109 550 1149 555 —-
1164 533 1342 562 Clericornni
1363 531 1518 566 ordinatio,
1534 530 1583 569 qni
1600 529 1749 558 Ecclesiae
1763 538 1824 557 ino-

1110 573 1232 602 ttasterii
1256 572 1344 601 liuius
1369 572 1542 605 inserviunt,
1560 573 1672 607 spectet
1697 569 1732 597 ad
1760 568 1822 597 ‚lle—

1110 612 1219 642 diolan.
1252 611 1520 649 archiepiscopum‚
1550 610 1595 638 vel
1625 609 1820 647 patriarcham

1109 652 1391 690 Aquileienseni.—--
1405 650 1591 679 Placentinus
1612 658 1678 677 vcro
1701 649 1821 686 episco-

1110 701 1164 729 pus
1188 692 1296 720 nnllam
1317 690 1347 719 in
1371 689 1547 718 monasterio
1578 692 1748 727 potestatem
1768 688 1822 717 lta-

1111 731 1187 761 beat.
1203 749 1244 753 —-
1257 730 1442 761 Confirmatio
1455 729 1609 763 bonorum,
1627 728 1820 764 decimarum,

1110 776 1138 800 et
1161 770 1401 810 pertinentiarum
1429 769 1608 798 monasterii.
1639 784 1679 789 ——-
1705 766 1820 796 Confir-

1109 811 1196 841 matio
1224 810 1413 839 donationum
1435 818 1485 846 pier
1508 808 1684 837 laulovicum
1707 808 1820 845 imper„

1108 850 1327 889 Angilbergam,
1349 849 1482 886 aliosque
1507 848 1658 877 saetarum.
1680 864 1720 869 —
1743 847 1821 876 Ana-

1108 892 1204 920 tltenia
1233 894 1331 919 contra
1351 888 1424 917 bona
1449 888 1618 916 buinsntoili
1641 886 1819 923 auferentes,

1109 930 1285 960 monasterio
1308 929 1474 958 molestiam
1493 927 1662 961 inserentes,
1684 931 1712 956 et
1730 927 1819 966 privi-

1108 971 1176 1009 legii
1201 971 1288 999 liuius
1308 973 1415 998 statuta
1436 967 1667 997 inobservantes.

1067 1032 1194 1062 Hadrianus
1214 1031 1333 1070 episeopus
1354 1039 1432 1060 servus
1452 1037 1568 1058 servorun]
1584 1028 1639 1061 tici,
1660 1027 1818 1065 Augillicrgac

1106 1073 1205 1101 dilectae
1228 1072 1289 1100 tiliae
1306 1070 1444 1108 imperatrici
1456 1070 1581 1102 laetatae.
1600 1073 1620 1097 cl
1633 1077 1673 1107 per
1688 1072 1709 1097 te
1726 1073 1764 1097 tuo
1779 1066 1816 1098 re-

1106 1112 1204 1141 iterabili
1221 1112 1358 1141 iuuttasterio
1374 1110 1506 1139 Placentiae
1528 1109 1618 1138 110titcr
1641 1112 1771 1138 constructo
1795 1109 1816 1138 in

1106 1156 1253 1191 perpetuum.

1118 1218 1152 1250 l.
1186 1213 1344 1249 Omnibus
1378 1212 1505 1259 quidem
1532 1211 1610 1245 iusta
1639 1211 1818 1257 petentibus

1066 1265 1237 1312 apostolica
1264 1262 1484 1303 solicitudine,
1513 1261 1724 1308 praecipiente
1747 1261 1816 1296 Do—

1067 1315 1173 1353 mino,
1196 1314 1297 1348 sarcre
1332 1312 1496 1349 debemus,
1521 1311 1688 1356 praecipue
1711 1318 1813 1344 tamen

1065 1364 1223 1398 devotioni
1253 1372 1345 1405 tuae,
1367 1361 1560 1397 dulcissima,
1588 1372 1623 1394 ac
1645 1360 1816 1405 spiritualis

1066 1413 1124 1447 iilia
1164 1420 1265 1446 nostra
1301 1411 1491 1456 Angilbrrga
1521 1410 1593 1442 olim
1631 1409 1812 1454 imperatrix

1064 1463 1217 1509 Angusta,
1240 1473 1333 1507 quain
1359 1460 1469 1494 merito
1495 1460 1624 1500 bonorea
1647 1467 1739 1504 atque
1767 1472 1816 1491 rv-

1066 1513 1201 1545 vercntia
1231 1519 1335 1544 sancta
1359 1519 1456 1543 mater
1479 1517 1582 1542 nostra
1611 1520 1735 1541 romana
1760 1507 1816 1541 Ec-

1064 1562 1155 1595 clesia
1172 1590 1179 1601 ‚
1202 1568 1236 1595 nt
1264 1559 1499 1593 dilectissimam
1518 1586 1524 1597 ,
1554 1566 1583 1591 et
1606 1557 1813 1604 principalem

1065 1613 1182 1657 prolem
1207 1609 1405 1656 ai'nplectitnr
1438 1620 1586 1653 semper,
1617 1615 1645 1641 et
1684 1607 1813 1640 refovet.

1063 1661 1263 1708 Quapropter
1299 1659 1551 1699 monasterinm,
1595 1664 1625 1690 et
1664 1656 1813 1690 xenodo-

1064 1711 1188 1753 citium,
1211 1709 1295 1757 qnod
1319 1708 1355 1743 acl
1375 1708 1526 1741 bonorem
1550 1706 1725 1739 dominicae
1746 1705 1813 1740 Re-

1063 1759 1323 1797 sui·rectionis,et
1344 1758 1402 1792 Bb.
1427 1756 1657 1803 apostotorum,
1676 1762 1707 1789 et
1735 1767 1812 1789 mar—

1064 1818 1164 1856 tyrum
1203 1807 1457 1843 Bartltolomaei,
1486 1805 1586 1849 Sixti,
1614 1813 1643 1838 et
1677 1803 1809 1838 Fabiani

1064 1858 1208 1903 prudenti
1232 1857 1411 1906 provisione
1433 1868 1447 1889 a
1472 1854 1683 1889 fundamentis
1711 1866 1812 1900 nuper

1064 1908 1240 1943 Placentiae
1283 1906 1447 1941 aedificare
1476 1904 1624 1945 voluisti,
1661 1903 1810 1938 laudabili

1062 1958 1303 2005 complectimur
1327 1954 1494 1997 desiderio7
1518 1962 1713 2000 paternoque
1735 1953 1811 1987 affe-

1061 2015 1111 2041 etu
1136 2033 1276 2041 .....
1307 2004 1477 2051 apostolica
1512 2002 1589 2037 illud
1625 2003 1810 2037 anctoritate

1062 2065 1160 2091 ratum
1180 2069 1215 2091 ac
1235 2055 1410 2091 stabilitum
1434 2054 1614 2101 perenniter
1633 2052 1810 2086 instituen—

1061 2115 1117 2147 tes7
1153 2115 1182 2141 et
1211 2115 1244 2140 ut
1270 2105 1309 2139 ab
1335 2104 1420 2139 omni
1457 2102 1676 2149 impulsi0ne‚
1714 2109 1808 2148 atque

1061 2155 1280 2203 inquietudine
1325 2152 1543 2201 quorumlibet
1591 2151 1807 2186 infestantium

1059 2205 1229 2240 beatissimi
1252 2204 1335 2238 Petri
1352 2203 1483 2237 tuitione
1509 2201 1651 2235 illaesum
1674 2212 1811 2247 semper,

1059 2264 1089 2290 et
1117 2255 1339 2290 inconcussum
1367 2252 1504 2287 Domino
1528 2258 1709 2296 protegente
1739 2263 1810 2296 pei-

1060 2313 1194 2340 maneat.
1227 2304 1295 2338 Hoc
1323 2303 1415 2337 etiam
1451 2300 1633 2335 omnimodo
1665 2300 1811 2346 provide-

1061 2367 1141 2398 mus,
1174 2362 1205 2389 et
1231 2352 1383 2387 stabiliter
1419 2350 1641 2385 decernimus.
1672 2357 1703 2382 nt
1736 2349 1809 2382 nni-

1060 2416 1164 2443 versa,
1187 2415 1267 2450 quae
1284 2402 1400 2436 ibidem
1424 2401 1454 2434 in
1472 2400 1564 2433 rebus
1586 2398 1766 2435 mobilibus,
1780 2407 1809 2432 ct

1059 2453 1296 2493 immobilib11s‚
1332 2452 1432 2491 intus,
1460 2449 1597 2495 forisque
1620 2448 1651 2482 in
1679 2448 1806 2481 familiis.

1059 2503 1222 2550 utriusque
1244 2513 1349 2539 sexus,
1371 2507 1549 2545 cunctoque
1571 2505 1682 2532 ornatu
1706 2499 1810 2531 eccle-

1059 2553 1196 2592 siastico‚
1226 2559 1318 2598 atque
1347 2550 1432 2584 omni
1469 2547 1677 2595 suppellectili
1711 2546 1807 2580 semel

1061 2603 1196 2637 Domino
1218 2614 1232 2635 a
1263 2600 1350 2635 vobis
1374 2598 1538 2633 distributa
1561 2604 1633 2631 sunt
1649 2624 1658 2635 ,
1696 2597 1809 2630 l'ntnris

1060 2651 1256 2700 temporibus
1278 2648 1459 2685 inconvulsa
1483 2648 1513 2682 in
1548 2646 1660 2682 eodem
1688 2654 1810 2680 sacrato

1851 275 1902 304 An.
1934 275 1962 305 C.
1982 276 2034 305 885

1879 1217 2004 1240 Exordium.

1875 1665 2014 1689 Confirmatio

1844 1703 1980 1732 monasterii,
2008 1706 2030 1725 et

1843 1736 1952 1760 bonorum
1981 1747 2029 1761 orn-

1843 1773 1902 1795 nium
1923 1774 1950 1796 ad
1976 1775 2028 1798 illud

1843 1811 2001 1839 spectantium.
