2237 3127
139 328 191 355 An.
213 325 240 353 C.
270 325 320 352 495

400 320 470 357 126

346 388 518 431 eliminata,
534 392 626 432 atque
646 394 717 418 cum
734 379 800 416 suis
814 378 1008 420 auctoribus,
1034 390 1094 413 au-

347 447 533 484 ctorumque
547 432 734 481 sequacibus
745 431 804 466 sub
819 430 1030 469 anathemate,
1045 428 1098 462 in-

345 487 471 524 solubili
499 484 624 520 vinculo
659 482 690 516 in
719 489 883 516 aeternum
909 478 1098 514 confitemur

345 548 415 574 esse
436 535 593 571 damnata.
616 533 800 579 Eaepliciunt
822 530 995 564 Decretales
1017 530 1076 573 (A).

550 663 587 713 S.
623 659 883 712 ANASTASlUS
921 659 951 708 ll

436 737 587 770 DICTUS
614 735 780 774 IUNIOR,
806 734 916 765 PAPA
949 731 1006 763 LII

336 816 339 821 ·
377 801 471 836 Anno
501 809 592 833 aerae
619 797 734 832 Christi
759 807 867 830 comm.
897 792 1072 828 CDXCVI.

347 864 552 933 Anastasius
570 894 729 931 secundus
746 893 876 938 Iunior,
901 891 1029 927 natione
1045 902 1100 926 ro-

345 960 476 991 manus,
515 946 601 981 filius
628 944 715 980 Petri
749 943 789 978 de
816 943 947 990 regione
979 940 1099 983 Quinta

347 997 464 1033 Taama
480 994 700 1044 CaputTauri,
727 993 863 1040 eligitur,
885 999 916 1027 et
937 991 1101 1027 ordinatur

346 1046 489 1095 pontifex
510 1046 668 1080 maximus
689 1043 739 1078 die
781 1042 939 1078 dominica
966 1044 1013 1076 24
1040 1053 1101 1075 no-

346 1096 484 1132 vembris
506 1096 682 1135 ann04963
705 1092 785 1128 sedit
801 1104 884 1127 anno
895 1103 918 1132 1,
932 1103 1033 1126 mens.
1052 1103 1099 1129 xu,

347 1146 460 1181 diebus
480 1157 565 1180 xxiv
592 1143 651 1179 sub
672 1142 838 1177 Anastasio
865 1141 910 1182 II,
933 1148 964 1175 et
985 1140 1102 1175 deinde

348 1196 464 1244 Scytha
481 1207 527 1229 or.
549 1203 579 1228 et
600 1193 733 1228 Paulino
749 1203 814 1227 occ.
833 1203 915 1226 coss.
941 1190 1041 1225 Unica
1056 1201 1104 1223 or-

349 1245 510 1280 dinatione
538 1243 655 1278 creavit
684 1241 885 1289 presbyteros
920 1239 1102 1281 duodecim,

349 1295 516 1342 episcopos
539 1306 594 1340 per
607 1292 729 1327 diversa
742 1291 809 1325 loca
825 1289 997 1325 sexdecim.
1013 1288 1103 1323 Obiit

352 1347 397 1379 18
432 1342 610 1379 novembris
643 1353 728 1377 anno
763 1342 846 1380 498,
894 1347 924 1373 et
958 1338 1103 1386 sequenti

351 1394 401 1429 die
423 1393 587 1440 depositus
613 1400 660 1426 est
688 1391 718 1425 in
747 1389 874 1428 basilica
903 1388 985 1423 beati
1019 1387 1105 1423 Petri

351 1443 497 1492 apostoli.
520 1442 650 1477 Vacavit
675 1440 767 1476 sedes
793 1440 861 1474 dies
883 1447 956 1473 tres.

343 1549 348 1592 1
719 1534 744 1569 1.

354 1613 504 1647 Precatur
533 1611 769 1654 imperatore-m,
795 1613 829 1640 ut
856 1605 963 1640 Aeacii
998 1615 1108 1638 nomen

402 1662 573 1699 aboleatur,
608 1660 754 1692 imitatem
782 1657 937 1690 Ecclesiae
959 1662 1053 1696 curet,
1081 1660 1108 1687 et

403 1711 586 1756 apostolicae
617 1709 695 1742 sedis
722 1707 878 1740 ‘mandatis
912 1706 1106 1748 obtemperet:

403 1763 545 1805 docetque
567 1770 626 1798 eos,
644 1758 700 1802 qui
716 1758 755 1790 ab
766 1756 877 1789 Aeolio
901 1753 1108 1797 baptizalivel

404 1811 501 1844 sacris
527 1811 610 1854 suere
630 1807 760 1850 initiati,
787 1816 860 1840 vera
880 1804 1042 1848 suscepisse
1062 1814 1111 1837 sa-

405 1866 562 1894 cramenta
585 1859 649 1902 (2).

627 1924 843 1958 SUMMARIUM

358 1988 450 2021 Sedes
464 1987 495 2017 B.
517 1986 596 2017 Petri
626 1996 659 2015 ex
688 1985 784 2015 divina
812 1982 996 2013 ordinatione
1024 1980 1113 2011 habet

398 2029 595 2067 principatum
625 2027 654 2055 in
687 2023 847 2055 universali
869 2022 1011 2052 Ecclesia.
1032 2022 1110 2051 -1.

399 2068 480 2103 Quod
500 2077 550 2107 pro
576 2066 690 2096 Christo
714 2065 852 2103 fungatur
870 2063 1026 2101 legatione,
1044 2064 1113 2091 dum

399 2117 451 2148 pro
462 2118 533 2148 pace
548 2111 683 2146 precatur
695 2105 855 2135 Ecclesiae.
866 2120 906 2126 —
917 2103 946 2132 2.
960 2101 1043 2138 Quod
1056 2110 1114 2130 non

402 2149 440 2178 sit
458 2154 567 2178 temere
590 2146 781 2176 iudicandum
798 2145 833 2174 de
859 2144 916 2179 liis,
935 2143 986 2181 qui
1002 2142 1059 2171 iam
1080 2141 1113 2170 ad

400 2189 491 2218 Deum
509 2188 681 2225 migrarunt.
695 2202 735 2207 —
749 2184 836 2214 Solus
852 2183 929 2213 Deus
953 2182 1033 2211 novit
1048 2181 1117 2211 ahs-

403 2228 518 2257 condita
542 2227 685 2256 cordium.
707 2242 746 2247 --
770 2224 798 2254 3.
830 2223 866 2253 Ut
889 2222 1058 2262 specialiter
1086 2221 1115 2250 in

403 2268 533 2298 Ecclesia
549 2270 681 2296 taceatur
699 2274 805 2294 nomen
833 2263 936 2292 Acatii.
956 2279 996 2284 —
1019 2261 1117 2299 Legati

404 2308 439 2338 ad
452 2308 522 2347 imp.
543 2307 572 2336 in
588 2315 676 2335 causa
691 2304 795 2334 Acatii.
808 2320 848 2326 —
862 2303 891 2332 4.
903 2302 986 2338 Quod
997 2310 1119 2339 magno-

406 2357 474 2387 pere
496 2347 643 2376 contentio
669 2346 707 2375 sit
725 2344 864 2374 cavenda.
880 2359 921 2365 —-
940 2342 968 2371 5.
992 2341 1028 2371 Ut
1051 2341 1120 2370 Ale-

404 2387 561 2418 xandrinos
593 2386 752 2425 imperator
779 2384 935 2413 admoneat
961 2382 995 2411 ad
1032 2381 1118 2411 fidem

406 2429 565 2464 sinceram,
580 2431 607 2456 et
632 2434 734 2466 pacem
756 2423 853 2454 redire
875 2421 1062 2452 catholicam.
1081 2438 1121 2443 —

402 2480 441 2517 (1)
458 2480 486 2506 ln
503 2482 573 2506 tanta
590 2478 752 2513 scriptorum
764 2475 934 2503 contentione
950 2474 984 2501 de
1000 2473 1121 2508 superal-

368 2516 420 2544 lato
436 2516 554 2547 decreto,
567 2523 615 2541 nos
633 2513 695 2540 illud
707 2513 812 2539 Gelasio
823 2511 999 2542 restituimus,
1015 2510 1120 2544 Pagium

367 2557 521 2587 sequentes,
539 2551 584 2585 qui
601 2551 626 2576 in
643 2550 738 2576 Critica
756 2547 900 2574 baroniana
925 2545 956 2572 ad
983 2553 1045 2571 ann.
1071 2545 1121 2570 ἱιΟΙι

368 2588 502 2616 Gelasium
519 2585 682 2613 celeberrimi
704 2584 783 2610 liuius
799 2582 898 2609 decreti
914 2584 1051 2607 auctorem
1063 2587 1123 2606 esse

369 2624 534 2650 demonstrat
551 2641 559 2654 ,
580 2626 607 2648 et
624 2628 762 2647 romanam
779 2618 925 2644 Concilium
950 2623 1028 2643 Lxxir
1062 2615 1121 2649 epi·

369 2666 522 2694 scoparum,
544 2658 568 2683 in
586 2665 639 2691 quo
655 2656 780 2682 emissum
799 2655 856 2683 suit,
874 2656 935 2678 ante
951 2659 1050 2677 annum
1070 2651 1122 2677 1190

371 2703 422 2720 non
443 2695 521 2720 tuisse
546 2692 718 2720 celebratum.
757 2691 797 2728 (2)
824 2690 860 2716 lix
879 2688 1020 2715 Cresconio
1041 2686 1123 2714 edidit

371 2730 443 2760 card.
461 2728 562 2755 Carasa.

1733 284 1748 292 ,A

941 321 1130 348 BULLARIUM
1155 319 1321 345 ROMANUM

1176 392 1217 399 —
1230 374 1368 414 Dogmata
1390 373 1510 405 Patrum
1525 372 1663 405 tenenda.
1680 388 1721 396 —
1737 372 1764 404 6.
1785 371 1888 403 Divino

1179 419 1333 455 praecepto
1349 416 1507 454 imperator
1525 413 1671 454 pontificis
1687 414 1831 444 mandatis
1839 414 1890 444 ob-

1178 460 1341 495 temperare
1363 455 1460 486 debet.
1479 472 1519 478 -
1540 455 1566 484 7.
1594 454 1665 483 Rata
1695 457 1764 483 sunt
1790 463 1889 484 sacra-

1180 499 1274 526 menta
1298 496 1413 526 etiamsi
1441 505 1455 525 a
1484 495 1569 525 malis
1603 493 1746 523 ministris
1760 493 1890 524 admini-

1178 536 1406 566 strentur.—8.
1423 534 1504 571 Quod
1519 533 1674 564 malibona
1696 533 1890 564 ministrando

1179 575 1237 606 sibi
1253 576 1453 605 tantummodo
1471 578 1604 611 noceant,
1620 583 1673 603 nec
1684 573 1833 603 Ecclesiae
1846 583 1892 603 sa-

1178 620 1328 646 cramenta
1350 615 1578 645 commaculant.

1139 678 1337 707 Gloriosissimo
1364 679 1393 706 et
1422 676 1632 705 clementissimo
1662 675 1718 704 filio
1748 674 1892 704 Anastasio

1274 723 1404 759 Augusto,
1428 722 1587 751 Anastasius
1607 721 1759 757 episcopus.

1190 772 1365 807 Exordium
1398 772 1600 819 pontificatus
1639 770 1719 815 mei,
1747 769 1894 818 primitus

1141 822 1243 858 oblata
1267 822 1395 870 populis
1417 833 1503 868 pace,
1520 820 1708 869 pronuncio,
1723 829 1753 855 et
1779 832 1894 855 conse—

1141 881 1274 920 quenter
1296 884 1352 919 pro
1375 871 1436 906 fide
1454 871 1607 906 catholica
1630 869 1763 904 humilis
1786 869 1892 917 pietati

1141 930 1213 957 tuae
1234 929 1378 969 precator
1404 933 1548 956 occurro.
1585 919 1619 954 ln
1655 932 1718 968 quo
1754 920 1891 967 primum

1141 971 1218 1006 mihi
1240 971 1382 1006 divinum
1404 971 1541 1006 favorem
1569 969 1800 1017 propinquasse
1813 981 1894 1004 con-

1143 1021 1217 1062 fido,
1244 1021 1330 1068 quod
1359 1033 1443 1055 nunc
1463 1020 1669 1055 consonantia
1692 1020 1723 1053 in
1751 1031 1802 1054 me
1829 1031 1895 1054 au-

1143 1071 1315 1117 gustissimi
1343 1070 1481 1105 nominis
1502 1082 1564 1104 non
1597 1069 1728 1104 dubium
1758 1076 1896 1116 praestat

1143 1120 1309 1165 auxilium,
1333 1127 1366 1155 ut
1386 1120 1467 1155 sicut
1490 1118 1687 1167 praecelsum
1710 1118 1898 1153 vocabulum

1144 1178 1270 1217 pietatis
1295 1177 1366 1204 tuae
1401 1181 1456 1216 per
1490 1169 1654 1204 universas
1687 1175 1798 1214 gentes
1833 1176 1898 1203 toto

1144 1219 1220 1254 orbe
1268 1219 1467 1266 praefulget,
1505 1219 1546 1253 ita
1593 1230 1649 1265 per
1685 1217 1894 1252 ministerium

1145 1268 1331 1303 humilitatis
1384 1280 1472 1303 meae
1517 1268 1599 1302 sicut
1645 1279 1771 1314 semper
1818 1274 1866 1301 est
1889 1293 1899 1310 ,

1145 1319 1237 1353 sedes
1272 1318 1310 1352 B.
1348 1317 1433 1352 Petri
1475 1316 1507 1352 in
1551 1316 1718 1352 universali
1751 1315 1896 1352 Ecclesia

1146 1368 1341 1414 assignatum
1380 1367 1439 1402 sibi
1466 1379 1483 1402 a
1520 1366 1659 1402 Domino
1690 1365 1759 1401 Deo
1795 1373 1899 1401 teneat

1148 1418 1378 1465 principatum:
1423 1429 1481 1452 nec
1507 1424 1637 1464 propter
1692 1428 1790 1450 unum
1813 1427 1900 1450 mor-

1149 1476 1238 1502 tuum
1257 1494 1265 1507 ,
1313 1466 1433 1502 diutius
1491 1466 1595 1501 tunica
1634 1465 1686 1500 illa
1729 1464 1902 1500 Salvatoris

1148 1517 1286 1564 desuper
1308 1524 1453 1552 contexta
1477 1527 1533 1562 per
1564 1522 1681 1559 totum,
1703 1515 1804 1549 malae
1829 1527 1902 1550 sor-

1149 1567 1187 1601 tis
1210 1566 1346 1613 patiatur
1372 1566 1547 1606 incertum,
1583 1577 1663 1612 quae
1695 1563 1761 1599 sola
1793 1563 1825 1598 in
1853 1564 1904 1599 di-

1149 1616 1336 1651 scissionem
1359 1628 1415 1663 pro
1447 1615 1593 1649 firmitate
1627 1614 1676 1649 sui
1709 1613 1816 1648 venire
1838 1626 1902 1648 non

1151 1666 1261 1713 potuit,
1283 1669 1451 1700 serenitate
1473 1673 1524 1699 tua
1540 1664 1707 1711 praecipue
1723 1663 1903 1711 rempubli-

1150 1728 1218 1751 cam
1241 1715 1436 1761 gubernante
1459 1717 1512 1758 (a).
1541 1713 1599 1749 Cui
1619 1713 1755 1748 etiamin
1783 1714 1903 1760 privata

1150 1766 1212 1800 vita
1234 1773 1355 1800 tantum
1383 1765 1464 1799 circa
1487 1764 1627 1799 sincerae
1654 1762 1818 1808 religionis
1842 1770 1907 1797 stu-

1152 1815 1239 1850 dium
1264 1815 1334 1854 fuit,
1356 1821 1389 1849 ut
1410 1814 1501 1858 (sicut
1522 1813 1604 1848 fama
1625 1812 1799 1848 certissima
1820 1812 1908 1847 cele-

1153 1865 1265 1907 bravit)
1285 1876 1378 1899 nemo
1412 1864 1512 1909 magis
1533 1863 1581 1897 vel
1603 1864 1684 1897 inter
1719 1861 1908 1910 praecipuos

1153 1914 1344 1958 sacerdotes,
1372 1913 1526 1961 praefixas
1560 1925 1576 1947 a
1611 1911 1728 1947 sanctis
1762 1911 1905 1959 patribus

1155 1964 1280 2011 regulas
1295 1963 1456 1998 Ecclesiae
1474 1961 1651 1998 custodisse
1664 1961 1796 1997 dicatur.
1811 1960 1906 2004 Quod

1155 2022 1299 2049 sanctum
1326 2013 1467 2047 studium
1494 2025 1567 2048 cum
1594 2012 1757 2047 maiestate
1783 2010 1907 2058 imperii

1155 2064 1293 2099 crevisse
1315 2062 1516 2097 confidimus.

1209 2116 1240 2148 1.
1263 2112 1435 2159 Legatione
1450 2111 1553 2159 itaque
1569 2111 1731 2157 fungimur
1744 2122 1800 2158 pro
1814 2109 1910 2144 Chri-

1157 2172 1217 2207 sto,
1245 2174 1284 2197 ne
1306 2174 1361 2197 eos
1383 2170 1511 2209 propter
1534 2160 1741 2196 offensionem
1752 2160 1800 2194 vel
1816 2171 1909 2194 scan-

1159 2213 1265 2247 dalum
1300 2211 1459 2258 patiamini
1483 2210 1608 2258 publice
1638 2209 1805 2253 nominari,
1828 2220 1910 2257 quo-

1161 2275 1230 2297 rum
1253 2261 1374 2305 merita,
1404 2260 1449 2296 vel
1471 2268 1560 2295 actus
1582 2260 1671 2294 illum
1704 2258 1842 2294 iudicem
1867 2258 1912 2293 la-

1161 2321 1224 2347 tere
1251 2323 1314 2346 non
1337 2318 1481 2358 possunt,
1510 2310 1539 2344 in
1562 2310 1652 2344 cuius
1673 2309 1732 2343 iam
1766 2315 1841 2343 sunt
1861 2307 1913 2343 iu·-

1162 2362 1245 2397 dicio
1271 2360 1442 2396 constituti.
1465 2359 1531 2394 Nec
1553 2359 1617 2394 illic
1638 2371 1671 2394 se
1695 2365 1796 2405 potest
1814 2357 1914 2392 inter-

1162 2422 1266 2446 serere
1288 2411 1318 2444 in
1346 2422 1478 2457 corpore
1493 2409 1613 2444 mortali
1629 2408 1734 2443 adliuc
1748 2407 1912 2442 temeraria

1164 2460 1393 2508 praesumptio,
1417 2460 1447 2494 in
1476 2471 1538 2506 quo
1561 2471 1622 2493 non
1639 2458 1742 2493 solum
1756 2456 1913 2492 consessio

1164 2510 1236 2545 facit
1258 2517 1363 2556 aperta
1385 2508 1495 2544 merita
1523 2508 1733 2554 singulorum,
1748 2506 1804 2541 sed
1819 2506 1913 2541 ctiam

1165 2559 1279 2594 silentii
1307 2558 1405 2606 ipsius
1429 2570 1488 2593 non
1510 2566 1612 2605 potest
1633 2557 1728 2592 latere
1746 2563 1914 2591 secretum.

1165 2609 1307 2655 Namque
1335 2617 1363 2642 ct
1388 2607 1611 2654 praedecessor
1633 2614 1739 2641 noster
1762 2617 1842 2653 papa
1860 2603 1917 2640 Fe-

1166 2659 1220 2704 lix,
1241 2667 1271 2693 et
1299 2659 1390 2693 ctiam
1414 2657 1555 2698 Aeatius,
1597 2656 1659 2692 illic
1681 2655 1792 2705 procul
1819 2654 1916 2690 dubio

1139 2720 1148 2784 Ι
1201 2720 1240 2756 (a)
1258 2719 1328 2746 loan.
1350 2719 1391 2745 ¹9.

1919 313 1971 342 An.
1996 312 2024 341 C.
2052 310 2103 341 496

1932 1327 2001 1351 Sedu
2019 1327 2042 1348 Β.
2057 1323 2116 1349 Puri

1933 1375 1957 1389 cx
1975 1366 2048 1388 «11111111
2075 1371 2117 1386 οι·-

1933 1403 2046 1425 dinatione
2078 1400 2118 1422 hu-

1933 1438 1970 1461 bot
2003 1435 2119 1467 principu—

1933 1478 1978 1497 tum
1997 1473 2018 1495 in
2030 1473 2120 1495 univer-

1934 1510 1974 1533 uli
2009 1508 2119 1533 Ecclesia.

1973 2129 2033 2158 Qun-d
2085 2136 2126 2157 pro

1941 2166 2027 2188 (Ilii-isto
2071 2164 2126 2186 fun-

1941 2207 2004 2231 gatur
2032 2200 2128 2229 lega-tin-

1941 2246 1978 2267 ΠΡ,

1941 2282 1996 2306 pace
2026 2276 2128 2303 prce-ntur

1942 2309 2066 2334 Ecclesiae.

2011 2236 2060 2258 dun·
2087 2243 2127 2266 pro
