2237 3127
265 246 318 274 An.
345 247 373 275 C.
397 248 447 276 440

284 1434 380 1460 Quantus
392 1434 436 1455 1111-

254 1475 366 1494 mandati<
416 1477 438 1496 et

253 1513 375 1534 divinitstis
398 1523 437 1536 ng-

254 1556 290 1569 xus
308 1548 351 1570 lvsu
375 1550 436 1572 (Iltri-

532 226 576 257 70

479 289 560 324 inter
585 288 756 335 genitorem
784 294 878 334 atque
904 286 1102 333 unigenitum
1137 287 1220 320 nulla

479 346 544 374 erat
571 339 599 372 in
623 338 756 372 essentia
783 336 941 374 discretio,
965 336 1046 369 nulla
1077 336 1106 368 iu
1130 336 1222 369 maie-

477 396 555 422 state
576 387 748 427 diversitas,
771 398 829 420 nec
849 398 902 432 per
924 385 1145 419 iucarnationis
1160 397 1222 432 my-

476 437 618 475 sterium,
639 435 757 482 aliquid
784 435 961 469 decesserat
981 434 1102 477 Verbo,
1137 434 1218 480 quod

476 487 503 519 ei
530 485 631 520 Patris
656 496 787 519 munere
810 484 1001 519 redderetur.
1030 483 1142 517 Forma
1165 496 1220 517 au-

474 543 536 569 tem
558 535 652 573 servi,
687 546 741 581 per
774 546 866 580 quam
891 533 1093 580 impassibilis
1119 533 1217 567 deitas

473 592 703 619 sacramentum
732 595 862 629 magnae
896 583 1020 630 pietatis
1055 582 1217 629 implevit,

473 634 607 668 humana
628 633 788 667 humilitas
801 640 857 672 est,
880 644 959 679 qnae
981 633 1009 666 in
1028 632 1156 677 gloriam
1175 632 1219 666 di-

471 683 560 717 vinae
582 684 745 730 potestatis
766 690 870 716 erecta
885 690 943 722 est,
960 682 989 715 in
1005 690 1119 715 tantam
1144 682 1217 715 uni-

470 740 564 767 tatem
592 732 631 766 ab
657 732 723 778 ipso
754 738 906 778 conceptu
940 731 1069 777 virginis
1103 730 1216 765 deitate

469 790 499 816 et
528 782 720 816 humanitate
741 793 899 821 connexa,
932 789 963 814 ut
990 793 1047 814 nec
1069 780 1135 814 sine
1159 780 1215 814 ho-

470 832 552 866 mine
573 831 688 869 divina,
711 842 768 865 uec
789 831 856 864 siue.
878 831 944 864 Deo
971 838 1139 873 agerentur
1162 830 1218 864 hn-

407 872 440 921 <¹⁸¹
468 893 570 915 maua.
601 881 733 927 Propter
754 880 836 926 quod
865 880 945 915 sicut
966 874 1123 913 Dominus
1149 892 1215 913 ma-

381 949 393 961 11
419 957 423 962 .
468 930 586 965 iestatis
604 930 717 964 dicitur
738 929 916 972 crucifixus,
940 930 978 963 ita
1002 930 1052 974 qui
1076 941 1113 962 ex
1129 941 1214 963 sem-

466 980 644 1026 piternitate
667 979 806 1025 aequalis
829 987 875 1012 est
897 979 975 1021 Deo,
998 978 1112 1012 dieitur
1134 979 1211 1012 exal-

465 1037 558 1063 tatus.
583 1029 647 1063 Nec
667 1029 805 1068 interest,
830 1040 867 1062 ex
890 1041 950 1075 qua
969 1027 1114 1062 Christus
1136 1028 1212 1062 snb-

465 1079 577 1113 stantia
615 1078 809 1113 nominetur:
849 1090 920 1112 cum
961 1077 1212 1123 inseparabiliter

465 1137 611 1162 manente
624 1128 740 1162 unitate
758 1140 918 1174 personae,
938 1127 1019 1161 idem
1034 1127 1071 1161 sit
1084 1135 1113 1161 et
1128 1135 1210 1161 totus

465 1177 603 1211 hominis
631 1177 726 1217 lilius,
750 1185 875 1223 propter
901 1188 1042 1214 caruem,
1075 1185 1105 1210 et
1129 1185 1211 1210 totus

463 1226 520 1261 Dei
538 1227 649 1269 Filius,
674 1235 799 1272 propter
815 1239 906 1260 uuam
930 1238 1000 1260 cum
1020 1225 1110 1260 Pau-e
1137 1226 1211 1259 dei-

465 1285 569 1310 tatem.
599 1276 757 1322 Quicquid
784 1288 858 1321 ergo
881 1276 1068 1321 intempore
1089 1276 1210 1322 aceepit

463 1326 619 1366 Christus,
636 1325 809 1360 secundum
829 1326 986 1359 bominem
1007 1325 1138 1370 aceepit,
1158 1326 1206 1359 cui

462 1388 542 1422 quae
569 1388 630 1410 non
654 1375 778 1415 habuit,
802 1374 1017 1409 conferuntur.
1052 1374 1130 1408 Ntm
1156 1387 1209 1409 se-

461 1425 602 1459 cundum
640 1425 810 1472 potentiam
859 1424 953 1458 Verbi
993 1423 1208 1458 iudill'erenter

462 1475 577 1515 omnia,
599 1487 679 1521 quae
701 1474 795 1508 habet
809 1474 913 1516 Pater,
928 1474 1020 1507 etiam
1037 1472 1137 1507 Filius
1154 1474 1209 1507 lia-

461 1523 542 1565 beat,
566 1531 597 1558 et
617 1536 696 1570 quae
725 1524 754 1557 in
777 1523 873 1558 forma
898 1523 976 1557 servi
1000 1535 1015 1556 a
1039 1522 1130 1557 Patre
1153 1535 1207 1557 ac-

460 1574 553 1620 cepit,
582 1573 690 1608 eadem
720 1573 749 1606 111
772 1572 868 1607 forma
896 1573 997 1606 Patris
1024 1572 1115 1606 etiam
1141 1573 1206 1619 ipse

460 1623 598 1665 donavit,
616 1630 646 1657 et
674 1622 755 1657 idom
778 1622 855 1668 ipse,
878 1631 907 1656 et
929 1622 1016 1655 dives
1037 1630 1062 1655 et
1090 1634 1208 1668 pauper

461 1676 514 1715 (al.
530 1673 641 1713 Dives,
664 1673 736 1719 quia
753 1673 782 1705 iu
807 1671 961 1718 principio
976 1678 1041 1705 erat
1056 1671 1206 1715 Verbum,

459 1730 489 1755 et
506 1722 644 1756 Verbum
660 1729 724 1756 erat
738 1721 821 1768 apud
843 1721 958 1762 Deum,
980 1729 1008 1754 et
1036 1720 1122 1755 Deus
1144 1729 1207 1755 erat

459 1771 609 1806 Verbum.
656 1771 725 1805 Hoc
759 1779 823 1805 crat
853 1771 883 1804 in
930 1770 1082 1817 principio
1122 1770 1204 1816 apud

459 1821 576 1855 Deum:
604 1821 707 1855 omnia
743 1833 798 1867 per
828 1821 930 1866 ipsum
962 1820 1038 1853 sacta
1065 1828 1148 1857 suut,
1176 1828 1206 1854 et

459 1870 527 1904 sine
542 1871 610 1916 ipso
625 1870 739 1904 sartum
757 1878 803 1904 est
819 1869 894 1903 1111111
912 1871 961 1913 (ὁ).
984 1869 1107 1915 Pauper
1122 1882 1204 1910 vero,

458 1920 529 1966 quia
557 1920 695 1953 Verbum
718 1932 789 1954 earo
811 1918 925 1953 fartum
954 1926 1011 1962 est,
1031 1926 1060 1952 et
1083 1918 1205 1953 habita—

459 1970 499 2002 vit
518 1969 547 2003 in
572 1969 671 2003 uobis.
701 1969 789 2010 Quae
811 1977 914 2003 autem
942 1977 989 2002 est
1011 1969 1078 2002 eius
1105 1968 1204 2002 exina-

459 2019 546 2056 nitio,
574 2031 690 2065 quaeve
714 2027 890 2065 paupertas,
918 2018 975 2051 uisi
1004 2017 1121 2052 formae
1144 2030 1205 2052 ser-

460 2068 528 2101 vilis
550 2068 700 2114 acceptio,
725 2080 902 2114 perquam,
925 2067 1017 2101 Verbi
1045 2067 1204 2101 maiestate

459 2117 566 2157 velata,
589 2117 780 2162 dispensatio
803 2118 957 2150 humanae
976 2116 1203 2163 redemptionis

458 2166 583 2213 impleta
602 2168 663 2200 est‘?
676 2166 754 2201 Nam
776 2167 847 2213 quia
867 2166 1053 2212 captivitatis
1077 2174 1200 2200 nostrae

458 2216 567 2249 resolxi
595 2216 755 2261 originalia
792 2217 912 2250 vincula
948 2228 1009 2249 non
1044 2224 1201 2262 poteraut,

457 2273 487 2299 et
508 2265 546 2299 ab
572 2265 670 2299 hostis
700 2266 832 2310 imperio
869 2265 1016 2303 relaxari,
1052 2265 1111 2298 nisi
1135 2265 1203 2299 exi-

457 2322 551 2348 steret
572 2314 666 2348 homo
686 2315 780 2348 nostri
793 2314 928 2359 generis,
951 2322 1137 2360 nostraeque
1153 2327 1203 2348 na-

457 2372 553 2408 turae,
576 2376 669 2410 quem
694 2364 804 2397 veteris
823 2363 917 2397 debiti
936 2364 1123 2409 praeiudicia
1139 2376 1199 2398 non

456 2421 610 2457 tenerent,
631 2414 731 2460 etqui
753 2413 953 2447 immaculato
975 2414 1127 2458 sanguine
1142 2425 1200 2447 suo

455 2462 697 2509 chirographum
725 2462 836 2496 lethale
865 2461 1019 2502 dilueret,
1054 2462 1135 2496 sicut
1161 2462 1200 2496 ab

456 2511 543 2546 initio
578 2520 643 2546 erat
678 2512 826 2546 divinitus
861 2511 1136 2558 praeordinatum7
1170 2520 1200 2545 et

455 2562 678 2608 prophetarum
701 2561 837 2596 oraculis
866 2561 1123 2607 praenunciatum
1143 2564 1198 2604 (ὡς

490 2618 527 2653 (11)
545 2619 559 2642 ’2
577 2618 694 2645 Corinth.
714 2620 739 2644 S,
779 2621 816 2653 (lt)
836 2619 905 2643 loun.
931 2619 952 2644 l.
1001 2617 1036 2652 (c)
1053 2617 1153 2646 ColOSS.
1171 2618 1199 2645 ⁹2.

1058 232 1246 255 BULLARIUM
1272 232 1435 255 nonlAle

1265 286 1303 320 ita
1326 294 1372 320 est
1404 287 1433 320 in
1462 285 1657 333 plenitudine
1679 286 1833 333 praefiniti
1863 287 2011 335 temporis

1263 335 1391 380 factum,
1418 343 1450 369 ut
1476 335 1585 370 multis
1613 336 1714 370 modis
1740 337 1911 382 significata
1935 350 2008 384 pro-

1263 385 1387 425 missio,
1410 385 1442 419 in
1469 385 1524 419 diu
1546 393 1742 431 expectatum
1770 386 1890 421 veniret
1909 388 2008 421 effec-

1261 441 1344 477 tum,
1369 446 1427 469 nec
1458 443 1563 480 posset
1592 446 1661 469 esse
1692 434 1886 481 ambiguum,
1920 437 2003 483 quod

1261 483 1418 518 continuis
1450 483 1733 530 significationibus
1756 496 1881 531 semper
1906 484 2005 521 fuerat

1261 533 1457 567 nunciatum.

1310 586 1342 616 8.
1356 581 1533 617 Destructis'
1546 582 1649 629 itaque
1662 589 1705 616 tot
1716 581 1912 628 haeresibus,
1925 596 2005 631 quae

1260 643 1315 677 per
1349 640 1488 666 sanctam
1524 631 1722 666 devotionem
1759 632 2003 678 praesidentium

1260 681 1385 715 Pati-um
1403 694 1419 716 a
1438 693 1569 728 corpore
1591 689 1665 716 sunt
1685 681 1856 716 catholicae
1879 682 2005 718 unitatis

1257 730 1426 772 abscissae,
1448 743 1592 778 quaeque
1608 731 1678 765 ideo
1695 739 1833 765 extorres
1846 743 1862 766 a
1877 731 2003 767 Christo

1258 791 1326 814 esse
1361 789 1558 821 meruerunt·,
1596 780 1670 827 qnia
1695 780 1790 815 Verbi
1815 781 2004 817 incarnatio-

1258 842 1342 874 nem,
1364 842 1443 876 quae
1464 830 1632 875 singularis
1647 838 1692 864 est
1712 838 1793 864 recte
1807 831 2001 867 credentium

1256 879 1352 924 salus,
1374 880 1515 914 fecerunt
1536 880 1595 914 sibi
1618 879 1753 925 lapidem
1773 879 1954 916 offensionis
1972 889 2003 916 et

1258 936 1376 975 petram
1399 929 1554 968 scandali,
1590 929 1686 963 miror
1707 928 1907 964 dilectionem
1940 942 2002 966 ve-

1255 986 1349 1012 stram
1374 979 1404 1013 in
1427 978 1635 1013 discernendo
1658 977 1794 1012 veritatis
1816 978 1933 1014 lumine
1954 979 2002 1015 la-

1255 1027 1365 1062 borare
1393 1032 1443 1072 (a).
1472 1028 1513 1062 Et
1537 1040 1607 1062 eum
1641 1027 1748 1062 multis
1774 1028 2002 1064 manifestatio-

1254 1077 1347 1112 nibus
1368 1077 1558 1112 declaratum
1581 1078 1632 1118 sit,
1659 1090 1751 1124 quam
1782 1085 1864 1113 recte
1885 1087 1916 1113 et
1935 1079 2002 1114 Ne-

1253 1127 1397 1172 storium,
1420 1135 1450 1162 et
1470 1127 1636 1175 Eutychen
1659 1139 1731 1161 cum
1749 1127 1902 1162 Dioscoro
1924 1128 2002 1163 fides

1254 1176 1423 1211 christiana
1457 1177 1649 1211 damnaverit
1664 1204 1673 1217 ,
1715 1188 1773 1210 nec
1811 1177 2001 1213 christianus

1253 1227 1350 1271 possit
1373 1226 1497 1266 vocari,
1532 1226 1585 1272 qui
1608 1225 1654 1260 vel
1692 1225 1792 1267 illius,
1819 1226 1866 1260 vel
1889 1227 2001 1262 horum

1253 1275 1405 1322 impietati
1448 1275 1576 1322 praebet
1602 1287 1785 1310 assensum:
1821 1275 1912 1310 doleo
1945 1289 2001 1311 vos

1251 1325 1448 1370 evangelicae
1475 1333 1505 1359 et
1531 1325 1719 1372 apostolicae
1754 1324 1915 1360 doctrinae
1950 1328 2001 1370 (ut

1250 1374 1358 1417 audio)
1387 1374 1550 1409 resultare:
1580 1374 1767 1421 exagitando
1790 1374 1999 1411 seditionibus

1250 1423 1403 1464 civitates,
1431 1424 1650 1459 conturbando
1671 1423 1835 1463 ecclesias,
1861 1436 1919 1459 nec
1940 1437 2000 1459 so-

1251 1473 1313 1507 lum
1338 1473 1479 1516 iniurias,
1502 1473 1554 1507 sed
1578 1474 1668 1507 etiam
1685 1473 1796 1508 caedes
1812 1473 1999 1521 presbyteris

1250 1529 1342 1569 atque
1364 1523 1520 1569 episcopis
1543 1522 1719 1562 inferendo;
1752 1531 1783 1557 ut
1803 1535 1875 1570 prae
1894 1523 1999 1559 furore

1250 1580 1279 1605 et
1306 1572 1432 1606 saevitia
1457 1573 1606 1619 propositi
1630 1572 1721 1606 vestri
1740 1581 1771 1607 et
1793 1572 1998 1619 professionis

1250 1622 1317 1655 sitis
1340 1622 1551 1656 immemores.
1571 1621 1632 1656 Ubi
1656 1629 1703 1656 est
1724 1622 1832 1668 regula
1848 1635 1998 1657 mansue-

1251 1671 1369 1705 tudinis
1396 1679 1425 1705 et
1451 1671 1585 1717 quietis?
1615 1671 1666 1705 ubi
1690 1671 1910 1717 longanimitas
1934 1684 1997 1719 pa-

1249 1720 1386 1764 tientiae,
1409 1721 1461 1754 nbi
1487 1720 1693 1767 tranquillitas
1709 1721 1806 1768 pacis,
1823 1720 1878 1755 ubi
1891 1721 1997 1757 firma-

1248 1778 1388 1804 mentum
1417 1770 1610 1813 dilectionis,
1642 1778 1672 1804 et
1692 1770 1874 1805 tolerantiae
1905 1771 1997 1806 sorti-

1249 1820 1344 1853 tude?
1366 1832 1445 1866 quae
1469 1833 1522 1854 vos
1549 1820 1587 1854 ab
1609 1819 1770 1866 evangelio
1803 1819 1919 1855 Christi
1941 1828 1995 1855 aut

1248 1871 1407 1916 persuasio
1432 1869 1570 1913 abduxit,
1592 1878 1646 1903 aut
1678 1870 1880 1916 persequutio
1902 1882 1994 1917 sepa-

1248 1919 1349 1953 rarit?
1376 1919 1421 1953 vel
1446 1931 1525 1966 quae
1555 1926 1639 1953 tanta
1674 1918 1774 1953 extitit
1806 1918 1993 1966 decipientis

1246 1969 1368 2009 astutia,
1393 1976 1425 2002 ut
1454 1969 1541 2003 obliti
1565 1968 1787 2015 prophetarum
1815 1976 1845 2002 et
1865 1977 1994 2016 aposto-

1247 2017 1359 2061 lorum,
1379 2018 1466 2052 obliti
1491 2017 1621 2065 symboli
1651 2017 1793 2052 salutaris
1815 2027 1846 2052 et
1867 2017 1994 2053 confes-

1246 2067 1353 2107 sionis,
1376 2080 1469 2114 quam
1495 2067 1740 2114 pronunciantes
1762 2079 1866 2101 coram
1885 2067 1994 2102 multis

1245 2117 1401 2155 testibus,
1436 2124 1666 2151 sacramentum
1702 2116 1854 2163 Baptismi
1884 2129 1993 2152 susce-

1246 2166 1346 2212 pistis,
1369 2166 1533 2200 diabolicis
1561 2178 1614 2200 vos
1646 2165 1846 2200 illusionibus
1872 2166 1995 2201 subde*

1244 2216 1338 2249 retis?
1359 2216 1432 2263 quid
1460 2215 1544 2262 apud
1568 2228 1622 2250 vos
1648 2224 1772 2250 acturae
1794 2215 1917 2250 fuerant
1935 2229 1992 2251 un-

1243 2265 1351 2311 gulae,
1376 2265 1451 2311 quid
1475 2277 1565 2300 saeva
1586 2273 1752 2305 tormenta,
1780 2265 1805 2299 si
1833 2264 1872 2299 ad
1893 2277 1992 2312 expu-

1243 2315 1398 2359 gnandam
1422 2315 1492 2348 fidei
1521 2322 1638 2349 vestrae
1661 2315 1889 2360 iutegritatem,
1916 2323 1988 2349 tan-

1243 2371 1308 2398 tum
1331 2376 1408 2398 vana
1432 2364 1660 2398 haereticorum
1683 2371 1860 2398 commenta
1882 2364 1991 2398 value-

1243 2415 1334 2447 runt?
1354 2413 1413 2447 Pro
1438 2414 1496 2447 lide
1524 2426 1578 2448 vos
1599 2425 1692 2460 agere
1713 2413 1851 2458 creditis,
1872 2420 1904 2447 et
1918 2413 1989 2448 fidei

1241 2463 1436 2497 contrahitis.
1470 2463 1629 2497 Ecclesiae
1651 2463 1777 2497 nomine
1811 2462 1990 2504 armamini,

1241 2519 1271 2545 et
1286 2520 1393 2545 eontra
1416 2512 1589 2546 Ecclesiam
1613 2512 1779 2545 «limitans.
1802 2511 1871 2545 Hoc
1886 2523 1901 2546 a
1922 2524 1991 2558 pro-

1242 2562 1354 2608 phetis,
1379 2562 1436 2595 hoc
1451 2562 1490 2596 ab
1514 2563 1732 2608 evangelistis,
1765 2561 1825 2596 hoc
1846 2561 1886 2596 ab
1910 2573 1989 2610 apo-

1275 2618 1315 2655 (a)
1332 2619 1402 2645 Petr.
1417 2617 1446 2645 2.

2045 258 2098 287 An.
2121 259 2149 287 C.
2176 260 2229 288 449

2056 1151 2195 1174 christi-nus

2039 1194 2113 1208 rnen-t
2140 1189 2223 1218 nequit,

2040 1223 2075 1252 qni
2099 1223 2224 1245 haer-otico-

2040 1269 2086 1284 rum
2115 1263 2224 1293 impietati

2039 1298 2129 1328 praebet
2151 1307 2224 1322 usson-

2039 1343 2095 1357 snm.

2035 1694 2166 1726 Adhortatip
2194 1695 2220 1718 ad

2036 1731 2155 1761 episcopos
2173 1733 2218 1754 [Ἄ-

2035 1766 2149 1789 laestinne.

2063 2092 2160 2121 Simbnli
2182 2100 2216 2114 re-

2032 2128 2108 2149 ritntiu
2127 2129 2147 2150 in
2163 2128 2215 2158 lmp-

2031 2164 2106 2186 tismu.
