2237 3127
47 276 98 304 Ari.
113 276 143 304 C.
160 274 228 305 1037

46 365 163 387 Concessio
187 372 229 387 ec-

46 401 161 423 clesiarum
208 401 228 422 in

45 437 135 459 civitate
167 437 228 458 Leo-

44 473 94 494 nina
137 474 227 503 posita-

44 516 91 530 l'nm
110 517 158 531 cun!
180 517 228 531 ΙΠΠ-

43 544 130 566 nimoda
157 545 229 566 iuris-

42 579 140 602 dictione
163 587 229 609 super

41 615 154 638 Ecclesia
207 619 229 638 ct

43 651 137 674 elerum.

869 307 951 331 BENE
955 307 987 330 nt
992 307 1068 331 CTUS

1095 308 1132 330 ix
1159 308 1211 331 pp,
1683 302 1753 335 559

261 375 397 411 rumque
424 362 563 405 Ioannis,
586 371 615 398 et
641 363 747 405 Pauli3
770 371 797 398 et
820 362 908 398 Beati
930 363 1014 398 Mar-
1056 376 1205 410 inagnum
1229 364 1325 399 altare
1347 365 1454 400 Sancti
1469 365 1553 400 Petri
1569 366 1698 401 missam
1716 368 1803 403 cele-

260 414 316 448 tini
341 422 433 460 atque
459 413 584 453 Teclae,
620 413 788 448 constituta
825 414 906 447 iuxta
945 426 1013 448 nia-

259 475 351 509 gnam
376 463 540 498 ecclesiam
562 463 670 498 Sancti
693 463 789 503 Petri,
812 471 864 497 aut
888 464 917 497 in
940 475 1012 497 cae-

258 513 334 548 teris
355 513 511 556 ecclesiis,
542 525 623 559 quae
658 521 731 547 suut
759 513 945 547 constitutae
981 514 1009 547 in

257 570 320 597 tota
343 562 467 596 civitate
488 561 648 601 Leoniua;
683 569 713 596 et
740 562 763 596 si
797 563 1008 597 necessarium

256 612 351 646 suerit
364 623 561 654 consecrare,
577 610 681 644 nullus
698 611 777 645 alius
789 611 957 658 episcopus
970 612 1007 646 ad

256 661 316 696 tale
344 660 562 700 ministerium,
589 660 637 694 vel
659 661 927 695 consecrationem
955 673 1008 695 ac-

254 710 366 746 cedere
388 717 578 757 praesumat,
601 709 660 743 nisi
685 721 738 744 vos
761 710 917 756 vestrique
940 722 1008 744 suc-

223 781 233 788 ·
253 771 396 794 cessores
423 758 563 805 episcopi
592 766 716 793 sanctae
748 758 860 805 Svlrae
887 758 1007 793 Candi-

42 825 161 848 Concessio
172 832 228 846 con-

41 860 126 883 rei-endi
149 860 226 890 bapti-

41 898 119 919 simum
140 897 161 918 in
190 896 226 918 «ite

40 932 124 955 nbhan
143 933 163 954 in
181 939 224 954 ec-

39 968 105 990 etesia
117 969 139 990 S.
163 967 223 989 Pon-i

40 1007 62 1026 σί
87 1011 148 1025 sacra
177 1002 223 1024 ibi-

38 1038 87 1062 dem
105 1038 223 1068 pei-agendi

39 1075 60 1097 in
72 1074 134 1097 altari
145 1075 222 1096 maiori

37 1118 86 1133 eum
109 1111 223 1133 conduna-

38 1142 98 1164 tione
155 1142 221 1164 obla-

36 1178 120 1200 tionum
171 1187 221 1201 om-

37 1213 96 1236 nium

253 809 311 843 dae
345 807 508 843 Ecclesiae
544 807 575 841 in
605 816 802 853 perpetuum.
843 808 1006 842 Concedi—

251 870 322 892 mus
344 864 459 897 autem,
482 864 513 891 et
545 856 772 891 confirmamus
799 856 888 891 vobis
906 885 915 901 ,
953 870 1005 892 ve-

251 907 386 953 strisque
413 906 649 940 successoribus
672 906 700 939 in
725 914 912 952 perpetuum
937 920 1005 941 san-

250 963 335 990 ctum
359 955 442 990 diem
471 955 569 990 sabati
593 955 629 988 ad
651 955 803 1001 Baptismi
828 968 1004 1000 sacranti-n-

248 1011 314 1039 tum
338 1005 561 1039 celebrandum
597 1013 625 1038 et
655 1012 752 1038 totuin
791 1005 926 1038 officium
957 1006 1003 1038 sa-

248 1053 397 1088 ciendum
422 1055 453 1088 in
482 1053 612 1088 ecclesia
636 1053 722 1087 Beati
748 1054 830 1087 Petri
855 1055 1000 1100 apostoli,

247 1111 279 1138 et
305 1116 397 1150 supra
422 1115 570 1149 magnum
599 1104 705 1143 altare,
729 1103 756 1136 in
781 1115 843 1149 qno
868 1111 930 1137 toto
954 1117 1002 1138 ve-

247 1153 376 1187 nerabili
401 1153 506 1194 altare,
529 1164 586 1187 seu
612 1153 642 1185 in
671 1152 883 1196 confessione,
906 1154 999 1200 quic-

247 1202 324 1249 quid
357 1203 437 1247 anri,
469 1202 517 1236 vel
544 1202 675 1247 argenti,
705 1202 788 1248 pallii
818 1202 863 1236 vel
898 1215 998 1243 cerae,

245 1252 311 1286 sive
332 1252 462 1286 aliarum
487 1264 590 1286 rernm
614 1251 765 1298 positum,
784 1251 828 1285 vel
845 1251 998 1291 oblatum,

246 1301 294 1336 vel
318 1301 467 1336 iactatum
491 1300 595 1341 fuerit,
617 1300 664 1334 vel
689 1300 776 1335 iobis
796 1301 945 1335 oblatum.
960 1301 999 1335 ali

245 1349 321 1385 liora
357 1351 500 1385 videlicet
526 1350 587 1384 diei
624 1349 740 1390 tertia,
774 1363 833 1396 qna
875 1351 997 1395 ingredi

245 1400 410 1434 ecclesiam
439 1400 478 1434 ad
513 1398 747 1440 ordinandum,
775 1407 805 1433 et
843 1413 997 1445 peragen-

245 1448 321 1483 dum
354 1449 473 1484 dictum
508 1448 646 1483 officium
682 1460 737 1482 vos
776 1448 932 1492 volumus,
968 1458 997 1483 et

245 1510 411 1545 usquequo
446 1506 572 1532 sanctae
602 1496 786 1532 dominicae
823 1497 884 1531 dici
920 1498 998 1532 niis-

243 1559 310 1582 sani
333 1548 532 1595 expleveritis
559 1559 615 1594 per
636 1556 756 1581 vestros
790 1547 937 1581 custodes
966 1548 995 1581 iu

242 1605 390 1638 vestram,
414 1605 653 1642 vestrorumque
687 1608 918 1635 successorum,
947 1609 998 1631 re-

243 1654 328 1681 mota
350 1647 436 1681 omni
459 1645 708 1680 contradictione
725 1673 732 1685 ,
768 1646 871 1679 veniat
908 1654 997 1692 pote-

242 1703 372 1737 statem,
395 1704 426 1730 et
452 1696 525 1743 quia
540 1695 577 1730 ad
598 1703 723 1741 tenipus
746 1695 996 1741 praedecessoris

242 1745 340 1780 nostri
380 1745 498 1780 domini
536 1744 664 1779 Ioannis
696 1747 739 1789 (t)
772 1745 804 1778 in
838 1746 994 1791 praedicta

244 1794 377 1829 ecclesia
399 1794 507 1830 Sancti
530 1793 627 1834 Petri,
655 1805 671 1828 a
694 1806 754 1840 qua
777 1806 858 1840 pene
885 1806 996 1829 omnes

243 1843 403 1879 Ecclesiae
425 1844 599 1878 doctrinam
626 1852 840 1890 acceperuut,
871 1845 952 1877 sicut
979 1856 993 1878 a

243 1893 389 1938 magistra
412 1901 443 1928 et
469 1893 608 1933 domina,
644 1892 710 1926 dies
737 1892 901 1927 Dominica
924 1893 996 1927 Pat-

243 1954 379 1983 marum,
397 1950 429 1977 et
449 1942 517 1976 dies
538 1942 664 1977 Coenae
687 1941 831 1983 Domini,
848 1949 879 1976 et
901 1942 996 1976 Para-

244 2003 335 2026 sceve
362 1992 575 2026 inreverenter
611 1991 838 2030 celebrantur,
878 1999 910 2025 ut
938 2005 995 2027 nec

243 2042 402 2088 processio
424 2053 495 2076 cuin
525 2041 636 2087 palmis
663 2041 694 2074 in
719 2042 783 2086 ipsa
806 2040 856 2074 die
891 2042 995 2075 donii-

242 2090 312 2124 nica
332 2090 373 2124 ibi
394 2091 492 2129 fieret,
508 2103 566 2125 nec
588 2091 618 2124 in
641 2090 692 2123 die
714 2090 839 2123 Coenae
865 2090 993 2124 Domini

242 2138 348 2174 Gloria
373 2140 402 2173 in
430 2140 565 2174 excelsis
595 2139 662 2173 Deo
690 2139 871 2183 dicei-etur,
907 2149 935 2174 ct
964 2141 992 2174 in

241 2188 413 2223 parasceve
441 2202 503 2223 non
533 2198 593 2223 tam
621 2197 809 2225 reverenter,
838 2198 871 2223 ut
902 2189 994 2224 dece-

241 2237 304 2281 bat,
333 2239 470 2272 osticium
495 2238 536 2272 ibi
564 2238 677 2277 fiebat3
709 2237 941 2282 condoluimus,
965 2247 993 2273 et

242 2288 408 2322 meliorare
431 2288 491 2322 lioc
505 2287 670 2334 cupientes
692 2299 748 2334 per
769 2299 834 2325 vos,
858 2299 994 2322 vestros-

241 2349 303 2384 que
324 2349 525 2372 successores
558 2344 746 2379 statuimus,
779 2345 861 2371 sicut
894 2346 993 2371 statn-

240 2394 320 2428 tum,
347 2395 377 2420 et
404 2398 603 2426 concessum,
626 2394 656 2419 et
683 2386 901 2420 confirmatum
939 2400 993 2421 vo-

239 2435 290 2470 bis
316 2444 361 2470 est
389 2436 428 2470 ab
462 2436 571 2470 eodem
600 2435 840 2482 praedecessore
875 2444 992 2477 nostro,

239 2492 274 2520 ut
306 2485 391 2519 omni
420 2497 502 2519 anno
541 2485 591 2519 dic
618 2484 785 2519 Dominica
812 2485 990 2519 Palaiai-nni

239 2546 312 2569 cum
341 2535 541 2581 processione
563 2534 601 2569 ab
623 2534 754 2569 ecclesia
775 2534 910 2569 Sanciae
933 2535 992 2569 Ma-

240 2584 305 2618 riae
329 2585 359 2618 in
387 2584 511 2618 Termis
548 2584 676 2625 exeatis,
711 2593 740 2618 et
767 2585 927 2619 venientes
954 2585 990 2618 ad

275 2654 315 2690 (t)
332 2654 502 2682 Confirmatio
521 2655 699 2683 concessionis
718 2656 823 2683 Ioannis
848 2657 914 2683 XIX
941 2657 990 2683 ΡΡ.

240 2695 373 2728 Videsup.

1054 414 1159 448 liretiS.
1177 414 1340 458 Similiter,
1356 424 1384 449 et
1403 416 1487 449 omni
1503 429 1585 450 anno
1602 417 1652 451 die
1676 416 1802 452 Coenae

1053 463 1179 497 Domini
1210 477 1263 510 per
1289 477 1343 499 vos
1383 474 1566 512 vestrosque
1601 478 1802 502 successores

1053 514 1179 547 missam
1207 526 1303 560 super
1338 514 1433 548 altare
1468 515 1573 549 Sancti
1597 515 1679 549 Petri
1718 516 1802 551 cele-

1052 562 1151 602 brare,
1174 562 1278 597 Gloria
1299 563 1328 597 in
1353 564 1485 598 excelsis
1507 564 1573 599 Deo
1595 565 1713 609 dicere,
1727 577 1802 600 san-

1050 620 1134 646 ctum
1163 611 1307 647 Clirisma
1335 615 1502 657 conticere,
1525 623 1554 648 et
1576 626 1655 660 quae
1678 614 1715 649 ad
1738 617 1803 662 cpi-

1049 673 1179 707 scopuu]
1209 661 1374 707 pertinent,
1413 674 1505 707 agere
1538 664 1694 699 volumus.
1736 664 1800 699 Seu

1049 711 1134 744 omni
1159 723 1242 744 anno
1269 711 1319 744 die
1353 711 1522 746 l'arasreve
1562 724 1656 759 supra
1695 715 1799 761 ipsum

1047 759 1143 794 altare
1188 760 1289 794 maius
1323 759 1430 794 Sancti
1465 761 1548 795 Petri
1587 770 1686 796 totum
1725 764 1799 798 olfi-

1047 809 1130 842 cium
1167 818 1354 847 reverenter,
1403 819 1435 843 ut
1483 823 1536 843 vos
1579 811 1669 845 dccet
1687 839 1696 855 7
1746 824 1799 847 ve-

1046 866 1190 904 strosque
1216 870 1430 897 successores,
1460 858 1589 901 faciam,
1617 861 1646 894 in
1684 861 1798 908 quibus

1046 907 1145 941 triliiis
1183 908 1303 948 missis,
1342 909 1440 953 prima
1469 909 1498 942 in
1535 910 1627 943 missa
1665 910 1798 945 Palma-

1045 969 1127 992 rnm,
1150 969 1207 990 scu
1230 957 1258 989 in
1288 958 1379 990 inissa
1403 957 1529 992 (leenae
1550 959 1679 993 Domini
1703 960 1733 994 in
1757 960 1798 994 of-

1045 1005 1313 1049 sieioparasceve,
1332 1006 1480 1054 quicquid
1504 1008 1569 1041 auri
1593 1009 1638 1042 vel
1662 1009 1795 1056 argenti,

1044 1055 1141 1101 pallii,
1169 1068 1221 1088 sen
1250 1067 1338 1089 cerae
1360 1056 1406 1090 vel
1432 1056 1560 1090 aliarum
1591 1070 1693 1092 rernm
1732 1071 1795 1093 su-

1044 1117 1096 1149 pra
1121 1105 1180 1138 iam
1204 1104 1289 1138 dicto
1310 1105 1406 1139 altare
1428 1105 1571 1151 S.Petri7
1594 1107 1707 1142 sivein
1723 1121 1798 1143 con-

1044 1153 1177 1187 sessione
1206 1154 1354 1199 positum,
1377 1162 1429 1188 aut
1453 1156 1597 1190 iactatum
1621 1157 1725 1202 suerit,
1749 1157 1796 1193 vel

1041 1203 1130 1238 robis
1153 1203 1291 1252 oblatum
1319 1203 1357 1237 ab
1386 1204 1473 1247 liora,
1508 1218 1566 1251 qua
1596 1206 1681 1253 ipsae
1715 1208 1796 1242 mis-

1041 1264 1104 1296 sae,
1127 1261 1155 1287 et
1184 1252 1284 1286 officia
1308 1253 1449 1287 inchoata
1467 1254 1594 1299 suerint,
1617 1264 1647 1290 ct
1668 1257 1795 1304 expleta

1041 1314 1096 1348 per
1117 1311 1236 1336 vestros
1257 1303 1404 1336 custodes
1428 1303 1457 1336 in
1482 1312 1614 1338 vestram
1630 1333 1637 1345 ,
1673 1314 1794 1341 vestro-

1041 1363 1175 1397 rumque
1213 1363 1455 1391 succcssoruin,
1496 1353 1639 1388 similiter
1674 1364 1794 1390 remota

1039 1401 1124 1433 omni
1149 1401 1409 1444 contradictione,
1432 1402 1576 1436 deveniat
1596 1412 1794 1450 potestatem,

1039 1449 1068 1482 in
1098 1449 1213 1496 quibus
1240 1451 1382 1496 quinque
1409 1451 1533 1491 dielnis,
1560 1452 1585 1486 si
1621 1453 1711 1488 vobis
1738 1466 1794 1488 ve-

1038 1499 1173 1545 strisque
1196 1499 1435 1534 successoribus
1458 1501 1532 1535 utile
1560 1501 1658 1536 visum
1688 1503 1793 1545 fuerit,

1038 1548 1174 1594 aliquem
1198 1548 1403 1582 diaconorum
1419 1558 1596 1584 nostrorum
1613 1552 1793 1588 ministrare

1038 1597 1077 1631 ob
1106 1598 1256 1631 honorem
1279 1597 1314 1632 S.
1342 1597 1426 1633 Petri
1458 1609 1486 1633 ct
1524 1609 1658 1635 vestram
1700 1614 1792 1637 reve-

1039 1648 1171 1681 rentiam
1194 1647 1356 1681 volnmns:
1372 1657 1568 1694 parentatum
1585 1659 1689 1685 autem
1706 1651 1792 1686 eius-

1038 1696 1108 1730 dem
1137 1696 1287 1731 ccclesiae
1323 1696 1356 1731 S.
1388 1697 1485 1737 Petri,
1525 1707 1554 1733 et
1591 1701 1794 1747 supradicto-

1037 1758 1106 1779 rum
1130 1758 1257 1780 suorum
1282 1754 1556 1788 monasteriorum,
1587 1757 1618 1782 et
1651 1751 1792 1785 mansio-

1037 1795 1196 1829 nariorum
1221 1795 1361 1829 omnium
1385 1797 1583 1832 mansionum
1607 1798 1713 1833 Sancti
1729 1799 1792 1834 Pe-

1037 1844 1088 1885 tri,
1107 1857 1161 1879 seu
1185 1845 1281 1879 totins
1302 1845 1435 1880 civitatis
1457 1846 1617 1882 Leoninae
1635 1848 1724 1883 vobis
1741 1862 1790 1884 ve-

1036 1895 1171 1940 strisque
1194 1895 1431 1929 successoribus
1453 1896 1659 1931 concedimus
1674 1906 1704 1932 et
1719 1910 1792 1933 con-

1038 1944 1222 1983 l‘irmamns‚·
1263 1944 1473 1978 inthronizare
1509 1954 1539 1980 et
1574 1946 1790 1982 incathedrare

1037 1994 1216 2038 pontificem
1246 2005 1410 2028 romanum
1446 1995 1476 2028 in
1516 1996 1686 2042 apostolica
1716 1997 1791 2032 sede

1037 2042 1135 2082 vobis,
1158 2043 1209 2088 qui
1238 2043 1410 2088 quotidiani
1440 2044 1470 2078 in
1486 2045 1612 2080 servitio
1635 2046 1668 2081 S.
1691 2046 1789 2088 Petri,

1036 2093 1276 2130 committimus,
1305 2104 1362 2126 nec
1384 2105 1445 2127 nou
1468 2094 1507 2128 ad
1536 2094 1787 2131 benedicendum

1035 2152 1106 2174 cuni
1127 2141 1195 2175 aliis
1216 2154 1271 2175 ros
1293 2142 1470 2188 specialiter
1500 2156 1724 2187 convocamus,
1746 2146 1790 2180 si-

1036 2190 1164 2236 milique
1192 2191 1287 2224 modo
1309 2190 1346 2224 ad
1371 2193 1580 2238 ungendum,
1607 2202 1638 2228 et
1675 2207 1789 2230 eonse-

1035 2240 1186 2273 crandum
1210 2240 1450 2286 imperatorem,
1474 2243 1611 2289 primum
1639 2252 1787 2287 vestram,

1035 2297 1274 2336 vestrorumque
1301 2302 1520 2326 successorum
1561 2293 1785 2340 episcoporum

1035 2338 1258 2372 fraternitatem
1291 2351 1513 2380 convocamus,
1541 2350 1576 2375 ut
1598 2342 1715 2388 quibus
1737 2355 1788 2378 re-

1034 2387 1138 2432 gimen
1167 2388 1264 2422 totius
1290 2390 1441 2423 ecclesiae
1469 2390 1503 2425 S.
1533 2390 1630 2433 Petri,
1658 2401 1687 2426 et
1710 2392 1788 2427 civi-

1035 2437 1105 2471 tatis
1125 2436 1285 2472 Leoninae
1312 2439 1517 2473 commissum
1546 2448 1593 2474 est
1612 2468 1620 2484 ,
1661 2441 1700 2476 ab
1738 2442 1787 2476 liis

1036 2486 1170 2532 primum
1195 2487 1235 2521 sit
1268 2487 1472 2529 benedictiis;
1506 2501 1564 2523 nec
1586 2502 1649 2524 non
1673 2500 1785 2526 cuncta

1033 2547 1119 2569 sacra
1147 2536 1246 2570 officia
1274 2549 1329 2571 sen
1353 2538 1538 2579 ministeria,
1558 2552 1637 2586 quae
1665 2552 1734 2582 1108,
1756 2548 1787 2576 et

1033 2597 1232 2620 successores
1273 2587 1369 2620 nostri
1410 2587 1510 2621 facere
1547 2588 1723 2631 debemus,
1759 2590 1784 2625 si

1033 2635 1229 2680 aegritudine
1257 2637 1304 2670 wl
1327 2636 1428 2683 aliqua
1456 2650 1529 2671 cura
1560 2638 1701 2685 impediti
1739 2640 1784 2674 fa-

1032 2696 1104 2720 cere
1125 2697 1189 2721 non
1211 2698 1383 2733 possumus
1402 2694 1465 2721 tam
1488 2687 1518 2722 in
1540 2688 1721 2736 supradicta
1737 2701 1786 2726 ve-

1832 295 1882 324 An.
1901 295 1931 323 C.
1948 292 2016 325 ¹037

1824 1987 1860 2008 Ius
1873 1994 2011 2008 consecun-

1825 2022 1846 2044 δί
1874 2027 1895 2043 ΡΙ.
1923 2022 2011 2044 intlirn-

1825 2059 1911 2080 nizuiidi
1966 2059 2011 2081 Ru-

1824 2101 1912 2115 mnnnin
1948 2095 2010 2116 Pon-

1824 2130 1915 2159 lilim-1113

1823 2273 1867 2294 Sim
1879 2272 1930 2294 iit-*r
1989 2277 2010 2295 et

1823 2304 1992 2334 imperatorum

1821 2525 1848 2547 Et
1865 2534 1916 2548 casu
1935 2527 2007 2557 negri-

1821 2557 1926 2581 tudininis
1959 2560 2007 2581 Ρι-

1821 2595 1870 2619 pae,
1909 2590 2008 2614 faciendi

1821 2627 1845 2641 en
1857 2622 1930 2644 omnia
1951 2629 2006 2652 quae

1821 2652 1863 2675 PP.
1877 2653 1898 2674 in
1911 2653 2006 2676 oceiesin

1819 2683 1843 2706 S.
1887 2684 1948 2707 Petri
1985 2688 2006 2708 ct
