2237 3127
191 270 245 300 An.
267 270 295 299 C.
326 270 378 299 972

222 457 347 480 molestiam

191 492 279 522 vimque
310 492 374 513 ullam

191 528 262 551 eidem
295 529 376 550 interi-e

195 565 295 594 cuiquam
337 562 376 585 sub

218 599 363 621 anathematis

192 641 263 664 poena
282 633 378 656 interdi-

192 671 260 696 citui-2

192 848 236 870 Nec
280 846 378 869 alienare

191 882 280 913 quidem
330 882 378 904 eins

191 918 255 944 bonu,
280 917 321 939 nini
350 916 377 939 nd

191 953 304 976 meliorem
315 960 378 974 tom-

207 989 359 1011 mutationem.

191 1474 282 1496 Abbatia
299 1476 321 1496 S.
339 1476 376 1497 Ti-

190 1511 273 1533 mothei
305 1510 377 1533 eidem

191 1546 311 1569 subiicitur
329 1547 376 1569 ho-

191 1582 253 1612 spitii
270 1590 346 1606 causa.

223 1971 344 1994 'mathema

193 2012 270 2029 cunti-u
304 2008 374 2030 inub-

191 2047 314 2066 servantes.

465 273 535 307 430

412 339 472 374 ciis
493 345 522 372 ct
544 332 804 371 habitationibus,
827 329 981 366 thesauris
1011 337 1040 363 et
1075 340 1164 363 orua-

413 387 538 424 mentis,
560 392 589 418 et
611 381 802 430 quibuslibet
825 379 980 426 pecuniis.
1008 378 1162 412 Statuen-

413 444 458 471 tes
480 434 538 469 snb
560 433 655 467 dirini
681 429 1023 472 111111011011105131101107
1038 434 1068 462 et
1084 439 1162 460 ana-

410 483 557 518 thematis
579 480 689 515 xalitlis
712 477 997 516 interdictionibus,
1023 484 1055 510 ut
1078 488 1161 510 nuu-

409 546 517 580 quam,
540 542 639 576 neque
664 529 745 563 ullus
774 540 838 571 rex,
866 539 968 573 neque
995 525 1159 570 archiepi—

408 594 522 628 scopus
534 579 582 614 vel
594 579 764 626 episeopus
777 577 822 611 vel
836 576 929 611 etiam
945 573 1159 621 quorumlibet

407 631 571 666 homiuum
589 640 710 673 magna,
735 638 889 673 parvaque
905 636 1050 671 persona,
1066 635 1158 670 prae-

405 687 511 714 sumat
532 679 635 713 eidem
650 675 931 711 archimonasterio
949 673 988 707 ad
1006 672 1156 707 damnum

405 730 471 763 sive
495 727 668 763 molestiam
693 724 884 763 incumbere,
907 723 972 757 sive
999 721 1037 756 de
1066 721 1159 756 rebus

405 786 435 812 et
458 776 712 824 possessionibus
734 774 833 820 ipsius
854 772 990 811 auferre,
1023 778 1054 805 et
1082 770 1159 804 alie-

404 839 491 862 nare.
519 826 763 870 promulgamus
789 831 908 865 autem,
930 820 1033 855 ethoc
1048 827 1159 854 311010-

404 878 495 911 ritate
521 875 558 909 B.
581 875 665 910 Petri
703 872 917 918 apostolorum
941 868 1104 917 priucipiS,
1128 876 1156 903 et

406 938 461 972 per
486 926 581 960 huius
603 923 701 959 nostri
725 921 887 968 apostolici
914 918 1158 966 privilegiicon-

403 975 619 1014 stitutionem,
654 980 687 1007 ut
714 972 817 1005 onmia
852 981 932 1016 quae
959 980 975 1002 a
1003 976 1031 1002 te
1060 968 1105 1001 1·οΙ
1140 979 1157 1002 a

403 1023 599 1071 quibuslibet
629 1019 887 1057 christifidelibus
922 1017 1024 1053 eidem
1048 1016 1157 1051 archi—

403 1073 594 1107 monasterio
617 1071 730 1105 ‹lonata
758 1078 830 1103 sunt
863 1067 909 1102 rel
953 1067 985 1100 iu
1017 1066 1155 1101 futurum

402 1123 516 1157 donata
545 1122 671 1160 fuerint7
696 1120 782 1153 1111113
805 1117 971 1151 stabilitate
990 1115 1028 1150 ad
1052 1116 1100 1150 ius
1127 1124 1157 1149 et

402 1171 577 1206 dominium
604 1171 702 1216 ipsius
726 1175 945 1214 permaneant:
975 1176 1032 1199 nec
1053 1164 1156 1199 liceu-

403 1222 443 1254 tia
471 1222 510 1255 sit
533 1221 680 1266 cuiquam
706 1217 834 1256 homiui,
859 1216 907 1249 vel
943 1213 1085 1249 conferre
1109 1216 1154 1257 (t)

404 1270 451 1304 vet
474 1271 610 1304 alienare
639 1268 714 1314 quid
738 1279 773 1300 ex
797 1264 944 1299 omnibus
966 1275 1046 1310 quae
1065 1263 1103 1297 ad
1123 1263 1157 1297 il-

402 1318 455 1353 lud
479 1319 648 1365 pertinent,
678 1317 735 1350 nisi
763 1315 801 1348 ad
838 1325 1037 1348 communem
1067 1312 1155 1346 utili-

402 1375 497 1402 tatem
536 1366 744 1401 roborandam
775 1365 921 1402 iustitiae,
955 1370 985 1396 et
1022 1362 1153 1407 gratiam

402 1418 614 1464 competentis
650 1413 914 1449 eiimmutationis.
937 1411 1072 1457 Insuper
1093 1411 1155 1445 ab-

404 1466 517 1500 batiani
541 1465 640 1500 sancti
664 1463 821 1498 Timothei
844 1474 938 1508 quain
961 1460 1062 1494 eidem
1086 1472 1154 1494 san-

403 1523 453 1550 cto
476 1514 621 1560 Remigio
654 1513 691 1547 ad
721 1524 811 1546 usum
849 1509 1068 1556 hospitalitatis
1104 1518 1154 1543 tua

403 1564 511 1610 largita
534 1572 582 1598 est
608 1562 773 1601 industria,
807 1568 963 1606 quatenus
985 1570 1056 1593 011111
1080 1566 1154 1593 tuo-

402 1625 471 1647 rum
489 1622 553 1648 tuin
581 1613 674 1647 etiam
699 1622 930 1652 succi-ssorum,
953 1615 1046 1654 atque
1078 1619 1153 1642 1110-

403 1662 589 1706 nachorum,
617 1661 656 1695 ad
678 1660 849 1706 hospitium
879 1657 1067 1701 necessaria,
1089 1664 1153 1691 rata

403 1711 620 1746 benevolentia
657 1722 719 1744 non
761 1708 932 1748 deficiant,
971 1705 1068 1741 abbas
1094 1705 1154 1740 loci

403 1760 576 1807 provideat,
598 1767 691 1806 atque
713 1757 751 1792 ad
767 1768 968 1792 communem
989 1755 1152 1789 utilitatem

401 1809 587 1845 distribuat:
612 1810 652 1843 ita
672 1808 845 1849 dumtaxat,
873 1818 911 1840 ne
939 1804 1154 1850 archiepisco-

403 1859 482 1906 palis
503 1858 661 1893 affluentia
684 1858 714 1890 in
737 1856 805 1890 suis
827 1855 974 1896 nimium,
989 1866 1048 1887 non
1064 1861 1155 1899 prout

402 1909 483 1943 serre
515 1907 605 1942 locus
639 1906 758 1953 possit,
780 1904 918 1939 excedat.
940 1903 975 1938 Si
1002 1903 1073 1950 qsis
1098 1914 1155 1937 au-

402 1964 482 1998 tem,
505 1957 588 2005 quod
612 1968 675 1990 11011
714 1963 877 2001 optamus,
906 1952 1025 1987 nefario
1059 1964 1153 1992 ausu,

402 2015 510 2042 contra
547 2006 641 2040 liuius
678 2004 776 2039 nostri
803 2002 967 2050 apostolici
1002 2000 1153 2048 privilegii

404 2057 548 2103 paginam
570 2055 675 2090 sciens
697 2066 788 2098 agere
805 2050 1062 2099 praesumpserit,
1077 2052 1154 2084 sciat

401 2117 435 2140 se
455 2105 527 2144 Dei,
549 2113 579 2139 et
601 2103 700 2139 sancti
722 2102 806 2136 Petri
834 2101 1049 2148 apostolorum
1066 2100 1154 2146 prin-

402 2155 492 2201 cipis,
515 2161 704 2199 nostraeque
731 2150 917 2185 humilitatis
952 2148 1071 2183 iudicio
1098 2160 1154 2183 ex-

402 2203 687 2241 communicatum,
722 2201 818 2235 immo
857 2198 1151 2234 anathematizatum

402 2264 474 2288 cum
497 2252 624 2286 diabolo
658 2258 689 2285 et
721 2249 869 2283 omnibus
891 2249 1008 2295 impiis,
1036 2247 1154 2294 quibus

403 2309 606 2348 praeparatus
633 2307 680 2334 est
706 2299 862 2333 eruciatus
895 2306 1053 2333 aeternus.
1089 2295 1152 2338 Qui

402 2362 475 2385 vero
498 2350 549 2397 pio
572 2349 686 2384 intuitu
716 2348 792 2382 hacc
825 2347 990 2381 observare
1031 2354 1061 2380 et
1095 2357 1153 2380 011-

401 2400 518 2434 stodire
540 2398 705 2438 studuerit,
725 2409 741 2431 a
763 2395 1058 2431 misericordissimo
1086 2394 1153 2429 Do-

402 2449 489 2482 mino
510 2448 577 2483 Deo
600 2456 706 2482 nostro
729 2445 959 2481 benedictionis
978 2444 1107 2491 gratiam
1123 2452 1153 2478 et

401 2506 546 2532 aeternae
574 2497 656 2531 vitae
693 2496 824 2542 gloriam
852 2495 933 2529 iuter
967 2501 1092 2529 sanctos
1122 2500 1153 2528 et

403 2546 520 2582 electos
541 2547 690 2592 consequi
713 2552 879 2580 mereatur.

451 2595 575 2642 Scripta
602 2608 657 2641 pei·
679 2607 792 2629 manus
820 2593 972 2642 Stephani
999 2592 1151 2629 scriniarii

437 2653 477 2688 (¹)
493 2654 552 2686 Leg.
573 2652 678 2679 auferre

1014 274 1202 298 BULLAntml
1225 273 1389 296 nmmum

1203 334 1328 362 sanctae
1350 338 1497 361 romanae
1509 324 1683 369 Ecclesiae,
1698 323 1729 360 in
1745 336 1854 360 mense
1871 324 1954 371 apri—

1202 377 1251 420 tis,
1279 375 1387 410 indict.
1417 387 1473 409 xV.
1500 375 1616 409 Datum
1645 386 1699 420 per
1730 386 1859 408 manum
1888 375 1955 408 An·-

1201 427 1285 461 dreae
1306 425 1446 472 episcopi
1475 436 1538 458 vin
1569 422 1717 458 kalendas
1753 424 1837 463 maii,
1871 435 1953 457 anno

1203 475 1402 522 pontificatus
1424 473 1543 507 domini
1560 472 1656 507 nostri
1671 471 1797 506 loannis
1819 472 1953 506 sanctis-

1201 525 1271 559 simi
1299 531 1330 558 et
1366 523 1446 558 tertii
1470 522 1583 557 decimi
1612 533 1711 567 papae
1733 533 1804 562 vm,
1829 520 1952 567 imperii

1200 581 1304 608 autem
1321 572 1442 607 domini
1456 570 1584 606 Ottonis
1605 570 1732 605 Maioris
1755 569 1889 615 Augusti
1905 582 1952 608 xl,

1203 621 1337 658 [unioris
1359 634 1431 656 vero
1453 633 1485 665 v,
1520 621 1551 655 in
1571 631 1680 654 meuse
1706 631 1751 659 iv,
1782 619 1953 653 indictione

1200 671 1444 719 quintadecima.

1259 727 1322 758 Dat.
1344 727 1391 757 die
1413 727 1450 756 24
1469 725 1570 764 aprilis
1590 734 1666 754 auno
1684 724 1802 754 Domini
1823 724 1891 762 972,

1370 767 1473 807 pontit.
1491 765 1609 796 Ioannis
1629 774 1705 794 anno
1726 773 1787 794 vm.

1537 915 1623 951 xvi.

1201 990 1424 1024 ittonaseerium
1453 989 1563 1022 Sancti
1587 989 1762 1022 Salvatoris
1791 989 1952 1033 Papt'ensis

1248 1041 1286 1073 ab
1326 1040 1490 1083 Adelayda
1518 1039 1710 1082 imperatrice
1750 1047 1895 1075 ereetum,
1925 1046 1951 1070 et

1247 1091 1399 1129 dotatum,
1425 1089 1617 1132 protectioni,
1640 1100 1701 1120 non
1727 1096 1831 1120 aulem
1853 1088 1951 1121 iuris-

1246 1138 1376 1171 (Ii'eti'oni
1416 1137 1549 1182 episcopi
1592 1137 1754 1181 Pupiensis
1783 1137 1950 1170 committi-

1248 1195 1298 1221 tur
1321 1189 1377 1231 (l).

1467 1249 1682 1281 SUMMARIUM

1198 1309 1365 1339 Exordium.
1381 1325 1421 1331 —
1443 1308 1587 1338 Fundatio
1604 1306 1776 1337 monasterii
1793 1316 1882 1346 prope
1896 1307 1950 1337 Ti-

1237 1350 1386 1378 cinensem
1411 1349 1488 1377 civit.
1520 1348 1555 1377 ab
1583 1347 1723 1376 Adelaide
1753 1347 1808 1376 sub
1837 1348 1866 1377 S.
1891 1347 1948 1377 Be-

1236 1389 1343 1417 nedicti
1375 1388 1491 1425 regula3
1525 1392 1552 1417 et
1587 1387 1704 1416 dotatio.
1735 1403 1775 1408 —
1808 1386 1948 1417 Eiusdem

1236 1429 1433 1466 imperatricis
1457 1436 1559 1466 preces
1586 1426 1687 1455 10311111
1710 1426 1764 1455 PP.
1788 1431 1949 1465 porrectae.

1234 1485 1274 1489 —
1291 1467 1438 1506 Exeinptio
1458 1467 1627 1497 [nonasterii
1646 1476 1662 1495 a
1677 1466 1881 1496 iurisdictione
1898 1476 1951 1496 cu-

1236 1507 1411 1544 iuscumque
1431 1507 1562 1546 episcopi
1581 1511 1608 1535 et
1626 1506 1797 1542 saceidotis,
1816 1516 1848 1535 ac
1864 1515 1950 1545 prae-

1236 1547 1335 1575 sertim
1353 1547 1529 1583 Tieiuensis3
1544 1545 1649 1580 —Qui
1664 1545 1875 1575 monasterium
1890 1555 1948 1576 non

1235 1587 1320 1615 adeat
1343 1587 1398 1615 nisi
1418 1591 1546 1624 rogatus.
1562 1602 1601 1607 —
1622 1586 1648 1614 ὃ.
1667 1584 1835 1614 Clausulae.

1195 1648 1293 1677 Ioannes
1314 1647 1433 1685 episeopus
1454 1655 1533 1675 serius
1549 1655 1664 1675 servorum
1686 1645 1737 1683 Dei,
1761 1645 1829 1675 Petro
1852 1654 1948 1676 venera-

1235 1686 1276 1716 bili
1299 1687 1405 1725 episeopo
1419 1690 1512 1715 sanetae
1526 1686 1655 1715 'ticinensis
1669 1685 1801 1724 Ecclesiae,
1817 1686 1925 1716 salutem.

1244 1748 1326 1784 Cum
1350 1749 1399 1795 pie
1427 1748 1620 1783 desiderium
1642 1748 1810 1783 voluntatis
1831 1756 1861 1783 et
1883 1748 1950 1783 lau-

1196 1798 1316 1833 dandae
1340 1797 1515 1834 devotionis
1537 1797 1671 1833 intentio
1698 1797 1947 1833 sacerdotalibus

1195 1849 1233 1882 sit
1256 1860 1380 1893 semper
1401 1846 1514 1882 studiis
1537 1846 1726 1888 adiuvanda,
1749 1859 1823 1882 cura
1837 1855 1884 1881 est
1899 1859 1949 1882 so-

1197 1897 1351 1931 licitudini
1374 1895 1550 1931 adhibenda
1567 1904 1599 1930 ut
1620 1908 1654 1931 ea
1674 1908 1754 1942 quae
1769 1908 1825 1943 pro
1841 1896 1947 1942 quiete

1196 1946 1358 1991 religiosae
1380 1945 1634 1992 congregationis
1662 1945 1775 1979 fuerint
1790 1945 1947 1990 ordinata,

1196 2007 1253 2029 nee
1276 1995 1485 2030 dissimulatio
1513 1994 1684 2040 negligere,
1713 2006 1771 2029 nec
1792 1994 1946 2042 quaedam

1197 2044 1294 2078 valeat
1317 2043 1530 2091 praesumptio
1545 2044 1746 2090 perturbare:
1769 2043 1888 2078 scilicet
1908 2044 1949 2078 si-

1196 2101 1249 2128 eut
1263 2093 1322 2127 hoc
1344 2093 1428 2140 quod
1452 2093 1582 2128 rationis
1605 2093 1702 2139 exigit
1719 2093 1837 2128 utilitas
1852 2105 1948 2140 opor-

1196 2150 1238 2177 tet
1259 2142 1396 2183 definiri‚
1415 2142 1455 2177 ita
1477 2141 1562 2189 quod
1585 2142 1749 2177 definitum
1778 2142 1947 2177 fueritnon

1195 2191 1287 2226 debet
1309 2191 1428 2226 violari.
1459 2192 1498 2225 Et
1540 2191 1611 2238 quia
1646 2190 1946 2239 praecellentissima

1194 2240 1257 2275 filia
1279 2248 1385 2275 nostra
1407 2240 1559 2275 Adheleis
1579 2239 1722 2286 Augusta
1743 2240 1840 2275 divini
1857 2252 1947 2275 amo-

1195 2290 1238 2324 ris
1258 2289 1378 2324 fervore
1400 2302 1563 2328 succensa,
1583 2302 1645 2324 non
1661 2290 1754 2336 longe
1772 2302 1788 2324 a
1816 2290 1947 2324 moeni·-

1195 2339 1254 2373 bus
1282 2338 1459 2373 Ticinensis
1498 2339 1630 2373 civitatis
1663 2338 1889 2374 monasterium
1911 2339 1944 2374 in

1195 2387 1330 2435 propriis
1352 2388 1526 2430 constituit,
1553 2395 1741 2435 sanctosque
1763 2400 1799 2423 ac
1820 2399 1948 2423 venera-

1194 2437 1273 2472 biles
1294 2436 1477 2471 coenobitas
1498 2436 1614 2472 ibidem
1644 2437 1866 2484 undecumque
1887 2449 1946 2484 po-

1196 2487 1253 2521 tuit
1274 2485 1422 2531 colligere
1445 2486 1582 2520 curavit:
1605 2486 1658 2534 qui
1682 2487 1850 2521 insanctae
1865 2498 1946 2521 con-

1194 2535 1377 2571 versationis
1400 2536 1560 2582 proposito
1580 2535 1755 2570 secundum
1771 2535 1945 2570 beatissimi

1193 2584 1357 2619 Benedicti
1381 2596 1522 2618 normam
1545 2585 1720 2631 regularem
1747 2585 1806 2620 sub
1832 2584 1946 2621 abbate

1229 2650 1268 2686 (t)
1284 2651 1375 2685 Nuper
1395 2653 1465 2676 erut.
1482 2657 1516 2677 ex
1532 2649 1643 2677 Archiv.
1660 2650 1746 2677 Vatic-

1979 265 2032 293 ΑΒ.
2054 264 2083 293 C.
2112 265 2164 294 972

2014 1762 2140 1786 Exordium.

1975 2218 2083 2241 Fundatio
2105 2226 2159 2242 mo-

1975 2254 2067 2276 nasterii
2089 2262 2161 2285 propo

1974 2289 2116 2312 'ficinensem
2127 2291 2160 2313 ci-

1975 2325 2015 2348 vit.
2043 2325 2071 2348 ab
2096 2325 2157 2348 Ade-

1973 2360 2032 2384 laide
2063 2360 2102 2383 nub
2134 2362 2158 2384 S.

1974 2395 2088 2420 Benedicti
2123 2405 2160 2419 re-

1974 2432 2032 2462 gula3
2055 2435 2078 2455 et
2095 2431 2160 2455 dotu-

1975 2469 2016 2492 tto.
