2237 3127
59 304 108 331 An.
125 302 154 330 C.
170 302 240 330 1052

267 352 456 402 episcopum
485 354 585 395 decet,
613 354 761 400 disponas
779 361 808 388 et
844 353 1017 399 dispenses.

267 403 467 439 Clericoruin
491 418 602 439 causas
623 414 651 439 et
681 404 804 449 negotia
836 403 874 437 ad
908 415 1020 437 saecu-

267 453 350 489 lares
372 455 528 493 homines,
553 462 583 488 et
605 466 712 488 eornm
741 453 852 487 iudicia
888 453 1019 486 transire

268 515 333 538 non
362 504 553 542 consentias,
578 503 634 538 sed
656 511 687 537 tu
715 503 781 549 ipse
803 510 833 536 et
855 514 1019 535 successo-

269 565 319 587 res
342 554 385 588 tui
419 554 578 596 audiatis,
611 561 641 587 et
667 552 819 586 canonice
851 551 1017 585 definiatis.

269 602 309 636 Et
332 603 405 650 quia
434 603 586 637 malorum
628 610 790 648 pectorum
827 601 1017 645 negligentia

267 652 360 686 simul
383 660 413 687 et
437 652 574 699 nequitia
603 658 806 685 monumenta
828 650 1018 690 chartarum,

267 702 317 736 vel
343 702 502 748 privilegia
524 710 759 735 antecessorum
780 710 971 738 nostrorum,
990 707 1018 732 et

267 752 292 786 si
315 764 374 798 qna
397 759 471 786 sunt
498 750 556 785 alia
571 750 790 787 instrumenta,
814 749 928 795 quibus=
945 761 1016 794 pns-

267 802 426 835 sessiones
452 808 483 834 et
510 800 590 834 bona
614 799 713 844 ipsius
736 799 937 844 episcopatus
960 798 1018 831 tir-

269 850 437 884 mabantur
458 857 489 884 et
527 848 765 888 retinebantur,
800 857 851 881 ant
887 847 1018 893 perdita,

267 908 321 934 aut
342 899 501 934 subtracta
529 897 624 932 fuisse
647 906 784 940 constat,
809 909 862 943 per
885 897 945 931 hoc
967 909 1020 930 no-

267 956 349 983 strae
379 948 573 983 auctoritatis
614 947 810 992 privileg-{ium
847 946 1017 981 sancimnS.

254 1001 303 1033 *ut
335 998 413 1032 nihil
441 998 501 1032 hoc
530 996 684 1044 praefatae
706 995 867 1030 Ecclesiae
897 1003 1018 1035 noceat,

269 1047 323 1082 sed
341 1048 424 1081 iuxta
449 1047 531 1093 quod
555 1046 630 1081 Otto
647 1047 817 1092 imperator
834 1044 1018 1079 Grimnahlo

267 1097 410 1132 eiusdem
439 1097 601 1132 Ecclesiae
640 1096 790 1142 episcopo
830 1095 922 1127 etiam
966 1106 1019 1140 per

267 1156 471 1194 praeceptum
494 1146 602 1189 edixit,
631 1145 822 1190 ubicumque
850 1144 1019 1187 necessitas

268 1206 297 1230 et
322 1197 439 1231 iustitia
467 1197 567 1242 ipsius
589 1196 789 1242 episcopatus
823 1194 924 1233 fuerit,
959 1193 1018 1227 sub

269 1246 506 1291 interpositione
529 1245 726 1282 sacramenti,
745 1256 799 1290 per
814 1256 938 1277 veraces
963 1243 1020 1277 ho-

267 1296 384 1334 mines,
413 1304 475 1330 tam
505 1296 631 1339 divites,
658 1307 749 1341 quam
779 1293 869 1327 etiam
894 1292 1019 1326 medio—

267 1357 349 1389 cres,
376 1358 456 1392 quos
479 1345 561 1379 idem
596 1345 767 1392 episcopus
793 1343 1017 1377 denominare-

269 1395 319 1434 rit,
357 1394 387 1429 in
415 1395 644 1442 cuiuscumque
676 1401 827 1438 potestate
861 1392 923 1430 sit,
952 1392 1017 1439 ipsa

267 1444 386 1479 iustitia
408 1445 594 1492 inquiratur,
621 1452 651 1478 et
662 1443 825 1477 Ecclesiae
847 1443 948 1475 ‹lii-tae
968 1455 1018 1476 rc-

267 1494 424 1528 stituatur.
451 1496 582 1540 insuper
603 1493 806 1527 decernimus
836 1492 895 1526 sub
923 1493 1019 1525 inter-

75 418 207 441 elericorum

56 462 132 477 nusae
150 462 189 485 per
211 462 239 477 e-

57 491 171 520 piscopum
216 499 241 513 e—

55 526 206 549 nminandae.

98 620 240 644 Confirmatio

55 655 179 679 chari-rum
191 665 240 679 om—

55 691 124 719 nium,
173 695 240 717 etiam

54 729 74 750 si
103 737 159 760 quae
195 732 240 754 sint

56 768 192 799 deperditae.

56 1513 174 1536 nennium
201 1511 241 1534 sub

77 1555 228 1589 censui-ariam.
268 1544 426 1589 positione
453 1543 594 1578 districti*
618 1543 852 1580 anathematis,
881 1549 913 1575 ut
946 1541 1020 1588 qui-

55 1588 241 1648 ἕῗωωοῖζᾛ
267 1605 404 1640 cumque
439 1593 586 1628 conscius
612 1600 660 1627 est
697 1592 932 1638 possessionum
972 1591 1016 1625 vel

266 1642 434 1681 bonorum,
458 1654 538 1690 quae
560 1644 628 1677 iure
663 1649 849 1688 competunt
882 1641 1018 1686 praefato

266 1693 479 1739 episcopatui,
507 1700 538 1726 et
570 1700 676 1726 tamen
715 1691 786 1725 inde
821 1691 953 1725 alienata
981 1690 1019 1724 ab

267 1742 421 1788 improbis
442 1741 624 1776 hominibus
650 1741 843 1779 detinentur,
868 1740 1019 1787 episcopo

266 1800 320 1826 aut
355 1793 422 1826 suis
449 1791 651 1831 manifestet,
683 1802 724 1824 ne
760 1790 850 1824 malis
885 1789 1017 1823 aliorum

266 1840 496 1876 consentiendo
518 1852 548 1875 et
575 1839 717 1881 iacendo,
740 1839 913 1884 sacrilegus
934 1839 1017 1886 apud

266 1889 440 1925 Dominum
475 1890 603 1931 exista13
638 1901 749 1923 omnes
776 1889 869 1923 etiam
894 1888 1019 1923 chartae

267 1941 368 1974 factae
403 1939 442 1974 ad
477 1939 627 1974 damnum
652 1938 836 1977 Ecclesiae,
866 1938 911 1972 vel
940 1950 1019 1984 qnae

267 1989 397 2024 suerunt
420 1990 478 2036 ipsi
501 1989 664 2023 Ecclesiae
691 1988 883 2031 subtractae,
906 1995 935 2021 et
963 1988 1020 2022 de-

267 2039 408 2074 tinentur
429 2039 468 2073 ab
489 2038 698 2082 invasoribus,
717 2037 887 2084 apostolica
909 2047 1020 2071 aucto-

267 2088 358 2124 ritate
372 2089 435 2123 sint
457 2089 566 2122 inanes
588 2096 618 2122 et
641 2099 766 2121 vacuae.
790 2086 873 2121 Hinc
894 2094 1019 2121 sanctae

268 2150 415 2173 romanae
441 2146 473 2172 et
499 2137 688 2183 apostolicae
707 2136 804 2176 sedis,
826 2136 916 2170 cuius
943 2136 1020 2170 iuris

267 2188 469 2235 episcopatus
492 2187 544 2222 ille
570 2186 748 2234 specialiter
769 2198 837 2220 esse
864 2185 1022 2231 dignosci-

268 2246 339 2282 tur,
365 2237 555 2272 authoritate
591 2236 651 2272 sub
682 2236 937 2270 interminatione
971 2234 1022 2268 di-

267 2287 367 2322 stricti
393 2286 602 2321 anathematis
628 2285 858 2329 interdicimus,
889 2297 928 2319 ne
962 2284 1022 2319 ali-

56 2361 179 2392 Quidqmm
217 2359 244 2383 „b
267 2349 330 2384 qua
351 2349 466 2383 magna
491 2337 541 2371 vel
570 2347 662 2383 parva
685 2347 819 2383 persona
842 2334 1020 2369 cuiuscum-

57 2406 83 2421 ε.
135 2398 242 2428 alienare,
268 2399 331 2434 que
357 2386 548 2421 conditionis
588 2394 618 2420 et
652 2385 812 2431 dignitatis
843 2384 1020 2425 molestare,

57 2434 181 2492 *uffffliffi
196 2436 240 2456 θη·
268 2436 455 2484 inquietare,
477 2435 643 2470 disvestire
667 2443 846 2480 praesumat
867 2446 938 2468 eum
955 2434 1024 2467 abs-

57 2478 87 2528 ῗξζ
113 2476 244 2527 ⁸⁰20}ssss
269 2497 331 2532 que
353 2485 554 2520 discussione
575 2497 612 2519 ex
634 2484 782 2518 omnibus
804 2483 898 2518 rebus
920 2482 1023 2517 mobi-

57 2541 160 2583 ofuuibus
189 2548 242 2580 oms
269 2535 353 2570 libus
379 2536 426 2570 vel
450 2534 686 2577 immobilibus,
713 2546 783 2568 sese
811 2533 1022 2573 moventibus,

57 2584 244 2637 Ξΐεζὼξίζὶζοω
270 2597 351 2631 quae
370 2597 455 2620 nunc
475 2584 618 2632 possidet
643 2592 673 2618 et
695 2583 845 2629 deinceps
868 2583 948 2617 inste
969 2595 1023 2617 ac—

200 2629 206 2636 ’
270 2635 396 2681 quirere
428 2642 458 2669 et
490 2633 650 2681 possidere
686 2633 834 2680 potuerit.
869 2631 964 2674 Quod
997 2632 1022 2666 si

59 2659 244 2725 ωοᾼιῗῖὼῖᾝι-
270 2684 344 2733 quis
364 2684 426 2720 Dei
458 2692 490 2720 et
514 2683 638 2720 animae
662 2694 740 2719 suae
772 2682 920 2718 inimicus
941 2693 1024 2730 quo-

55 1662 173 1685 Ecclesiae
199 1661 241 1684 bo-

56 1698 90 1720 nis
138 1698 241 1720 conscius

57 1734 97 1763 tit,
131 1735 241 1765 episcopo

56 1772 134 1793 notum
166 1769 241 1792 tacere

56 1808 167 1828 teneatur.

56 2104 172 2127 valvensis
197 2104 242 2127 Ee·-

57 2141 125 2163 elem
142 2140 181 2162 sul·
197 2141 242 2162 iure

57 2176 120 2198 Sedis
129 2176 243 2206 Apostoli-

59 2221 108 2236 Cle·

915 299 940 321 S.
964 298 1026 320 11ἶο
1053 298 1087 320 Π(
1117 298 1166 320 PP-

1638 261 1647 269 a
1692 282 1756 316 621
1834 283 1886 312 An.
1905 281 1936 311 C.
1953 281 2023 312 ¹052

1061 364 1195 399 cumque
1218 351 1322 386 modo.
1346 349 1394 384 vel
1417 349 1543 396 ingenio
1570 349 1663 384 huius
1684 356 1815 395 aposto-
1837 363 2023 394 tegiihuiusvio-

1061 402 1112 436 lici
1161 401 1313 447 privilegii
1356 401 1541 434 temerarius
1587 399 1814 446 praevaricator
1837 401 1928 424 tatum.

1060 453 1193 485 existere
1221 464 1282 485 non
1313 450 1463 489 timuerit,
1490 458 1518 484 ct
1542 448 1659 496 aliquid
1687 461 1810 488 eornm,

1060 513 1139 547 qnae
1163 501 1213 534 liic
1238 508 1292 534 ant
1317 500 1556 538 confirmantur,
1580 506 1632 533 aut
1654 498 1813 532 intirman-

1062 559 1110 584 tur
1137 562 1153 584 a
1186 550 1298 587 nobis,
1334 549 1391 583 sibi
1428 547 1672 594 praesumpserit
1703 556 1810 581 contra

1062 599 1131 638 hoc,
1154 599 1238 645 qnod
1263 608 1385 632 nostrae.
1403 598 1596 632 auctoritatis
1611 609 1744 631 censura
1760 596 1812 630 hic

1062 650 1293 694 promulgatur,
1318 657 1466 693 perpetua
1501 647 1707 680 anathematis
1734 658 1811 680 sen-

1062 699 1156 731 tentia
1185 710 1217 731 se
1244 698 1406 743 gehennae
1433 710 1504 730 cuin
1533 696 1658 730 diabolo
1684 704 1713 730 et
1747 708 1812 729 an-

1061 748 1138 789 gelis
1160 747 1228 781 eius
1252 746 1536 792 irrecuperabiliter
1565 745 1809 792 nmncipandnm

1062 797 1191 839 noverit,
1220 797 1278 830 nisi
1304 796 1392 832 sorte,
1416 796 1491 829 ilum
1512 796 1595 838 vivit,
1624 794 1719 839 digne
1742 795 1811 829 Do-

1062 846 1145 879 mino
1167 854 1197 879 et
1223 846 1386 880 Ecclesiae
1414 857 1490 879 suae.
1514 845 1710 879 satisfecerit.
1745 844 1807 886 Qui

1062 908 1132 929 vero
1163 895 1286 929 <livinae
1319 896 1440 941 pietatis
1463 895 1596 937 intuitu,
1631 902 1661 928 et
1684 903 1810 928 sanctae

1061 944 1257 978 obedientiae
1289 944 1458 978 reverentia
1487 943 1587 977 tidelis
1611 952 1812 977 conservator

1061 994 1216 1037 extiterit,
1244 993 1338 1028 buius
1366 993 1617 1027 benedictionem
1647 992 1699 1027 hic
1726 1001 1756 1026 et
1778 993 1808 1026 in

1061 1043 1164 1076 futuro
1189 1054 1419 1089 promereatur,
1452 1044 1688 1088 praemiumque
1716 1054 1808 1076 sem-

1063 1093 1201 1137 piternae
1237 1093 1460 1133 beatitudinis,
1490 1093 1520 1126 in
1551 1093 1722 1126 electorum
1750 1091 1808 1126 Dei

1060 1143 1212 1176 coetibus.
1242 1142 1355 1176 Amen.

1108 1192 1222 1226 Datum
1248 1194 1277 1225 in
1312 1192 1490 1226 Benevento
1518 1204 1565 1225 xn
1590 1190 1649 1224 kal.
1678 1190 1808 1225 ianuarii

1062 1254 1115 1287 per
1138 1254 1249 1275 manus
1279 1241 1420 1275 Feulerici
1446 1241 1568 1275 diaconi
1592 1250 1619 1274 et
1638 1240 1812 1275 bibliothe-

1060 1291 1133 1325 carii
1170 1299 1199 1325 et
1237 1291 1413 1325 cancellarii
1451 1299 1576 1324 sanctae
1618 1291 1810 1336 apostolicae

1060 1340 1144 1375 sedis
1172 1341 1237 1375 vice
1266 1340 1303 1374 D.
1334 1340 1506 1374 Hei-manni
1535 1339 1735 1374 Coloniensis
1760 1352 1812 1374 ai·-

1060 1390 1253 1437 chiepiscopi
1272 1398 1302 1424 et
1317 1389 1592 1432 archicancellarii,
1624 1401 1707 1423 anno
1724 1389 1808 1423 dom.

1061 1439 1176 1473 Leonis
1198 1439 1244 1473 lx
1273 1451 1368 1485 papae
1393 1451 1436 1482 tv,
1461 1439 1629 1473 indictione
1653 1450 1697 1472 vt.

1079 1496 1140 1526 Dat.
1159 1496 1206 1527 die
1228 1496 1263 1526 ⁶21
1290 1496 1456 1525 decembris
1475 1505 1551 1525 anno
1571 1495 1686 1525 Domini
1705 1494 1792 1532 1052,

1243 1537 1346 1576 pontif.
1365 1536 1471 1565 Leonis
1490 1545 1567 1565 anno
1585 1544 1623 1565 tv.

1375 1656 1498 1691 XXIX.

1063 1730 1261 1775 Confirmatio
1274 1730 1505 1775 prt't-i'leyi'ornm
1519 1730 1654 1763 omnium
1669 1731 1702 1763 S.
1722 1730 1814 1764 Bam-

1109 1782 1246 1823 berqensi
1284 1780 1438 1813 Ecclesiae
1468 1781 1612 1813 hactenus
1656 1791 1811 1813 concesso-

1109 1842 1180 1863 rum
1208 1831 1256 1873 (4)
1263 1855 1271 1862 .

1333 1899 1547 1930 St‘MMARIUM

1060 1961 1159 1992 Series
1178 1961 1266 1999 sacti,
1288 1971 1341 1992 seu
1359 1962 1488 1992 narratio
1511 1962 1626 1992 itineris
1644 1962 1750 1992 Leonis
1774 1962 1809 1993 IX

1100 2003 1130 2032 in
1148 2002 1345 2039 Germaniam,
1364 2011 1522 2042 rerumque
1551 2002 1624 2032 inibi
1650 2007 1810 2040 gestarum.

1098 2059 1139 2064 —
1178 2041 1312 2072 Narratio
1348 2043 1573 2081 permutationis
1606 2042 1700 2072 factae
1735 2043 1813 2073 inter

1100 2081 1289 2111 Hartuvicum
1305 2081 1499 2120 Bambergen.
1518 2087 1546 2111 et
1563 2081 1722 2111 Henricum
1740 2082 1814 2112 Her-

1100 2121 1230 2161 bipolen.
1249 2123 1324 2159 epis.
1339 2139 1379 2144 —
1393 2122 1614 2152 Controversiae
1633 2123 1701 2151 hinc
1718 2128 1812 2152 motae

1101 2167 1129 2191 et
1147 2171 1204 2191 non
1222 2163 1314 2191 multo
1334 2166 1398 2201 post
1415 2171 1501 2201 opera
1522 2162 1670 2201 pontificis
1692 2171 1811 2201 compo-

1101 2202 1185 2231 sitae.
1212 2219 1253 2224 —
1274 2201 1374 2231 Vetera
1403 2203 1501 2231 omnia
1520 2202 1671 2240 privilegia
1700 2204 1812 2232 confir-

1102 2246 1189 2271 mata.
1210 2259 1250 2264 --
1277 2241 1309 2271 Et
1328 2242 1502 2271 donationes
1522 2242 1550 2271 S.
1574 2241 1691 2271 ilenrici
1714 2242 1812 2282 impe-

1100 2282 1216 2318 ratoris,
1239 2286 1483 2321 caeterorumque
1500 2282 1630 2311 fidelium
1648 2281 1813 2313 roboratae.

1100 2339 1140 2344 —
1153 2321 1327 2351 Omnimoda
1346 2322 1478 2361 episcopi
1496 2322 1662 2352 iurisdictio
1677 2322 1707 2351 in
1726 2322 1812 2352 bonis

1100 2361 1260 2392 Ecclesiae.
1274 2379 1314 2384 —
1330 2362 1410 2397 Quae
1429 2362 1464 2391 ab
1481 2361 1561 2391 omni
1580 2362 1670 2399 datio,
1689 2362 1812 2400 placito,

1102 2402 1247 2438 molestia,
1269 2406 1324 2432 etc.
1352 2402 1446 2431 libera
1470 2401 1541 2438 sore,
1563 2402 1742 2432 declaratur.
1771 2419 1812 2426 —

1102 2441 1265 2481 Episcopus
1288 2451 1356 2471 vero
1388 2443 1418 2471 in
1440 2441 1591 2471 canonicis
1623 2442 1723 2471 causis
1753 2441 1815 2472 Mo-

1102 2482 1226 2519 guntino
1248 2481 1400 2511 subiectus
1420 2486 1556 2520 tanquam
1577 2481 1813 2520 metropolitano.

1102 2538 1141 2543 —
1158 2521 1313 2552 Canonicis
1334 2522 1421 2551 huius
1444 2521 1593 2551 Ecclesiae
1611 2521 1716 2551 mitrae
1739 2531 1812 2552 usus

1103 2562 1284 2598 conceditur,
1306 2570 1356 2600 qui
1375 2566 1470 2591 tamen
1494 2571 1527 2591 ex
1546 2561 1731 2599 dignioribus
1754 2562 1813 2591 eli-

1103 2605 1219 2639 gantur.
1237 2618 1277 2624 —
1290 2601 1357 2631 Dies
1376 2602 1517 2640 assignati
1536 2602 1572 2631 ad
1592 2610 1678 2631 usum
1700 2602 1813 2632 mitrae.

1102 2658 1143 2664 —
1169 2640 1207 2671 Iis
1229 2651 1297 2672 vero
1320 2646 1433 2672 tantum
1458 2641 1612 2672 canonicis
1631 2641 1816 2682 conceditur,

1100 2692 1140 2730 (t)
1155 2693 1218 2722 Loc.
1234 2693 1282 2721 cit,
