2237 3127
79 308 129 335 An.
158 306 184 333 C.
207 305 259 331 ott>

100 562 227 584 Immunitau

75 607 179 621 concessu
209 598 257 619 huic

74 636 215 657 tinniiustvrin„

71 953 146 975 Liceat
173 961 254 974 mona-

69 989 116 1010 chis
135 997 198 1018 quom
217 989 252 1011 Ιι-

70 1025 141 1047 buerit
175 1033 255 1046 vocare

70 1063 199 1093 episcopum
228 1064 253 1085 ad

69 1100 182 1121 missarum
196 1099 255 1121 snb·-

69 1136 136 1162 ninia,
153 1135 253 1157 abbati<-

67 1180 104 1194 52?
137 1181 240 1194 POUSt'Plfl

69 1210 166 1240 tionem,
206 1216 250 1232 etr.

941 314 1079 338 ῘΟΑΝΝΕΒ
1105 315 1137 338 1v
1164 315 1214 338 ΡΙ).

286 364 482 411 dignoscitur
505 364 677 412 indulgere.
704 365 791 414 Ergo
806 367 1034 403 antedictorum

285 416 435 460 virorum,
462 424 492 450 et
514 417 698 463 praesertim
735 417 911 452 interventu
935 418 1036 452 excel-

285 465 451 500 lentissimi
468 465 521 499 filii
537 466 634 500 nostri
658 467 808 513 praedicti
834 468 925 513 regiS,
941 480 1036 514 super

285 515 344 550 hoc
367 515 562 562 privilegium
598 516 663 550 suis
694 516 821 562 scriptis
842 517 965 551 enixius
986 530 1036 551 ex-

285 565 370 611 petiti
395 566 549 611 postulata
572 566 799 609 concessimus,
828 566 1035 600 interceden—

283 614 366 649 tibus
387 614 538 649 omnibus
560 615 730 661 episcopis,
754 623 784 649 et
808 616 1034 649 contestatione

282 664 517 698 evidentissima
559 663 777 703 decernimus,
818 671 881 698 tam
924 665 1034 699 vicinis

282 725 377 760 quam
400 713 508 760 procul
526 725 541 746 a
561 712 722 759 praedicto
744 714 935 747 monasterio
955 726 1033 748 con-

281 763 409 804 stitutis,
437 770 471 797 ut
494 761 571 795 nihil
599 762 736 796 audeaut
762 775 925 809 usurpare,
954 763 1032 797 nihil

281 812 415 856 auferre,
443 810 520 845 nihil
554 811 737 857 contingere
768 819 900 857 cogente
923 825 1033 858 pravae

281 861 462 895 ambitionis
484 859 606 899 ardore,
629 873 709 907 quae
736 862 794 895 sub
812 870 919 896 tenore
940 862 1034 897 huius

284 910 448 956 privilegii,
470 917 501 944 et
522 922 631 944 norma
648 910 788 945 decernit
810 915 868 956 (l),
896 919 929 945 ut
952 912 1034 946 vide-

281 959 355 994 licet
389 959 568 1006 episcopus,
605 972 700 1006 quem
740 968 840 995 mater
872 961 1032 1007 spiritalis,

281 1016 432 1057 paterque
465 1009 646 1043 monasterii
674 1009 719 1044 vel
752 1017 862 1044 cuncta
898 1022 1033 1057 cougre-

279 1058 363 1105 gatio
396 1058 530 1093 voluerit
566 1058 603 1093 ad
636 1058 823 1094 celebranda
866 1060 1033 1095 missarum

281 1108 431 1143 solemnia
454 1108 486 1142 in
509 1109 747 1143 consecratione
769 1109 963 1155 abbatissae,
986 1110 1032 1144 vel

245 1187 254 1189 -
280 1158 373 1192 etiam
397 1158 589 1205 reliquarum
618 1158 792 1202 iuniorum,
823 1168 962 1194 sacratae
990 1164 1033 1204 (⁶2)

280 1207 347 1242 Deo
374 1208 468 1242 etiam
490 1207 666 1242 tabularum
691 1208 851 1249 altaribus,
869 1210 898 1243 in
918 1209 1034 1256 quibus

281 1257 396 1292 missae
430 1257 564 1292 debeant
594 1257 758 1299 celebrari,
786 1258 898 1292 habeat
926 1259 1035 1293 facun-

281 1305 365 1340 diam
385 1310 428 1350 (5)
445 1307 476 1341 in
490 1307 601 1341 eodem
620 1309 810 1342 monasterio
822 1308 1032 1354 ingrediendi,

281 1355 320 1390 ad
343 1356 480 1391 officium
505 1356 624 1390 scilicet
637 1357 837 1391 sacerdotalis
852 1358 1034 1399 ministerii;

281 1413 311 1439 et
333 1405 411 1440 tales
433 1418 540 1440 secum
578 1406 645 1452 ipse
674 1406 815 1453 pontifex
843 1407 1034 1449 introducat,

280 1455 388 1501 quales
415 1455 474 1489 vita
498 1462 528 1489 et
555 1456 665 1502 religio
693 1464 798 1490 sancta
821 1458 1033 1492 commendat:

281 1516 344 1551 quo
386 1513 511 1551 peracto
555 1505 670 1546 officio,
714 1505 790 1539 nihil
833 1506 1033 1553 contingens,

281 1553 423 1601 nihilque
445 1554 588 1588 ambiens
611 1566 666 1601 per
688 1555 964 1602 concupiscentiae
979 1557 1035 1590 sti-

284 1604 429 1643 mulum,
456 1603 505 1638 vel
534 1604 660 1651 rapinae
702 1605 864 1652 pravitatis
896 1606 1034 1652 ingenia,

280 1653 332 1687 sed
361 1653 457 1699 gratis
486 1665 540 1700 per
562 1654 667 1688 omnia
695 1667 814 1700 agens,
842 1655 878 1689 ad
908 1657 1033 1702 propria

282 1715 354 1737 mox
369 1703 492 1749 regredi
513 1715 576 1737 non
590 1712 748 1745 moretur;
773 1716 831 1738 nec
854 1705 1032 1740 convivium

281 1752 361 1787 intra
389 1754 521 1788 claustra
537 1754 718 1788 monasterii
740 1754 840 1795 eidem
855 1754 1035 1789 nullatenus

282 1811 496 1849 praeparetur,
516 1802 593 1836 nihil
620 1803 665 1838 sic
687 1803 791 1838 dictus
818 1817 974 1851 usurpans
995 1806 1034 1839 de

283 1851 376 1886 rebus
401 1852 594 1893 monasterii,
618 1865 679 1887 non
702 1852 740 1887 de
763 1854 861 1887 sacris
887 1854 1034 1889 altaribus

282 1901 492 1945 indumentis,
535 1914 598 1936 non
631 1902 670 1936 de
697 1904 889 1937 ornamentis
932 1916 1033 1950 neque

281 1951 379 1985 sacris
400 1950 627 1992 voluminibus,
649 1963 708 1986 nec
730 1952 898 1998 quicquam
933 1953 1033 1987 maius

282 1999 328 2034 vel
352 2000 515 2047 exiguum,
550 2000 604 2034 sed
639 2013 698 2036 nec
731 2003 958 2049 concupiscere
977 2004 1033 2037 ad-

282 2057 423 2097 temptet,
443 2049 516 2097 quia
535 2049 559 2083 si
585 2050 701 2097 privata
720 2052 945 2098 concupiscere
958 2053 1032 2087 satis

281 2107 327 2133 est
356 2100 502 2139 noxium;
530 2107 647 2146 quanto
669 2101 769 2147 magis
790 2114 876 2136 sacra
896 2102 1031 2147 auferre,

282 2157 333 2182 aut
355 2148 547 2189 desiderare,
583 2158 635 2184 aut
670 2150 728 2185 iuri
753 2163 810 2185 suo
839 2152 1030 2198 mancipare,

284 2197 349 2232 Deo
361 2206 408 2233 est
422 2198 608 2232 inimicum?
632 2199 721 2234 Unde
733 2200 814 2235 bene
825 2213 897 2235 cum
915 2201 1031 2235 iustum

283 2247 383 2282 virum
406 2247 610 2293 describeret,
633 2248 788 2297 Propheta
810 2251 869 2284 ait:
893 2250 954 2293 Qui
978 2264 1032 2285 ex-

282 2298 359 2331 cutit
391 2310 505 2332 manus
535 2309 608 2332 suas
634 2299 673 2333 ab
700 2300 785 2334 omni
815 2313 946 2335 munere
979 2304 1029 2345 (a).

281 2346 391 2393 Neque
414 2348 498 2381 enim
526 2347 612 2391 dicit,
634 2349 686 2395 qui
713 2350 832 2384 excutit
854 2362 966 2385 manus
993 2350 1032 2384 ab

283 2409 425 2441 munere,
448 2397 503 2431 sed
526 2397 679 2440 adiunxit,
701 2398 740 2433 ab
762 2399 861 2434 omni.
884 2399 974 2435 Tunc
993 2400 1032 2434 ab

282 2447 367 2480 omni
392 2459 523 2481 munere
544 2459 656 2482 manus
677 2450 807 2488 excutit,
834 2450 961 2496 quando
981 2450 1032 2484 di-

282 2495 361 2530 vinis
383 2496 488 2536 rebus,
511 2508 573 2531 non
597 2496 698 2532 solum
718 2498 834 2532 nullam
853 2499 1031 2546 pecuniam,

168 2552 251 2571 owi-
282 2544 335 2579 sed
350 2546 442 2580 etiam
465 2545 637 2581 humanam
659 2548 792 2593 gratiam
815 2561 876 2583 non
889 2549 1031 2596 requirit.

282 2593 512 2630 Interdicentes
544 2596 638 2630 etiam
666 2597 827 2645 episcopo,
869 2598 901 2633 in
941 2599 1033 2633 cuius

319 2665 358 2700 (1)
374 2666 571 2694 Decernuntur.
610 2667 649 2703 (2)
679 2667 805 2695 Sacrandi
833 2670 913 2696 etiam
933 2669 1034 2697 tabutas

281 2700 383 2728 altaris.
420 2702 460 2737 (5)
477 2703 649 2731 Facultatem.
689 2703 729 2742 (a)
746 2704 815 2731 Esai.
832 2713 935 2735 xxxln.
955 2706 997 2734 15.

1714 309 1777 342 181

1079 368 1227 415 parochia
1269 377 1316 404 est
1357 370 1552 417 praedictum
1600 374 1828 410 monasterium
1861 391 1923 411 ‹rwn

1077 418 1281 453 constitutum
1297 447 1307 457 ‚
1345 427 1376 453 ut
1419 421 1496 455 nihil
1538 430 1646 457 contra
1689 431 1828 459 tenorem

1079 468 1253 514 praesentis
1275 469 1390 503 decreti
1410 470 1458 516 pia
1473 470 1685 517 postulatione
1714 473 1827 508 indulti

1076 517 1247 564 quicquam
1269 526 1446 565 attemptet,
1471 520 1517 554 vel
1540 521 1608 555 eius
1629 535 1828 559 successores

1078 575 1279 613 praesumant
1303 568 1459 615 prohibita
1482 571 1682 616 contingere,
1711 585 1770 608 nec
1797 574 1829 608 in

1077 616 1209 650 minimo
1225 616 1305 651 hanc
1321 630 1464 653 normam
1481 620 1613 661 violare3
1630 621 1685 655 scd
1703 623 1830 668 plenius

1076 665 1107 698 in
1156 666 1305 700 omnibus
1353 680 1410 714 per
1455 668 1580 714 singula
1627 682 1844 708 conservare.¹

1075 713 1220 749 Chrisma
1245 716 1349 761 igitur,
1381 717 1427 752 vel
1463 718 1617 766 quidquid
1662 721 1700 755 ad
1743 735 1830 757 sacra

1075 764 1249 798 ministeria
1278 766 1434 812 pertinet,
1461 767 1486 801 si
1514 780 1531 802 a
1559 777 1657 804 matre
1684 778 1714 805 et
1741 781 1829 818 patre

1076 814 1256 848 monasterii
1294 814 1387 849 fuerit
1416 817 1620 861 postulatum,
1648 828 1701 854 aut
1728 820 1829 857 bene-

1075 862 1231 897 dictiones
1259 864 1380 898 tradere
1408 865 1466 899 Dei
1495 866 1695 913 famularum,
1722 882 1738 905 a
1766 884 1829 917 quo

1076 912 1264 957 praeviderit
1287 913 1332 947 vel
1356 914 1487 960 elegerit
1503 917 1636 962 spiritali
1654 928 1828 967 sanctoque

1074 960 1132 995 Dei
1144 962 1318 1003 sacerdote,
1334 964 1436 998 modis
1451 965 1600 1000 omuibus
1611 969 1828 1004 annuendum:

1074 1018 1104 1044 et
1127 1014 1171 1054 (ut
1192 1012 1338 1058 superius
1362 1012 1481 1047 dictum
1509 1023 1567 1059 est,
1595 1024 1624 1049 ct
1651 1029 1746 1064 saepe
1773 1018 1829 1053 di—

1074 1060 1222 1104 cendum)
1246 1061 1364 1096 nullam
1389 1071 1576 1109 potestatem
1605 1066 1721 1101 habere
1744 1080 1829 1103 con-

1075 1110 1160 1143 venit
1186 1110 1337 1158 episcopo
1362 1111 1392 1146 in
1419 1113 1531 1147 eodem
1555 1117 1746 1151 monasterio
1768 1118 1828 1153 sub

1075 1160 1251 1195 retrusione
1268 1170 1375 1196 sancte
1392 1161 1580 1207 virentibus,
1603 1172 1633 1199 et
1657 1165 1829 1202 theoricam

1075 1208 1169 1243 vitam
1197 1210 1389 1245 coenobialis
1427 1213 1554 1259 regulae
1581 1214 1789 1251 militantibus
1812 1230 1828 1252 a

1075 1258 1264 1294 beatissimis
1279 1260 1427 1295 Patribus
1445 1263 1592 1306 nostris(l
1604 1265 1749 1311 ),quibus
1765 1278 1828 1301 non

1075 1308 1134 1341 suit
1167 1308 1283 1353 dignus
1318 1310 1467 1352 mundus,
1507 1312 1609 1347 edicta
1652 1315 1827 1356 continent,

1076 1357 1157 1392 idest
1190 1357 1332 1403 Antonii,
1367 1359 1542 1403 Pachomii,
1565 1370 1595 1396 et
1618 1362 1693 1398 haut
1720 1365 1830 1411 procul

1075 1418 1090 1440 a
1113 1408 1227 1441 nostris
1264 1409 1461 1455 temporibus
1499 1410 1665 1447 Benedicti
1708 1413 1831 1449 abbatis

1076 1455 1166 1490 istius
1203 1456 1323 1492 Romae
1360 1458 1454 1494 huius
1490 1460 1587 1495 urbis.
1626 1461 1708 1497 Illud
1745 1476 1834 1510 prae-

1075 1506 1186 1552 cipuae
1228 1508 1430 1542 statuendum
1474 1508 1672 1546 decrevimus
1699 1525 1832 1548 conser-

1076 1555 1227 1601 vandum,
1264 1565 1296 1591 ut
1329 1569 1432 1605 neque
1456 1558 1485 1592 in
1514 1560 1609 1595 rebus
1632 1561 1732 1608 ipsius
1759 1576 1831 1597 mo-

1075 1654 1203 1701 ubique,
1243 1655 1290 1689 vel
1326 1656 1357 1690 in
1397 1658 1583 1693 ordinandis
1612 1661 1754 1706 personis
1790 1662 1829 1697 ad

1076 1704 1217 1750 regimen
1244 1704 1302 1739 Dei
1328 1706 1514 1741 famularum
1531 1708 1749 1752 admittendis,
1766 1724 1828 1746 nou

1075 1753 1113 1786 de
1136 1753 1196 1788 alio
1218 1755 1422 1799 monasterio,
1451 1769 1509 1791 nec
1544 1758 1583 1792 de
1611 1760 1830 1796 saecularibus

1075 1802 1306 1838 foeminisiuibi
1320 1805 1569 1846 introducendis,
1585 1818 1720 1856 excepto
1733 1823 1829 1857 quam

1074 1860 1184 1887 cuncta
1207 1854 1410 1900 congregatio
1439 1856 1567 1903 elegerit
1597 1867 1667 1904 post
1694 1867 1829 1895 mortem

1075 1903 1181 1936 matris
1203 1904 1397 1945 monasterii,
1427 1913 1460 1939 ut
1487 1906 1625 1952 deberet,
1654 1907 1775 1944 institui
1799 1918 1831 1944 et

1074 1951 1224 1986 ordinari.
1248 1952 1353 2000 Super
1378 1954 1453 1989 haec
1476 1956 1608 1998 scilicet,
1644 1970 1748 2005 neque
1776 1959 1830 1993 vi—

1073 2000 1270 2043 cedominus,
1314 2015 1417 2049 neque
1465 2005 1707 2042 archidiaconus
1723 2035 1732 2053 ,
1771 2021 1830 2043 nec

1075 2051 1233 2094 quaelibet
1271 2064 1403 2098 persona
1428 2053 1457 2087 in
1482 2055 1593 2089 eodem
1635 2058 1828 2092 monasterio

1074 2099 1188 2134 habere
1217 2113 1250 2135 se
1280 2109 1476 2147 potestatem,
1505 2111 1558 2138 aut
1584 2106 1755 2141 extendere
1778 2108 1829 2141 ‹li-

1074 2149 1202 2191 tionem,
1228 2150 1274 2185 vel
1298 2151 1467 2198 quicquam
1494 2153 1660 2191 immutare
1673 2156 1721 2190 vel
1735 2168 1830 2203 agere

1073 2198 1230 2234 ullatenus
1252 2209 1449 2247 praesumat:
1480 2212 1727 2249 cognoscentes,
1743 2209 1831 2253 ,quia

1073 2248 1131 2282 sub
1154 2250 1324 2296 apostolica
1352 2251 1440 2295 sede,
1467 2251 1549 2287 idest
1576 2253 1611 2287 B.
1642 2254 1726 2288 Petri
1754 2267 1831 2301 apo-

1073 2299 1156 2342 stoli,
1179 2312 1217 2333 ex
1241 2300 1391 2346 praedicti
1407 2302 1490 2347 regis
1507 2314 1682 2348 consensu,
1694 2312 1724 2338 et
1741 2317 1830 2350 prae-

1073 2347 1207 2382 fatorum
1220 2349 1356 2384 virorum
1370 2351 1595 2396 postulatione,
1613 2353 1831 2399 dignoscimur

1074 2398 1245 2442 praesentis
1284 2399 1439 2446 privilegii
1485 2401 1606 2436 indulta
1639 2403 1829 2437 concedere.

1074 2446 1215 2493 Rogatus
1237 2460 1310 2483 vero
1338 2449 1507 2497 episcopus
1532 2451 1631 2498 ipsius
1661 2452 1796 2486 civitatis
1813 2465 1829 2487 a

1074 2505 1183 2538 matre,
1206 2509 1223 2532 a
1246 2506 1333 2546 patre
1349 2500 1543 2539 monasterii,
1560 2501 1606 2535 vel
1620 2509 1735 2535 cuncta
1753 2514 1830 2536 cou-

1074 2547 1268 2593 gregatione,
1301 2560 1391 2583 suam
1425 2549 1570 2584 exhibeat
1606 2552 1861 2597 praesentiain.,
1929 2583 1939 2594 ,,

1075 2595 1142 2630 Non
1166 2605 1271 2632 autem
1294 2599 1411 2644 petitus
1433 2611 1490 2633 nec
1512 2599 1689 2635 conductus
1711 2600 1750 2635 ad
1778 2613 1829 2635 se-
1855 2613 1888 2634 „tt
1907 2622 1911 2632 .
1933 2621 1963 2633 m.
1978 2620 2025 2633 [ωε

1074 2654 1157 2680 creta
1183 2648 1363 2682 monasterii
1391 2648 1540 2682 accedere
1556 2661 1618 2683 non
1637 2659 1828 2696 praesumat,
1865 2659 1875 2670 ‘'
1917 2656 2027 2670 ¹⁴'¹“‘”¹·¹

1110 2706 1149 2744 (Ι)
1166 2708 1209 2734 Αἰ.
1221 2707 1519 2737 Sicutheatissimorum
1538 2710 1645 2738 Petrum
1661 2716 1831 2740 nostrorum.

1860 310 1910 335 An.
1936 310 1962 336 tl.
1991 311 2041 337 Gis)

1968 387 2043 404 emilia

1883 419 2020 447 })l‘¹'vll?{zlllll

1861 455 1900 476 linc
1934 460 1977 476 utic

1854 497 1898 512 stit·
1909 492 2010 513 illu-itur,

1861 1516 2042 1539 Abbatizsavclv-

1912 1555 1931 1575 ὐ
1950 1563 2017 1583 petiz-s

1929 1597 2028 1618 ια’]ἲίιῐμ»ῃ

2003 1637 2043 1658 «μη

2005 1665 2043 1685 tle-

1887 1559 1915 1575 cti

1870 1597 1923 1611 (ἾΙΙΙΙΙ

1076 1606 1214 1651 nasterii,
1251 1614 1312 1640 tam
1350 1607 1381 1641 in
1421 1607 1515 1648 villis,
1556 1622 1650 1657 quam
1686 1611 1717 1646 in
1754 1612 1832 1648 locis
1861 1612 1924 1653 „th

1902 1704 1916 1721 t.

1952 1637 1975 1650 ex

1861 1663 1895 1684 illst
1921 1664 1971 1692 tltgfi

1859 1699 1896 1721 bra
