2237 3127
71 232 126 261 An.
148 232 177 261 C.
207 232 258 261 972

57 1387 159 1410 Eiusdem
194 1389 239 1411 im—

55 1425 172 1452 peratricis
190 1433 239 1455 pre-

55 1466 92 1480 ces
103 1459 179 1482 loanni
194 1462 238 1484 PP-

54 1501 178 1525 porrectae.

48 2090 161 2120 Exemptio
180 2100 231 2113 nm-

47 2127 137 2147 inusti-rii
148 2135 158 2148 a
171 2128 233 2148 iniis-

46 2161 146 2184 dictione

47 2197 175 2228 insruniqnn
203 2207 231 2217 i·-

46 2232 134 2263 piscnpi
152 2238 172 2254 et
196 2242 232 2255 sn<

46 2268 154 2294 conlutis,

45 2306 174 2333 prtem-rt'm
191 2306 230 2328 Τ-

45 2339 150 2370 tini-risis3

187 2171 231 2184 tu-

893 255 1032 278 IOANNES
1060 255 1124 278 xm
1152 255 1199 278 1³1¹.

1712 250 1775 281 431

284 307 425 343 viventes
451 308 645 344 incessanter
665 308 838 344 Dominum
867 309 1036 344 maiestatis
1078 309 1107 343 in
1130 309 1241 344 eodem
1278 320 1469 345 monast-mo
1490 311 1624 346 alieuius
1669 315 1830 359 potestatis>

283 368 413 392 exorare
440 364 502 392 tam
526 370 582 405 pro
611 358 719 405 requie
755 358 866 404 prioris
900 359 956 392 viri
984 358 1031 392 sui
1077 359 1569 407 praerogativamtibialiquando
1587 374 1826 409 usurpareprae

282 406 436 452 gloriosae
460 407 630 442 memoriae
652 407 790 441 Lotharii
815 408 908 453 regis,
925 419 1035 453 quain-

281 466 342 501 que
374 468 430 502 pro
453 464 535 491 statu
562 457 761 503 imperatoris
794 455 1031 490 clementissimi

280 504 335 539 sitii
352 506 447 540 nostri
469 504 594 540 Ottonis
617 504 969 550 invictissimiAugnsti‚
985 505 1032 539 si-

281 553 346 588 mul
368 554 463 588 etiam
490 554 668 588 communis
710 554 762 587 lilii
797 562 828 588 et
863 566 972 588 eorum
995 566 1031 588 ac

277 603 377 638 nostri
400 603 472 637 item
496 602 624 637 Ottouis
646 602 780 648 Augusti
805 614 944 649 suaeque
960 604 1030 636 ani-

276 664 346 686 mae
373 652 534 692 mercede3
570 651 830 698 praedictumque
863 660 1029 686 monaste-

277 701 357 735 rium
391 701 559 743 liberaliter
587 701 840 747 possessionibus
862 701 1026 742 dotaverit,

273 750 523 797 necessariisque
545 749 694 784 omnibus
716 749 800 784 iuxta
816 750 847 783 id
866 750 950 796 quod
965 750 1025 785 sibi

275 799 325 845 pie
344 800 445 833 visum
473 807 520 833 est
543 811 599 845 pro
635 799 842 833 habitantium
865 808 1026 834 sustenta-

273 848 356 883 tione
378 848 595 888 cumulaverit,
621 848 700 882 bene
719 848 847 882 fratrum
877 860 1025 883 reveren-

268 896 401 932 dissime
428 905 481 931 tua
509 897 661 931 sanctitas
698 898 800 939 novit;
832 897 882 932 cui
908 910 945 932 ne
970 910 1024 932 vo-

271 945 375 981 luntas
402 958 540 993 unquam
569 945 738 981 duceretur
770 946 799 980 in
835 947 970 987 irritum,
993 956 1023 982 et

269 1007 304 1030 ea
326 1007 406 1043 quac
425 1008 482 1042 pro
503 996 608 1042 quiete
623 995 848 1030 monachorum
872 996 1022 1043 disposita

269 1044 392 1080 fuerant
425 1045 637 1087 turbarentur,
661 1057 806 1092 quaeque
833 1047 966 1080 contulit
990 1047 1020 1080 in

267 1093 337 1129 iure
365 1093 469 1128 eidem
506 1095 697 1129 monasterio
729 1095 898 1141 apostolica
932 1096 1019 1142 petiit

266 1144 452 1179 auctoritate
492 1143 626 1184 firmari;
667 1144 744 1179 haec
786 1156 912 1191 quoque
942 1157 1018 1179 suae

267 1193 409 1240 petitioni
433 1192 654 1239 subiungente,
679 1201 711 1227 ut
732 1193 834 1228 eidem
858 1203 1017 1229 monaste-

266 1242 312 1277 rio
338 1251 402 1277 tam
430 1243 459 1277 in
484 1242 691 1289 dispositione
714 1255 830 1286 rerum,
865 1255 959 1289 quam
986 1245 1016 1278 in

266 1291 464 1327 ordinatione
486 1292 606 1326 abbatis
638 1292 790 1339 quaedam
816 1293 928 1338 pariter
953 1293 1018 1339 pri-

265 1340 378 1387 vilegia
411 1341 617 1387 largiremur:
653 1341 756 1376 sciens
789 1342 908 1388 quippe
947 1354 1014 1375 eam

264 1391 458 1436 apostolicae
490 1390 556 1424 sedi
590 1392 795 1425 reverentiam
821 1403 836 1424 a
872 1391 1016 1425 fidelihus

263 1439 420 1484 exhiberi,
462 1447 493 1474 ut
521 1451 600 1486 quae
633 1440 700 1473 eius
740 1439 855 1473 fuerint
889 1439 1015 1475 decreto

263 1488 433 1535 disposita,
457 1489 576 1523 nullius
609 1488 759 1534 deinceps
802 1490 1015 1535 usurpationis

263 1538 437 1573 molestiam
459 1538 655 1584 quatiantur:
672 1537 757 1572 uude
778 1538 850 1584 quia
866 1538 1012 1573 effectum

262 1595 293 1621 et
314 1587 487 1634 imperialis
514 1586 676 1622 volunctas
708 1596 738 1621 et
774 1595 834 1621 tam
872 1588 921 1634 pia
958 1600 1014 1634 pro

261 1648 427 1671 servorum
456 1635 511 1670 Dei
539 1636 645 1682 quiete
667 1636 835 1671 solicitudo
863 1646 1014 1683 expostu-

260 1684 362 1727 labat;
385 1685 468 1720 iuxta
497 1686 679 1731 petitionem
702 1685 843 1720 eiusdem
872 1686 1014 1732 praecel-

260 1734 454 1770 lentissimae
477 1735 557 1770 filiae
580 1743 705 1770 nostrae
728 1734 890 1780 Augustae
922 1748 1014 1782 prac-

260 1783 324 1819 sato
349 1784 452 1819 eidem
488 1784 679 1818 monasterio
710 1784 740 1818 in
768 1784 921 1818 honorem
944 1785 1013 1818 Do-

259 1833 336 1867 mini
370 1832 540 1868 Salvatoris
573 1834 743 1868 constituto
774 1841 897 1868 sanctae
928 1834 1013 1868 sedis

259 1882 450 1929 apostolicae
484 1882 644 1929 privilegia
672 1890 830 1928 gratanter
864 1882 1012 1928 indulge-

260 1943 351 1966 mus:
381 1931 432 1966 uhi
460 1933 565 1966 omnia
593 1943 674 1977 quae
696 1932 933 1978 amplectendae
956 1945 1012 1966 vo-

262 1979 392 2015 luntatis
413 1980 482 2015 eius
503 1980 641 2015 studium
658 1980 861 2027 deposcebat,
883 1989 1011 2027 aposto-

258 2028 336 2064 licae
357 2030 551 2064 auctoritatis
570 2030 681 2064 annisu
704 2029 822 2064 firmata
838 2038 920 2064 sunt.
938 2030 1011 2065 Sta-

259 2086 383 2114 tuentes
406 2079 487 2113 inter
507 2079 577 2119 alia,
600 2087 634 2112 ut
655 2078 761 2113 nullus
787 2079 1008 2125 episcoporum

260 2127 499 2175 vicinarumque
520 2127 733 2162 Ecclesiarum
751 2128 883 2174 quilibet
909 2141 1011 2163 sacer-

257 2176 316 2211 dos
343 2178 374 2211 in
393 2177 475 2212 idem
501 2177 728 2211 monasterium
751 2177 810 2211 sibi
834 2177 881 2212 ius
903 2178 1010 2212 ecclee

257 2226 419 2261 siasticum
441 2226 546 2273 aliquo
569 2226 661 2261 modo
690 2226 824 2260 vindicet
841 2238 877 2261 ac
892 2226 1009 2261 defen-

204 2277 229 2290 ''⁰
257 2274 324 2316 dat;
349 2275 407 2309 nisi
431 2275 509 2310 sorte
531 2287 548 2310 a
570 2283 656 2322 parte
684 2276 863 2310 monasterii
886 2277 1009 2311 scilicet

256 2336 273 2359 a
296 2324 444 2359 fratribus
467 2336 522 2371 pro
550 2325 678 2370 negotio
710 2324 816 2371 aliquo
850 2325 1008 2360 ecclesia—

255 2373 334 2408 stico
350 2373 442 2408 fuerit
455 2374 613 2408 invitatus.
640 2373 679 2407 Et
695 2374 857 2420 quoniam,
877 2374 1006 2408 fratrum

256 2423 473 2467 dilectissime,
507 2422 597 2457 locus
620 2422 702 2469 ipse,
731 2422 784 2457 uhi
811 2423 1006 2470 praedictum

256 2472 480 2506 monasterium
505 2479 683 2506 extructum
710 2471 814 2506 estad
836 2472 1005 2508 dioecesim

255 2529 382 2556 sanctae
403 2520 581 2555 Ticinensis
601 2521 775 2562 Ecclesiae,
797 2522 849 2555 cui
872 2530 923 2556 tua
945 2521 1007 2556 fra-

256 2570 385 2604 ternitas
407 2569 475 2604 Deo
486 2578 614 2604 auctore
626 2577 748 2617 praeest,
767 2570 920 2606 hactenus
935 2583 1007 2617 per-

255 2618 389 2655 tinuisse
410 2618 674 2667 diguosciturzne
694 2619 826 2655 subhac
842 2620 1007 2656 occasione

1075 419 1197 448 sumas3
1220 420 1258 442 ex
1279 408 1359 442 beati
1391 408 1474 443 Petri
1503 411 1716 456 apestolorum
1741 413 1829 458 priu-

1074 456 1153 502 cipis
1192 465 1378 503 nostraeque
1422 458 1607 493 humilitatis
1644 461 1827 495 auctoritate

1075 504 1177 539 modis
1204 506 1352 539 omnibus
1389 507 1615 541 interdicimus.
1646 509 1825 543 postulatus

1073 565 1146 587 vero
1159 566 1172 587 a
1189 563 1273 600 parte
1297 557 1475 589 monasterii
1492 558 1621 599 scilicet,
1635 571 1651 591 a
1667 559 1824 597 fratribus,

1073 602 1283 637 visitationem
1298 605 1452 638 tuamillis
1468 616 1585 651 rus-pert
1597 620 1613 639 n
1628 607 1723 640 divini
1741 620 1824 642 amo-

1072 651 1114 684 ris
1149 651 1261 686 devote
1302 653 1432 687 exhibe:
1473 667 1533 688 noa
1569 664 1672 690 autem
1708 658 1823 703 petitus

1070 701 1249 734 monasterii
1278 711 1397 736 secreta
1432 703 1588 737 ullatenus
1609 705 1695 739 adire
1732 719 1822 751 prae-

1069 761 1187 792 sumas,
1217 761 1255 784 ne
1278 762 1334 796 per
1356 751 1510 785 adventus
1543 754 1585 786 tui
1611 756 1819 799 praesentiam

1069 797 1098 831 iu
1127 810 1287 832 servorum
1308 799 1365 833 Dei
1392 801 1568 835 recessibus
1591 804 1752 849 popularis
1767 817 1821 838 oc-

1067 847 1152 881 casio
1176 847 1372 894 praebeatur.
1410 849 1493 884 Haec
1531 863 1666 898 namque
1700 854 1818 894 omnia,

1066 907 1147 942 quae
1170 896 1224 931 tibi
1248 897 1279 931 in
1303 900 1458 943 praesenti
1488 899 1527 933 de
1554 901 1736 946 scinqiedicto
1755 915 1820 936 mo-

1067 946 1202 981 nasterio
1225 946 1456 988 interdicimus,
1488 950 1612 983 cunctis
1634 951 1742 994 etiam,
1764 952 1816 997 qni

1065 993 1094 1027 in
1119 1007 1156 1029 eo
1169 1007 1231 1042 quo
1254 1007 1287 1029 cs
1310 996 1421 1031 ordine
1444 997 1576 1044 locoque
1593 1000 1816 1043 successerint,

1063 1043 1123 1077 sub
1147 1044 1401 1080 interminatione
1434 1046 1530 1081 divini
1570 1047 1697 1087 iudicii,
1735 1049 1815 1083 beati

1063 1104 1190 1140 quoque
1214 1094 1297 1128 Petri
1321 1096 1453 1141 apostoli
1478 1104 1664 1143 nostraeque
1688 1098 1817 1132 hnmili-

1062 1142 1135 1176 tatis
1150 1145 1346 1187 auctoritate,
1362 1145 1421 1178 sibi
1437 1146 1637 1180 aeternaliter
1650 1147 1814 1182 interdicta

1061 1201 1266 1236 cognoscant.
1294 1193 1341 1227 Tu
1367 1206 1451 1234 vero,
1480 1194 1590 1235 frater,
1618 1208 1652 1230 ea
1681 1208 1762 1242 quae
1797 1209 1813 1232 a

1062 1240 1152 1275 nobis
1179 1250 1293 1276 statuta
1320 1251 1404 1284 sunt,
1427 1244 1612 1279 sacerdotali
1647 1245 1727 1280 sicut
1755 1246 1814 1281 de-

1060 1297 1108 1323 cet
1127 1290 1246 1333 studio,
1269 1292 1415 1326 inviolata
1437 1305 1598 1333 conserva,
1626 1306 1684 1329 nec
1705 1307 1740 1329 ea
1758 1308 1812 1342 pa-

1060 1338 1145 1373 tiaris
1168 1340 1197 1373 in
1221 1341 1328 1386 aliquo
1356 1343 1518 1376 temerari:
1554 1342 1674 1377 scilicet
1698 1344 1726 1378 iu
1756 1358 1814 1378 cu-

1058 1388 1236 1424 stodiendis
1263 1391 1309 1424 eis
1344 1390 1520 1426 fraternitas
1548 1400 1598 1426 tua
1627 1405 1660 1426 se
1687 1406 1814 1440 semper

1058 1437 1203 1471 exhibeat
1229 1447 1387 1485 quatenus
1409 1448 1439 1474 et
1466 1452 1592 1475 omnem
1612 1442 1814 1488 intptietudi-

1059 1486 1106 1520 nis
1129 1488 1328 1522 occasionem
1355 1489 1393 1523 de
1416 1489 1485 1524 loco
1509 1491 1675 1525 venerabili
1699 1492 1811 1526 exclu-

1058 1534 1109 1569 dat
1128 1543 1158 1570 et
1188 1537 1256 1571 aliis
1287 1538 1401 1572 similia
1440 1540 1562 1585 operari
1607 1541 1808 1586 persuadeat:

1057 1585 1132 1619 dum
1153 1597 1186 1620 se
1210 1587 1240 1620 in
1262 1587 1504 1627 custodiendam
1529 1590 1719 1623 voluutatffln
1746 1602 1810 1624 no-

1056 1641 1151 1668 stram
1188 1635 1341 1669 solicitam
1371 1644 1404 1670 ut
1447 1636 1537 1672 decet
1568 1638 1745 1672 exhibuerit
1778 1647 1809 1673 et

1056 1683 1212 1718 devotam.
1227 1684 1329 1718 Huius
1343 1693 1448 1719 autem
1463 1698 1614 1721 censurae
1629 1688 1808 1723 cautionem

1056 1731 1174 1779 duplici
1198 1741 1306 1767 tenore
1333 1734 1426 1768 scribi
1441 1735 1653 1776 decrevimus3
1668 1744 1807 1771 statuen-

1055 1789 1101 1815 tes
1123 1790 1157 1816 ut
1180 1794 1240 1816 una
1270 1782 1351 1817 inter
1392 1791 1463 1817 tuae
1490 1784 1652 1820 Ecclesiae
1680 1786 1807 1828 scrinia,

1054 1830 1111 1865 alia
1136 1843 1206 1866 vero
1233 1831 1272 1866 ab
1295 1832 1406 1867 abbate
1437 1841 1579 1868 servetur
1613 1836 1805 1870 monasterii.

1053 1878 1214 1926 Scriptum
1251 1892 1306 1926 per
1340 1893 1453 1916 manus
1479 1882 1632 1929 Stephani
1660 1884 1804 1918 scrinarii

1053 1937 1178 1963 sauctae
1205 1941 1352 1964 romanae
1374 1930 1534 1966 Ecclesiae
1559 1932 1807 1979 inmenscapri-

1053 1977 1101 2019 lis,
1127 1978 1297 2013 indictione
1321 1979 1565 2027 decimaquinta.

1091 2034 1198 2074 Script.
1222 2044 1323 2065 meuse
1342 2037 1445 2075 aprilis
1469 2046 1545 2066 aimo
1564 2037 1680 2067 Domini
1698 2037 1765 2076 972,

1216 2075 1319 2114 pontis.
1338 2075 1455 2106 loannis
1478 2086 1555 2107 anno
1578 2085 1637 2107 vut.

1251 2237 1515 2288 BENEDIGTUS
1551 2239 1593 2288 Vl

1273 2316 1317 2354 (1)
1338 2316 1432 2345 ΡΑΡΛ
1454 2316 1581 2347 CXXXVI

1050 2373 1142 2406 Anno
1163 2384 1253 2407 aerae
1269 2373 1383 2408 Christi
1401 2387 1508 2408 comm.
1523 2375 1800 2412 DCCCCLXXII.

1050 2438 1270 2517 Benedictus
1296 2487 1415 2521 sextus,
1443 2480 1571 2516 natione
1586 2494 1748 2526 romanus,
1763 2495 1802 2518 ex

1050 2535 1137 2574 patre
1173 2527 1404 2574 Hildebraudo,
1438 2538 1508 2576 post
1543 2529 1692 2565 Ioannem
1729 2531 1802 2566 XIII

1085 2593 1124 2628 (1)
1143 2593 1281 2628 Legendus
1305 2597 1446 2621 annotator
1472 2595 1594 2630 Baronii,
1619 2604 1702 2634 quare
1725 2597 1802 2626 Dono

1048 2631 1205 2660 Benedictus
1221 2633 1270 2660 PP.
1288 2633 1468 2669 praeficiatur.

1859 254 1912 284 An.
1935 255 1964 285 C.
1991 257 2044 285 972

1855 583 1895 610 Qui
1928 587 2041 606 monaste-

1855 618 1910 639 rium
1920 625 1963 640 non
1976 619 2040 642 nitent

1855 653 1896 675 uisi
1909 657 2009 683 rogatus.

1881 910 2008 933 Clausulam
