2237 3127
187 307 236 332 An.
253 304 369 331 (3.1018

187 727 303 757 Fpisropis
318 727 371 748 Por*

186 758 298 781 tue-»sibus
318 765 371 778 ron-

185 794 276 815 ceditur

187 829 322 850 succutiunt·
351 836 369 848 ivi

340 794 371 813 ius

186 864 285 886 omnibns
309 865 372 885 bottis

187 908 261 922 eorum
275 901 320 929 qui,
341 902 370 922 vis

186 936 289 964 subiet-ti,
345 935 370 956 al·

187 973 290 994 intestato
304 971 351 993 obit·
361 986 367 987 ff

188 1009 240 1027 rint.

195 1909 272 1935 Eidem
302 1907 381 1930 Eccum

195 1950 240 1971 niue
278 1946 382 1969 court-di-

195 1988 230 2006 tur
253 1987 313 2005 totus
339 1989 381 2002 cs-

197 2020 304 2042 staldntus
328 2019 381 2040 [³012

200 2057 283 2077 tucnn'ts
333 2062 380 2076 cnm

198 2089 244 2108 iure
264 2095 304 2116 pro
329 2087 381 2115 cpi-

197 2131 266 2152 scopo
307 2131 318 2144 n
323 2132 355 2143 11111
360 2123 381 2143 i-

198 2159 264 2180 nantll
298 2158 382 2178 radul·

199 2195 272 2221 deum*v
292 2194 327 2223 qui
353 2198 383 2214 tc-

199 2235 276 2252 neatur
321 2236 384 2258 prae-

199 2271 257 2288 stare
271 2267 345 2286 iurauit
356 2273 383 2285 n·

201 2306 245 2324 tum
274 2301 385 2322 fidelitatis

202 2339 263 2359 Rom.

201 2377 288 2400 firilnw,
304 2381 322 2396 et
343 2385 385 2395 wi-

304 2336 386 2356 Ponti—

203 2415 249 2434 miti
279 2412 386 2440 ponuat-1}

203 2448 279 2477 palatii
304 2455 342 2475 pru
363 2447 387 2466 tiz

205 2491 258 2512 quae
300 2491 345 2511 pit-i
357 2483 387 2502 rin

205 2525 263 2540 ent-ri
273 2520 339 2547 ipsiu«
350 2526 388 2546 pa-

203 2554 250 2577 tatii
269 2555 356 2576 suerint.

453 319 522 352 550

401 393 431 419 et.
459 383 559 430 plenis
582 388 613 415 et
644 391 716 414 cum
743 376 891 413 omnibus
911 383 1030 409 turrem
1053 386 1150 419 gene-

403 434 506 467 raliter
528 432 558 464 iu
585 430 739 474 integrum
778 424 1020 473 pertinentibus,
1056 422 1147 457 sicuti

401 482 510 516 atlines
532 480 599 513 eius
627 478 805 523 designant7
833 487 847 508 a
877 474 977 521 primo
999 473 1093 506 latere
1110 471 1151 504 ri-

401 544 469 569 vus,
498 530 549 576 qui
579 535 707 561 vocatur
730 524 877 561 Galeria,
912 530 941 556 et
970 534 986 556 a
1009 520 1150 555 seeundo

402 580 495 613 latere
524 577 646 615 fluvius,
680 575 732 621 qui
766 580 893 607 vocatur
919 571 1060 618 TyberiS,
1083 577 1113 604 et
1135 582 1148 602 a

402 629 491 662 tertio
505 627 600 661 latere
624 623 835 671 pulverinula,
850 630 880 655 et
896 633 910 654 a
931 629 1041 667 quarto
1057 620 1150 653 latere

401 677 512 719 soi-ma⁷
534 687 613 721 quae
637 680 763 707 vocatur
778 671 964 705 Areiouum.
987 668 1150 703 Concedi—

402 739 472 759 mus
493 725 585 759 etiam
609 723 684 769 ipsis
706 720 900 759 hominibus,
923 718 976 765 qui
997 730 1053 765 pro
1071 726 1152 752 tem-

404 787 478 821 pore
505 772 670 807 habitaturi
695 779 767 805 suut
790 769 819 803 in
855 768 1011 815 praedicta
1047 775 1151 807 turre7

403 826 479 858 itant
502 823 618 857 nullius
641 819 798 868 potestati,
821 818 938 852 nullius
957 817 1066 851 ditioni
1090 816 1152 850 sint

402 873 539 914 subditi,
562 880 613 905 ant
635 870 727 904 alicui
765 868 884 902 bomini
912 866 1066 908 serviant7
1100 872 1153 899 aut

403 923 554 956 honorem
584 920 697 954 saciant
725 917 784 952 nisi
813 917 977 963 episcopo⁷
1012 916 1064 961 qui
1092 914 1151 947 iam

404 973 431 1005 in
469 971 553 1005 dieto
581 968 743 1016 episcopio
783 966 895 1005 fuerin
933 977 991 999 uec
1025 976 1087 998 non
1122 971 1151 996 et

402 1020 626 1056 confirmamus
658 1018 744 1052 vobis
780 1015 954 1061 vestrisque
987 1025 1152 1048 suceesso-

403 1071 489 1105 ril›us
513 1070 542 1103 in
567 1076 752 1115 perpetuum
775 1077 886 1099 omnes
915 1076 962 1098 res
989 1071 1019 1097 et
1053 1061 1154 1097 facul-

403 1128 480 1154 tait—s
510 1119 640 1153 mobiles
667 1125 695 1151 et
724 1114 901 1149 immobiles
930 1113 969 1147 dc
996 1112 1057 1146 illis
1090 1111 1152 1145 lio—

404 1169 553 1208 minibus,
575 1167 627 1214 qni
650 1167 718 1200 sine
741 1163 887 1204 haerede,
910 1171 939 1196 et
963 1161 1097 1196 intestati
1118 1172 1153 1194 ac

404 1219 508 1252 subito
538 1214 754 1264 praeoccupati
792 1212 908 1247 iudicio
937 1211 1049 1245 mortui
1079 1210 1153 1243 sue-

404 1269 477 1311 rint7
504 1275 535 1301 et
567 1265 697 1300 minime
725 1275 780 1310 per
807 1275 840 1296 se
863 1261 1007 1295 ordinare
1034 1272 1070 1294 ex
1100 1271 1154 1292 eo-

405 1330 473 1351 rnm
510 1314 709 1351 facultatibus
745 1318 876 1359 possunt
910 1311 939 1344 in
969 1317 1029 1343 tota
1068 1309 1154 1342 Por-

405 1374 514 1401 tuense
536 1366 670 1403 civitate,
693 1375 746 1396 seu
776 1361 804 1394 iu
833 1359 1080 1406 Transtyberim,
1108 1357 1152 1391 vel

406 1416 434 1449 in
465 1415 563 1448 insula
586 1412 753 1455 Licaouia7
784 1410 847 1443 sive
878 1409 1070 1453 ubicumque
1103 1419 1155 1440 rc-

406 1465 459 1498 stri
484 1462 635 1510 episcopii
671 1462 736 1495 iura
764 1471 832 1493 esse
866 1458 1021 1491 videntur.
1050 1456 1153 1503 Ipsam

406 1522 545 1547 sanctam
573 1519 703 1545 matrem
739 1507 911 1543 Ecclesiam
947 1506 1153 1540 Portuensem

407 1562 643 1603 constituimus,
671 1567 763 1605 atque
794 1556 1019 1591 confirmamus
1041 1554 1156 1589 habere

407 1611 630 1645 haereditatem
655 1609 791 1651 illorum,
813 1606 863 1652 qui
888 1617 943 1651 per
965 1613 1108 1650 tempora
1125 1603 1154 1636 in

408 1661 468 1695 iam
497 1660 579 1694 dicto
602 1657 762 1704 episcopio
784 1655 917 1690 ordinati
935 1654 1060 1693 suerint,
1084 1664 1155 1699 quo-

409 1709 503 1744 modo
536 1710 580 1743 eis
607 1707 759 1754 placuerit
784 1703 950 1739 ordinandi
985 1710 1015 1736 et
1047 1702 1156 1748 dispo—

409 1759 516 1802 nendi,
540 1758 632 1792 habet
663 1755 847 1792 licentiam,
876 1765 914 1786 ne
937 1752 966 1785 in
994 1759 1155 1786 aeternum

409 1815 549 1855 pereant,
566 1806 686 1841 scilicet
701 1806 730 1838 in
749 1810 901 1850 quantum
926 1801 1085 1848 potuerint
1101 1812 1156 1834 eo-

408 1869 477 1891 rum
501 1868 626 1903 semper
647 1853 843 1889 orationibus
872 1851 1069 1885 adiuventur.
1105 1849 1158 1883 Iu-

409 1918 504 1953 super
531 1904 734 1939 concedimus
757 1901 856 1941 vobis,
884 1900 1058 1946 vestrisque
1085 1910 1158 1931 sue-

410 1955 589 1990 cessoribus
626 1954 656 1987 in
694 1958 880 1998 perpetuum
915 1962 952 1982 ex
981 1949 1047 1982 iure
1080 1947 1157 1981 sacri

412 2005 506 2039 nostri
536 2003 641 2050 palatii
673 1999 905 2042 Lateranensis,
927 1997 1012 2044 quod
1037 1997 1075 2031 ad
1099 2009 1157 2042 pu-

412 2054 527 2088 blicum
557 2060 699 2086 nostrum
729 2050 871 2097 pertinet,
902 2055 1000 2081 totum
1035 2046 1159 2080 Castal—

411 2104 528 2137 danum
553 2102 583 2135 in
604 2102 758 2146 integrum
776 2099 996 2136 Portuensem,
1017 2096 1061 2129 vel
1077 2095 1162 2141 quie-

412 2152 486 2198 quid
515 2163 616 2196 usqne
652 2150 804 2183 hactenus
831 2147 924 2180 vestri
953 2144 1161 2179 castaldiones

414 2203 452 2235 de
475 2209 536 2235 tota
558 2198 725 2234 portuensi
748 2196 883 2236 civitate,
906 2195 971 2229 sive
993 2194 1032 2228 tle
1052 2193 1160 2239 portis,

414 2250 461 2284 vel
484 2249 522 2283 de
546 2248 689 2290 navibus,
713 2258 770 2280 nec
798 2257 861 2280 non
885 2243 923 2278 de
949 2251 1012 2277 tota
1034 2242 1162 2276 Burdu-

416 2299 511 2338 naria,
539 2298 583 2331 vel
607 2295 757 2343 quicquid
780 2302 865 2329 extra
899 2293 945 2327 vel
969 2292 1063 2331 infra,
1092 2290 1163 2325 ubi-

415 2359 552 2393 cumque
575 2346 635 2380 illis
668 2344 816 2391 pertinuit
850 2344 888 2377 de
910 2343 969 2376 iam
993 2341 1076 2375 dicto
1106 2341 1164 2373 mi-

416 2397 567 2439 nisterio,
594 2395 683 2429 robis
722 2393 894 2439 vestrisque
928 2389 1164 2425 successoribus

419 2445 579 2492 perpetuis
619 2443 812 2490 temporibus
855 2441 1023 2474 tribuimus
1064 2439 1163 2486 possi-

417 2494 575 2537 (lendum⁷
598 2494 637 2527 ita
661 2500 694 2527 ut
715 2491 981 2539 qualemcumque
1004 2489 1164 2522 bominem

420 2543 535 2577 ibidem
563 2542 755 2577 constituere
790 2539 950 2574 volueritis
992 2537 1163 2572 castaldum

417 2600 473 2626 aut
500 2591 739 2629 mandatarium,
768 2596 888 2624 vestrae
917 2587 1059 2634 potestati
1086 2599 1166 2621 con-

419 2643 516 2681 sidat,
539 2650 568 2674 et
590 2640 744 2686 quidquid
768 2652 804 2673 ex
828 2639 894 2684 ipso
921 2637 1094 2670 ministerio
1112 2648 1166 2670 ac-

419 2690 574 2737 quisierit,
596 2690 643 2725 vel
666 2689 780 2724 habere
814 2686 970 2736 potuerit,
998 2685 1085 2720 vohis·
1113 2698 1165 2720 ve-

1004 317 1195 342 BULLARtUM
1215 316 1307 339 ROMA
1313 316 1381 339 Num

1193 372 1327 418 stt-isque
1345 369 1584 405 suecessoribus
1602 368 1770 407 deferatur,
1792 367 1943 416 quiequid

1193 421 1281 455 vobis
1304 420 1455 466 placuerit
1477 419 1591 453 exinde
1614 418 1763 458 faciendi,
1786 425 1889 452 tamen
1920 419 1943 450 si

1194 479 1299 504 nostro
1339 468 1446 503 comiti
1485 476 1666 502 nostrorum
1707 467 1944 501 successoribus

1195 519 1346 565 placuerit
1380 518 1419 552 de
1442 517 1517 562 illo7
1545 517 1631 563 quod
1654 516 1690 550 ad
1722 523 1863 550 nostrum
1888 529 1944 561 pa-

1195 569 1301 602 latium
1339 567 1494 614 pertinet,
1532 566 1714 599 fidelitatem
1751 565 1838 598 iuret.
1879 564 1943 611 Ipsi

1194 628 1329 664 namque
1352 616 1494 654 comites,
1517 615 1567 662 qni
1593 627 1647 661 pei·
1662 622 1801 660 tempora
1825 613 1939 648 ibidem

1194 666 1327 705 fuerint,
1358 665 1541 699 nullomodo
1569 664 1662 698 alium
1692 662 1865 697 castaldum
1897 662 1943 696 vel

1195 715 1421 749 mandatarium
1449 714 1586 748 audeant
1608 712 1769 751 ordinare,
1799 712 1843 746 vel
1867 724 1946 746 con-

1193 765 1322 799 stituere
1347 772 1468 811 praeter
1496 763 1576 806 illos⁷
1601 774 1681 809 quos
1704 774 1758 796 vos
1782 762 1826 795 vel
1851 761 1943 795 vestri

1194 826 1394 848 successores
1420 813 1574 847 ordinatis
1597 812 1642 846 vel
1666 811 1870 849 constituitis,
1890 810 1943 856 qui

1194 863 1218 897 si
1244 863 1386 906 fecerint,
1410 862 1456 896 vel
1480 862 1518 896 de
1542 862 1601 895 iam
1626 861 1711 895 dicto
1744 859 1945 894 castaldatico

1193 912 1310 959 aliquid
1339 911 1490 946 violenter
1528 910 1735 951 abstulerint,
1769 909 1813 943 vel
1848 908 1902 956 qui
1930 922 1946 943 a

1195 962 1285 996 nobis
1313 961 1401 995 vobis
1428 961 1602 1006 vestrisque
1625 958 1864 993 suecessoribus
1884 967 1946 993 tra-

1195 1011 1257 1045 dita
1280 1019 1354 1045 sunt
1373 1010 1515 1055 frangere
1531 1018 1584 1044 aut
1599 1008 1756 1043 contraire
1776 1007 1946 1052 voluerint,

1196 1061 1411 1107 unusquisque
1440 1064 1460 1093 lt
1484 1059 1537 1093 lib.
1574 1059 1640 1092 auri
1678 1057 1844 1105 persolvat,
1871 1070 1948 1092 me-

1194 1110 1341 1144 dietatem
1364 1109 1558 1155 episcopatui
1582 1116 1612 1142 et
1632 1107 1831 1141 medietatem
1846 1106 1877 1141 in
1893 1120 1948 1141 no-

1195 1166 1258 1193 stro
1283 1159 1412 1204 palatio,
1447 1166 1476 1193 et
1509 1157 1595 1205 qnod
1618 1157 1657 1191 ab
1680 1157 1726 1191 eis
1748 1156 1778 1190 in
1801 1164 1946 1191 nosti-um

1196 1208 1442 1248 castaldionem,
1465 1207 1512 1241 vel
1541 1207 1569 1240 in
1596 1206 1824 1241 mandatarium
1855 1206 1948 1240 suerit

1195 1258 1389 1296 ordinatum,
1412 1265 1591 1291 evacuetur.
1619 1255 1652 1290 Si
1679 1268 1749 1289 vero
1777 1263 1947 1290 contumax

1195 1307 1344 1349 extiterit7
1381 1319 1480 1353 usque
1515 1305 1552 1339 ad
1577 1317 1678 1339 veram
1702 1304 1946 1339 satisfactionem

1196 1356 1488 1389 excommunicatus
1510 1355 1632 1389 existat.
1666 1354 1809 1400 Itemque
1831 1365 1947 1388 conce-

1197 1405 1300 1439 dimus
1322 1413 1352 1439 et
1382 1405 1607 1439 confirmamus
1642 1403 1745 1444 vobis,
1775 1403 1949 1449 vestrisque

1196 1454 1434 1489 suecessoribus
1462 1454 1492 1487 in
1529 1460 1717 1500 perpetuum
1753 1451 1792 1486 de
1823 1452 1949 1486 civitate

1198 1503 1371 1537 Portuense
1394 1503 1474 1537 duos
1498 1504 1680 1549 piscatores,
1716 1510 1746 1536 et
1778 1501 1858 1536 duos
1890 1514 1950 1535 cu-

1199 1552 1299 1590 riales,
1333 1552 1442 1599 ‹piales
1461 1565 1515 1586 vos
1538 1552 1582 1585 vel
1611 1563 1811 1585 successores
1833 1550 1950 1596 eligere

1199 1602 1358 1636 volueritis
1377 1601 1415 1635 de
1439 1601 1512 1647 ipsis
1536 1600 1729 1640 hominibus,
1752 1600 1805 1646 qui
1830 1599 1949 1634 ibidem

1200 1650 1330 1691 suerint,
1357 1659 1410 1684 aut
1433 1650 1571 1684 invenire
1610 1650 1779 1696 potuerint.
1819 1648 1950 1683 Vestrae

1199 1700 1301 1746 itaque
1333 1699 1524 1745 religiositati
1554 1699 1630 1733 baec
1652 1698 1757 1733 omnia
1780 1698 1809 1732 in
1835 1710 1950 1745 perpe-

1198 1757 1287 1783 tuum
1319 1749 1524 1783 concedimus
1546 1756 1576 1782 et
1610 1748 1860 1786 confirmamus,
1889 1747 1947 1794 ipsi

1200 1811 1334 1844 namque
1360 1798 1423 1832 duo
1456 1799 1638 1844 piscatores,
1673 1805 1703 1831 et
1730 1796 1793 1831 duo
1815 1796 1950 1831 curiales

1201 1847 1333 1881 ulterius
1356 1848 1472 1882 nullam
1509 1846 1667 1881 dationem
1703 1854 1756 1880 aut
1785 1845 1951 1880 servitium

1200 1896 1330 1937 l'aeiant3
1355 1910 1411 1931 nee
1434 1896 1473 1931 ad
1497 1896 1643 1943 placitum
1664 1895 1892 1941 distringantur
1912 1894 1951 1929 ab

1200 1946 1326 1992 aliquo,
1360 1946 1411 1993 qni
1438 1958 1493 1992 pro
1517 1954 1657 1991 tempore
1681 1945 1710 1979 iu
1735 1945 1801 1991 ipsa
1824 1944 1950 1978 civitate

1202 1995 1366 2029 portuensi
1402 1995 1598 2029 dominatui)
1637 1995 1794 2033 tenuerit,
1830 1992 1953 2027 scilicet

1201 2052 1283 2084 tuae,
1311 2053 1501 2090 tuorumque
1532 2055 1752 2077 suceessorum
1782 2044 1851 2077 illos
1878 2042 1954 2076 sub-

1203 2093 1353 2127 mittimus
1378 2093 1530 2139 potestati.
1556 2093 1631 2126 Item
1656 2092 1881 2126 confirmamus
1905 2103 1952 2126 vo-

1202 2142 1260 2185 bis7
1284 2143 1456 2189 vestrisque
1474 2141 1711 2176 successoribus
1732 2141 1833 2175 casale
1850 2152 1953 2174 unum

1204 2191 1232 2224 in
1263 2193 1438 2237 integrum,
1474 2192 1556 2238 quod
1585 2199 1712 2225 vocatur
1734 2190 1952 2225 Genesiauum

1203 2248 1232 2275 et
1261 2240 1429 2274 Malianum
1463 2253 1536 2275 cum
1579 2239 1684 2274 Insula
1721 2240 1842 2274 Modica
1871 2239 1951 2273 ultra

1206 2290 1304 2323 rivum
1329 2290 1357 2323 in
1388 2290 1454 2336 ipso
1482 2290 1550 2323 loco
1579 2289 1716 2335 positum
1752 2301 1824 2322 cum
1847 2288 1953 2322 omni-

1204 2338 1264 2373 bus
1290 2338 1348 2373 sibi
1379 2338 1619 2384 pertinentibus,
1650 2338 1786 2384 positum
1815 2338 1861 2371 via
1879 2337 1956 2371 l'or-

1206 2395 1316 2421 tuense
1344 2388 1426 2421 iuxta
1458 2388 1629 2421 Malianum
1663 2387 1739 2421 iuris
1776 2386 1956 2421 monasterii

1205 2436 1312 2471 Sancti
1346 2437 1526 2476 Pauci-atii‚
1559 2437 1650 2471 etiam
1679 2445 1709 2470 et
1731 2436 1958 2470 confirmamus

1207 2486 1306 2530 vobis,
1330 2486 1502 2532 vestrisque
1529 2485 1767 2519 successoribus
1789 2485 1820 2518 in
1845 2496 1958 2531 perpe-

1207 2541 1295 2569 tuum
1319 2542 1413 2568 totam
1444 2535 1594 2576 insulam,
1627 2546 1707 2581 quae
1738 2543 1866 2570 vocatur
1893 2533 1959 2581 Ly-

1207 2585 1336 2623 caonia,
1374 2584 1403 2617 in
1431 2597 1491 2630 qua
1522 2593 1568 2618 est
1602 2583 1734 2618 ecelesia
1764 2583 1802 2618 Β.
1830 2582 1958 2618 Ioannis

1207 2633 1378 2678 Baptistae,
1414 2642 1442 2666 et
1478 2634 1608 2667 eeclesia
1636 2632 1669 2666 S.
1699 2632 1857 2666 Adalberti
1886 2644 1958 2666 cum

1208 2683 1289 2718 casis
1310 2692 1341 2718 et
1371 2683 1515 2718 oratoriis
1542 2683 1621 2717 mnu
1646 2682 1754 2717 eadem
1773 2689 1860 2716 curte
1885 2692 1959 2716 cum

1977 287 2025 314 An.
2042 286 2072 313 C.
2095 284 2165 314 4018

1979 614 2029 643 lpse
2087 619 2164 634 comes

1978 645 2044 666 alium
2075 643 2165 665 castul-

1979 675 2043 697 dvnm
2078 678 2167 705 praeter

1979 707 2117 728 nominatum
2139 706 2165 728 ab

1979 738 2083 768 episcop.
2108 739 2166 760 Pur-

1981 773 2040 792 tnen.
2076 769 2166 792 eonsti-

1979 805 2041 822 tuere
2054 809 2096 823 non
2110 808 2166 830 pos-

1980 833 2019 855 stt.

1980 881 2029 910 lpse
2051 888 2115 902 seruo
2149 879 2167 902 si

1980 916 2068 946 fecerit,
2117 916 2168 946 qui-

1981 960 2022 982 que
2044 952 2095 975 huic
2119 952 2167 974 Ec-

1981 988 2063 1011 etesiae
2087 987 2168 1011 donata

1995 1023 2144 1054 abstulerint,

1981 1063 2076 1090 quatuor
2127 1059 2167 1082 lili⁴

1981 1100 2127 1126 componunt.

2014 1245 2160 1267 contumaces

1983 1277 2167 1299 excommunica·

1984 1308 2066 1331 tionem
2092 1309 2169 1331 ineur-

1984 1344 2042 1362 rant.

1984 1403 2093 1433 Episcopi
2113 1405 2170 1425 Por-

1983 1443 2072 1462 tuenseu
2115 1438 2171 1461 duos

2009 1476 2142 1505 pincatores,

1984 1510 2086 1540 duosque
2126 1518 2169 1532 eu-

1985 1547 2050 1570 riutes
2093 1548 2170 1569 uomi-

1985 1587 2052 1613 nent,
2080 1583 2116 1613 qui
2144 1582 2170 1605 ab

1986 1620 2042 1649 ipsi·
2085 1622 2170 1641 tuntum

1985 1654 2118 1684 dependunt.

2020 2088 2163 2111 Confirmatio

1989 2125 2080 2148 aliorum
2098 2125 2173 2147 bono-

1990 2168 2047 2183 l‘sslll-
