2237 3127
52 302 104 330 An.
134 301 161 329 C.
184 301 234 329 598

874 308 899 332 S.
926 308 1113 331 GttEGOttlcs
1134 309 1143 331 Ι
1166 308 1213 330 PP.

1685 298 1752 330 169

260 362 427 399 securitate
455 370 597 405 tractare,
630 369 702 398 ante
736 368 840 397 actum
875 375 928 397 vos
962 362 1010 396 ol'-
1052 362 1115 397 Sed
1148 362 1173 396 si
1201 361 1397 397 abundantes
1425 360 1548 401 fuerint,
1576 368 1606 396 et
1638 361 1677 396 ad
1713 361 1797 396 ccle-

260 414 392 451 ticium‚
435 414 519 460 quod
559 413 589 447 in
633 411 785 457 regimine
827 412 1008 446 monasterii
1051 411 1185 446 brandas
1216 412 1283 446 Deo
1310 411 1417 445 laudes
1441 411 1485 445 vel
1509 410 1657 445 utilitates
1687 422 1799 445 mona-

260 462 462 501 exhibuistis‚
489 462 646 497 informat.
675 461 716 496 Et
743 460 812 495 ideo
840 461 913 507 quia
939 473 1008 495 mo-

109 532 126 543 d.
145 532 208 544 rma».
228 536 234 538 -
260 512 429 546 nasterium
448 511 610 546 beatorum
630 510 768 550 Ioannis,
787 517 817 544 et
839 510 1005 556 Stephani,

259 561 343 608 quod
380 561 411 595 in
443 560 603 596 Classiam
647 567 694 594 est
724 559 848 594 civitate
885 559 1006 593 cousti-

260 618 360 645 tutum
377 637 385 651 ,
427 610 477 645 cui
508 609 688 645 communis
729 608 812 642 filius
853 606 1005 642 Claudius

259 659 357 694 abbas
383 671 518 705 praeesse
544 658 752 704 dignoscitur,
783 656 880 691 multa
907 669 924 691 a
950 656 1006 691 (le-

260 708 437 744 cessoribus
460 708 570 742 vestris
592 706 783 753 praeiudicia
808 714 901 752 atque
927 718 1005 751 gra—

261 758 383 792 vamina
407 756 572 803 pertulisse
594 755 817 802 cognovimus;
839 762 960 800 oportet
972 763 1005 789 nt

259 806 459 841 fraternitatis
490 813 614 840 vestrae
651 804 789 852 provisio
826 815 935 838 eorum
966 803 1005 838 de

258 857 366 890 futuro
392 855 529 902 quietem
556 853 672 889 salubri
706 853 902 888 ordinatione
939 852 1004 886 dis-

258 911 373 951 ponat,
400 912 557 951 quatenus
583 911 804 938 conservantes
825 902 869 936 illi
893 901 923 936 in
945 901 1004 936 Dei

257 953 395 998 servitio,
418 953 516 1000 ipsius
537 964 664 999 quoque
685 952 782 998 gratia
804 951 1003 996 suffragante,

259 1010 363 1037 mente
390 1002 487 1037 libera
515 1008 724 1049 perseverent.
751 1000 814 1035 Sed
837 1012 876 1034 ne
897 1012 936 1034 ex
957 1011 1003 1041 ea,

256 1064 338 1098 quae
363 1051 464 1098 magis
479 1050 674 1086 emendanda
695 1058 753 1094 est,
775 1048 1004 1084 consuetudine

257 1101 422 1148 quisquam
445 1100 508 1135 illic
522 1099 663 1147 quolibet
675 1107 818 1146 tempore
832 1097 1003 1145 quidquam

256 1150 420 1185 molestiae
444 1157 621 1197 praesumat
647 1149 778 1189 inferre,
806 1160 936 1182 necesse
957 1157 1003 1182 est

257 1207 290 1233 ut
311 1200 400 1241 haec,
422 1211 503 1247 quae
525 1199 655 1234 inferius
676 1197 890 1233 enumeranda
912 1209 1004 1232 cura-

257 1249 374 1290 vimus,
400 1249 441 1284 ita
462 1249 662 1283 fraternitatis
684 1255 803 1282 vostrae
825 1246 929 1281 studio
952 1246 1005 1281 de-

256 1298 351 1332 beant
376 1298 538 1340 custodiri,
560 1307 593 1332 ut
616 1310 653 1332 ex
675 1297 719 1331 eis
741 1308 804 1330 non
829 1296 926 1342 possit
950 1296 1001 1330 ul-

257 1348 353 1382 terius
390 1347 572 1381 inferendae
595 1345 845 1393 inquietitudinis
881 1345 1003 1379 occasio

200 1426 228 1437 0-
258 1397 400 1444 reperiri.
434 1396 547 1431 Nullus
574 1396 666 1441 igitur
699 1395 779 1430 ultra
816 1394 929 1429 audeat
964 1394 1003 1429 de

170 1460 178 1472 ἢ
208 1453 220 1472 5¹
258 1446 433 1480 redditibus
454 1445 630 1480 velchartis
645 1443 794 1491 praedicti
810 1443 1002 1483 monasterii,

184 1497 223 1543 ¹:22¹*
259 1495 306 1529 vel
329 1495 369 1530 de
392 1496 462 1529 loco
488 1495 603 1541 aliquo,
618 1493 671 1541 qni
693 1493 846 1540 adipsum
870 1492 1003 1539 pertinet

223 1540 226 1544 ’
257 1556 458 1592 quocumque
494 1543 587 1578 modo
621 1542 759 1590 qualibet
793 1542 1003 1589 exquisitione

258 1606 413 1633 minuere,
427 1606 483 1628 nec
499 1593 709 1627 immissiones
725 1591 772 1626 vel
784 1591 873 1625 dolos
882 1590 1003 1637 aliquos

257 1643 370 1678 facere.
393 1642 455 1678 Sed
483 1643 508 1677 si
536 1654 597 1689 qua
618 1641 697 1676 forte
724 1653 815 1676 causa
838 1641 919 1675 inter
939 1640 1004 1674 Ra-

256 1702 425 1727 vennatem
446 1692 633 1731 Ecclesiam,
654 1698 685 1726 et
707 1690 876 1737 praefatum
893 1701 1003 1724 mona-

257 1742 388 1777 sterium
411 1741 561 1782 evenerit,
576 1749 606 1775 et
628 1740 756 1788 pacifice
782 1752 845 1773 non
868 1739 1003 1786 potuerit

259 1791 408 1835 ordinari,
422 1791 504 1838 apud
523 1791 661 1825 delectos
673 1802 689 1824 a
705 1788 845 1836 partibus
856 1789 1003 1822 timentes

256 1840 358 1875 Deum
393 1841 462 1875 sine
496 1840 671 1875 xoluntaria
703 1838 852 1872 dilatione
890 1837 1002 1872 mediis

257 1890 465 1924 sacrosanctis
486 1889 668 1934 Evangeliis
694 1887 829 1921 finiatur.
844 1886 1000 1920 Defuncto

170 1956 175 1968 ι
194 1955 228 1967 vx·
257 1951 330 1973 vero
351 1939 475 1978 abbate,
497 1951 560 1973 non
582 1946 749 1972 extraneus
765 1936 824 1970 nisi
840 1935 879 1970 de
892 1935 1000 1970 eadem

178 1992 183 2003 ‘
257 1988 513 2034 congregatione,
541 1999 635 2034 quem
664 1986 722 2020 sibi
745 1985 868 2032 propria
888 1985 1002 2019 volun-

159 2027 229 2083 22².
258 2045 318 2072 tate
348 2037 549 2083 congregatio
586 2035 725 2082 elegerit,
752 2042 782 2070 et
807 2034 860 2081 qui
883 2034 1001 2069 electus

255 2087 349 2121 fuerit
370 2087 438 2122 sine
460 2086 546 2127 dolo,
566 2085 612 2120 vel
624 2085 789 2120 venalitate
816 2084 931 2131 aliqua,
949 2095 1001 2118 or-

255 2136 398 2171 dinetur:
414 2136 497 2183 quod
521 2136 545 2170 si
569 2143 675 2182 aptam
690 2134 770 2168 iuter
786 2145 820 2168 se
833 2145 998 2180 personam

255 2185 395 2221 invenire
408 2184 620 2231 nequiverint,
639 2184 770 2219 solerter
785 2183 824 2218 de
845 2183 917 2217 aliis
931 2194 1000 2217 mo-

256 2236 402 2270 nasteriis
414 2234 473 2269 sibi
487 2234 631 2269 similiter
639 2233 765 2280 eligant,
777 2232 999 2267 ordinandum.

107 2293 167 2305 ¹¹¹²*
187 2294 229 2305 ¹¹³³-
255 2283 365 2331 Neque
391 2284 528 2319 venienti
567 2283 669 2318 abbati
696 2294 915 2330 quaecumque
928 2294 1000 2328 per-

255 2346 332 2368 sona
355 2334 494 2381 qualibet
515 2333 679 2368 occasione
700 2333 732 2366 in
744 2343 801 2366 suo
812 2331 999 2366 monasterio

255 2391 475 2430 praeponatur,
497 2382 555 2417 nisi
578 2382 655 2417 sorte
682 2381 860 2416 extantibus
877 2408 886 2426 ,
915 2380 998 2428 quod

255 2433 346 2474 absit,
375 2432 573 2472 criminibus,
592 2443 672 2479 quae
696 2431 774 2466 sacri
797 2442 933 2465 canones
947 2442 1001 2477 pu-

254 2483 322 2517 nire
349 2491 575 2517 monstrantur.
610 2481 731 2515 Pariter
762 2488 866 2515 autem
890 2488 1000 2514 custo-

254 2531 406 2567 diendum
441 2540 501 2573 est,
528 2539 563 2565 ut
590 2530 686 2565 invito
713 2530 854 2564 eiusdem
888 2541 1001 2564 mona—

254 2581 339 2616 sterii
365 2581 499 2621 abbate,
528 2580 568 2615 ad
595 2578 768 2615 ordinanda
789 2578 848 2614 alia
883 2590 1001 2613 mona—

253 2631 359 2674 steria,
372 2639 425 2665 aut
439 2631 477 2665 ad
496 2630 625 2665 ordines
646 2641 762 2667 sacros,
775 2628 823 2663 vel
834 2628 999 2663 clericatus

254 2679 388 2715 officium
410 2679 475 2715 tolli
489 2678 601 2715 exinde
613 2678 758 2714 monachi
775 2690 837 2712 non
854 2677 1015 2713 debeanm

330 2737 406 2768 Ball.
423 2736 500 2767 Rom.
522 2737 576 2768 t'ol.
598 2736 622 2767 1.
782 2735 820 2765 ⁶217.

1049 461 1216 495 steriorum
1250 459 1454 507 complendas
1483 460 1663 501 sufficiant,
1702 459 1799 494 abbas

1048 521 1121 543 cnm
1144 510 1308 545 devotione
1335 509 1374 544 de
1403 509 1463 550 his,
1490 510 1544 556 qui
1571 508 1796 556 superfuerint,

1048 558 1166 600 offerat,
1189 571 1268 605 quos
1295 558 1407 604 dignos
1436 570 1540 592 coram
1562 558 1630 592 Deo
1657 558 1797 593 invenire

1049 608 1196 654 potuerit.
1222 608 1313 649 Quod
1329 608 1353 641 si
1373 607 1564 642 sufficienter
1586 607 1705 642 habens
1718 607 1793 642 dare

1049 656 1193 697 noluerit,
1216 665 1290 691 tunc
1313 656 1475 691 Ravennas
1497 657 1665 703 episcopus
1687 656 1724 690 ad
1742 669 1794 690 or-

1047 704 1184 741 dinanda
1205 706 1261 740 alia
1286 705 1474 740 monasteria
1501 705 1539 740 de
1566 705 1626 746 his,
1649 706 1702 753 qui
1730 718 1792 740 su·—

1047 763 1188 800 persunt,
1209 754 1308 790 tollat.
1335 754 1384 789 Ad
1412 754 1658 789 ecclesiasticum
1687 762 1792 789 tamen

1046 803 1184 838 officium
1215 804 1324 838 nullus
1356 803 1470 839 exinde
1497 803 1697 850 perducatur,
1733 804 1794 838 nisi

1046 864 1140 898 quem
1161 853 1257 888 abbas
1281 853 1341 888 loci
1372 852 1552 888 admonitus
1583 853 1709 899 propria
1735 865 1794 888 vo-

1046 900 1166 937 luntate
1205 902 1365 937 obtulerit.
1409 901 1560 948 Quisquis
1607 910 1712 937 autem
1753 914 1792 936 ex

1046 950 1205 997 praedicto
1238 951 1433 986 monasterio
1465 950 1505 985 ad
1543 950 1792 986 ecclesiasticum

1045 999 1189 1035 ordinem
1232 1000 1418 1048 pervenerit,
1462 999 1593 1035 ulterius
1629 999 1695 1034 illic
1735 1013 1794 1035 nec

1045 1048 1179 1096 aliquam
1202 1057 1400 1097 potestatem,
1423 1061 1481 1084 nec
1501 1049 1659 1084 licentiam
1682 1049 1794 1085 habeat

1045 1098 1216 1134 habitandi.
1246 1099 1488 1134 Observandum
1516 1111 1643 1146 quoque
1669 1106 1729 1138 est,
1756 1108 1790 1133 ut

1045 1147 1213 1195 descriptio
1239 1161 1345 1184 rerum
1371 1156 1425 1182 aut
1451 1148 1628 1183 chartarum
1647 1148 1789 1183 eiusdem

1045 1199 1224 1233 monasterii
1267 1198 1306 1232 ab
1347 1198 1568 1232 ecclesiasticis
1613 1197 1679 1232 fieri
1727 1210 1791 1232 non

1045 1246 1177 1288 debeat,
1199 1248 1225 1282 si
1246 1247 1374 1294 quando
1401 1259 1450 1282 res
1471 1247 1585 1293 exigit:
1614 1247 1669 1281 sed
1696 1247 1792 1281 abbas

1046 1296 1104 1330 loci
1127 1308 1198 1331 cum
1221 1297 1386 1332 abbatibus
1412 1296 1482 1331 aliis
1508 1308 1613 1331 rerum
1645 1296 1789 1331 inventa-

1045 1346 1126 1379 rium
1147 1346 1247 1381 faciat.

1093 1394 1224 1436 Quoties
1251 1403 1356 1430 autem
1379 1407 1435 1443 pro
1463 1394 1592 1429 utilitate
1608 1395 1791 1430 monasterii

1044 1444 1091 1477 sui
1114 1444 1153 1478 ad
1175 1457 1339 1480 romanum
1359 1444 1538 1490 pontificem
1564 1444 1662 1479 abbas
1683 1445 1791 1478 venire

1045 1492 1092 1526 vel
1115 1494 1324 1529 transmittere
1346 1493 1425 1529 forte
1452 1493 1605 1538 voluerit,
1632 1493 1661 1528 ei
1689 1493 1792 1527 modis

1044 1542 1192 1578 omnibus
1213 1543 1315 1578 liceat.

1092 1591 1256 1627 Praeterea
1283 1605 1354 1628 cum
1391 1592 1612 1640 episcoporum
1634 1591 1788 1627 adventus

1827 300 1847 327 A
1852 309 1867 327 n

1907 301 1933 326 (ἶ,
1958 302 2008 325 ἶν”θῖ

1044 1645 1256 1682 desideranter
1281 1659 1298 1681 a
1320 1646 1517 1681 monasteriis
1552 1646 1665 1681 debeat
1696 1658 1791 1694 expe·
1826 1657 1867 1669 Μ
1919 1656 1939 1668 f*
1972 1656 1976 1668 ¹

1044 1700 1131 1741 ctari,
1166 1701 1238 1748 quia
1269 1709 1372 1736 tamen
1408 1699 1590 1748 hospitandi
1626 1700 1792 1735 occasione
1826 1728 1863 1740 ⁵...

1045 1754 1238 1801 praedictum
1261 1755 1486 1789 monasterium
1508 1754 1706 1802 temporibus
1728 1754 1790 1790 de·
1837 1756 1840 1776 ³
1860 1765 1870 1776 *¹

1042 1808 1176 1842 cessoris
1201 1809 1296 1843 vestri
1318 1808 1410 1843 nobis
1431 1808 1530 1843 fuisse
1551 1808 1730 1843 nuntiatum
1745 1817 1790 1843 est

1045 1870 1299 1908 praegravatum:
1329 1870 1452 1910 oportet
1485 1870 1519 1897 ut
1553 1862 1614 1897 hoc
1639 1863 1792 1897 sanctitas

1043 1924 1143 1950 vestra
1170 1915 1320 1951 decenter
1337 1916 1449 1951 debeat
1471 1924 1659 1964 temperare,
1681 1925 1715 1951 ut
1741 1917 1789 1950 vi-

1043 1969 1177 2015 sitandi,
1203 1970 1451 2018 exhortandique
1484 1970 1582 2017 gratia
1609 1970 1647 2005 ad
1675 1983 1787 2005 mona-

1043 2023 1172 2058 sterium
1208 2025 1331 2072 quoties
1365 2024 1541 2072 placuerit,
1575 2024 1614 2059 ab
1648 2024 1789 2059 eiusdem

1043 2077 1174 2112 civitatis
1196 2079 1332 2113 antistite
1359 2078 1536 2114 accedatur.
1559 2077 1625 2113 Sed
1646 2078 1692 2113 sic
1715 2078 1791 2113 cha-

1042 2132 1139 2167 ritatis
1161 2132 1297 2167 osticium
1326 2133 1390 2168 illic
1415 2132 1582 2179 episcopus
1609 2132 1735 2180 impleat
1758 2141 1791 2167 ut

1041 2198 1207 2232 gravamen
1241 2187 1368 2234 aliquod
1401 2187 1626 2221 monasterium
1652 2198 1716 2221 non
1740 2186 1792 2221 in—

1041 2249 1154 2275 currat.
1177 2240 1321 2276 Vestram
1344 2253 1416 2276 vero
1445 2240 1671 2275 fraternitatem
1697 2252 1791 2287 prae-

1042 2293 1144 2328 dictus
1170 2294 1266 2329 abbas
1303 2307 1367 2329 non
1398 2295 1499 2329 solum
1526 2307 1590 2329 non
1617 2293 1728 2328 metuit
1753 2293 1789 2327 ad

1041 2349 1264 2383 monasterium
1307 2348 1487 2396 frequenter
1524 2348 1691 2387 accedere,
1733 2347 1787 2382 sed

1042 2402 1135 2437 etiam
1168 2402 1416 2438 desiderabiliter
1442 2402 1646 2449 concupiscit.
1674 2401 1787 2436 Sciens

1041 2456 1124 2504 quod
1141 2468 1195 2504 per
1212 2469 1266 2491 vos
1279 2456 1451 2491 substantia
1467 2455 1645 2490 monasterii
1662 2454 1791 2489 omnino

1042 2511 1161 2557 gravari
1184 2523 1246 2545 non
1269 2511 1379 2558 possit.
1403 2511 1482 2545 Data
1494 2521 1601 2544 mense
1622 2507 1724 2555 aprili,
1741 2508 1790 2542 in-

1043 2565 1179 2600 dictione
1200 2564 1311 2612 prima.

1043 2630 1112 2660 Data
1131 2639 1231 2660 mense
1250 2630 1336 2669 aprili
1351 2638 1427 2660 anno
1452 2628 1566 2658 Domini
1593 2627 1660 2665 598,
1689 2626 1790 2667 pontis.

1083 2679 1217 2719 Gregorii
1238 2687 1316 2709 anno
1334 2686 1394 2709 vni.
