2237 3127
190 309 241 337 Au.
256 307 285 336 C.
304 306 367 336 ¹051

190 1165 314 1187 immunitas
345 1164 370 1186 ab

189 1201 295 1230 episcopo

190 1235 365 1258 ordinationibus

214 1696 356 1719 Confirmatio

190 1732 361 1763 privilegiorum.

436 264 530 287 ει-..

400 365 542 412 portibus
565 359 668 399 maris,
690 365 720 392 et
741 355 896 396 litoribus,
923 360 953 388 et
975 352 1141 394 universis,

399 413 679 461 quantiscumque,
719 406 1001 453 qualibuscumque
1045 400 1142 447 perti—

399 462 525 501 neonis.
547 466 577 493 et
603 469 673 491 cum
692 454 851 492 omuibus,
873 464 951 499 quae
973 464 988 484 a
1014 461 1140 484 romana

399 510 472 545 sede
493 508 611 543 obtinet
639 517 690 551 per
717 503 885 550 apostolica
910 499 1079 546 privilegia,
1095 498 1139 532 rel

398 559 437 594 ab
463 554 700 603 imperatoribus
721 560 751 586 et
780 551 906 597 regibus
929 561 983 595 per
1011 559 1141 595 praece-

398 616 468 655 pta,
496 607 656 639 immotam
693 610 722 635 et
747 601 886 647 quietam
921 598 959 632 ab
993 596 1142 631 omuibus

398 668 466 691 esse
486 655 653 689 sancimus.
668 651 704 685 Et
720 649 942 696 quodcumque
957 646 1015 680 sibi
1040 658 1053 679 a
1070 646 1141 692 qui-

396 705 592 749 buscumque
627 699 772 734 litlelibns
804 697 921 731 Cliristi
955 707 1139 730 concessum

398 761 455 793 est,
471 753 517 786 vel
534 752 737 797 imposterum
761 746 955 784 conceditur,
975 745 999 778 si
1017 743 1141 777 divinae

398 802 521 850 pietatis
549 806 724 845 respectum
753 795 920 837 desiderat,
952 794 1057 827 nullus
1085 793 1139 826 in—

397 851 510 889 vadat,
542 849 645 882 nullus
682 847 801 880 minuat
835 844 878 877 rel
907 842 1078 877 subtrahat.
1106 840 1138 875 Si

398 900 469 946 quis
494 898 576 933 enim
600 897 680 942 piam
702 895 831 928 Matrem
854 892 979 926 Domini
1007 891 1140 924 scienter

398 947 584 985 oss'enderit‚
612 945 723 979 boumn
757 943 947 976 voluntatem
979 939 1044 973 Filii
1073 939 1140 973 eius

399 996 550 1042 unigeniti
589 995 651 1028 imo
682 1000 712 1027 et
741 990 935 1037 primogeniti
971 989 1140 1023 Salvatoris

400 1046 497 1080 nostri
523 1044 636 1078 babere
664 1042 792 1076 omnino
816 1053 876 1073 non
901 1038 1022 1085 poterit.
1047 1037 1140 1071 Deci-

398 1107 465 1129 mas
485 1102 514 1128 et
535 1092 707 1127 oblationes
736 1098 930 1124 mortuorum
957 1087 1061 1134 quiete
1084 1087 1139 1120 ista

398 1151 500 1178 teneat
524 1141 676 1176 Ecclesia.
705 1140 770 1173 Nee
792 1138 945 1173 ordinatio
969 1136 1141 1171 monacho-

399 1205 480 1232 rum,
502 1192 550 1225 vel
574 1189 824 1236 presbyterorum
847 1187 940 1220 buius
961 1184 1140 1219 monasterii

399 1241 444 1276 vel
468 1240 613 1275 cellarum
642 1239 718 1281 eins,
750 1250 765 1271 a
793 1236 903 1283 quovis
926 1235 965 1268 ibi
995 1235 1045 1268 liat
1072 1234 1141 1280 epi-

401 1302 510 1336 scopo7
535 1289 591 1322 nisi
619 1300 710 1334 quem
730 1286 825 1320 abbas
840 1284 1023 1321 invitaverit,
1046 1292 1095 1317 ant
1114 1283 1139 1316 si

398 1351 460 1373 non
477 1338 575 1377 adest,
597 1350 654 1370 suo
677 1342 839 1381 praecepto
855 1334 922 1367 eius
942 1334 1141 1378 congregatio

398 1388 517 1422 scilicet
530 1387 599 1433 quia
616 1386 655 1419 ita
670 1385 800 1419 babetur
815 1385 845 1417 in
866 1383 1025 1429 privilegio
1042 1382 1141 1415 bonae

398 1436 568 1470 memoriae
594 1435 681 1469 Pauli
706 1446 813 1480 papae,
842 1440 875 1466 ut
901 1432 1053 1478 synodum
1079 1430 1141 1464 uul-

398 1484 448 1519 lus
474 1485 523 1518 bic
545 1484 680 1518 celebret
711 1483 888 1529 episeopus,
918 1493 974 1514 nec
1001 1480 1060 1513 alio
1083 1492 1142 1513 ve-

398 1534 466 1568 nire
491 1534 680 1578 constringat
707 1531 904 1578 presbyteros
933 1529 1030 1576 ipsius
1052 1528 1143 1562 abba-

398 1583 471 1623 tiae,
504 1582 652 1629 quoniam
687 1580 771 1627 quod
806 1579 845 1614 ab
871 1580 939 1626 ipso
975 1579 1023 1612 liic
1056 1578 1143 1611 loeus

399 1644 455 1678 per
488 1631 683 1677 privilegium
716 1629 861 1672 obtinuit,
889 1640 946 1662 uos
974 1628 1142 1672 infringere

399 1682 557 1715 nolumus.
590 1680 627 1713 Et
658 1679 908 1713 consecrationes
939 1677 1141 1711 ecclesiarum

398 1742 415 1764 a
429 1730 538 1776 quovis
553 1736 679 1775 quaerat
697 1728 791 1761 abbas
808 1727 951 1772 religioso
973 1726 1141 1771 episcopo:

191 1796 224 1818 n.
240 1795 325 1819 abb-tt·
353 1804 374 1819 ο.
398 1779 508 1813 habeat
542 1778 634 1811 simul
674 1786 704 1812 et
731 1777 875 1811 chrisma.
912 1775 960 1809 Ad
996 1775 1142 1808 idoneum

191 1831 297 1855 lectione.

399 1827 542 1862 abbatem
561 1827 738 1870 eligendum
762 1824 936 1859 secundnm
969 1824 1066 1858 sancti
1086 1823 1142 1856 Ro-

399 1877 513 1911 nedicti
544 1881 679 1921 regulam
702 1875 741 1909 sit
767 1874 944 1909 communis
959 1884 1143 1916 consensus,

400 1934 430 1960 et
452 1925 616 1971 impleatur
644 1924 749 1970 petitio
768 1923 907 1957 fratrum.

448 1974 605 2019 Scriptum
623 1981 669 2007 est
684 1981 784 2007 autem
802 1972 830 2005 in
847 1970 1034 2005 canonibus:
1051 1969 1143 2004 Inva-

400 2035 486 2057 sores
509 2023 719 2057 Ecclesiarnm
748 2022 815 2055 sine
842 2021 989 2054 dilatione
1011 2032 1143 2053 excom-

403 2072 612 2106 municentur.
634 2072 735 2105 Cuius
761 2070 804 2104 rei
827 2070 923 2116 gratia
940 2080 1067 2103 necesse
1087 2077 1143 2108 est,

402 2130 436 2155 ut
457 2121 560 2155 omnis
588 2121 706 2154 invasio
733 2121 763 2153 in
788 2120 930 2152 universa
952 2125 1053 2152 cesset
1080 2117 1145 2151 Ec-

402 2170 507 2209 etesia,
534 2170 666 2203 maxime
695 2169 723 2202 in
748 2169 836 2210 loeis7
858 2179 936 2214 quae
964 2167 1022 2200 sibi
1045 2165 1144 2201 dicata

403 2226 489 2252 tenet
514 2218 600 2252 beata
633 2218 750 2256 Maria,
778 2218 827 2251 cui
856 2217 909 2263 qui
939 2216 1039 2250 aufert
1066 2227 1144 2255 sua,

402 2268 509 2301 timeat
536 2267 692 2301 incurrere
718 2266 892 2300 anatliema.
921 2265 1032 2310 Magna
1061 2265 1144 2298 enim

403 2316 687 2350 excommunicatio
710 2315 779 2349 Filii
808 2315 914 2348 Matris
936 2313 1073 2359 Virginis
1101 2322 1146 2347 est

403 2364 586 2410 indignatio.
611 2364 749 2398 Exaltata
776 2364 996 2409 superclioros
1018 2362 1145 2406 angelo-

404 2425 472 2447 rum
501 2414 619 2452 Maria,
652 2413 763 2447 exaltet
798 2421 1034 2446 conservantem
1067 2411 1146 2446 bona

405 2474 471 2496 sna.
495 2462 555 2496 Pro
582 2462 734 2495 Dominae
768 2474 841 2496 suae
868 2462 1038 2495 reverentia
1062 2461 1147 2506 prin-

406 2523 480 2556 ceps
501 2512 711 2556 apostolorum
735 2511 845 2545 Petrus
871 2511 948 2544 ditet
967 2510 1051 2544 illum
1069 2521 1148 2543 sem-

407 2571 462 2605 per
480 2559 697 2594 benedictione
711 2560 891 2606 apostolica,
914 2567 1072 2593 annuente
1089 2559 1148 2593 lioc

406 2607 543 2653 Virginis
572 2608 691 2649 Patris,
718 2621 754 2643 ac
787 2609 924 2654 Virginis
958 2608 1064 2641 Matris
1089 2607 1146 2642 Dei

408 2657 630 2706 omnipotentis
652 2658 761 2703 gratia.
788 2657 874 2693 Beue
898 2657 1006 2692 valete.
1034 2656 1146 2692 Datum

1001 296 1190 321 mmmmm!
1213 295 1303 318 nom
1309 295 1377 317 Nm!

1183 363 1219 384 ιιι
1250 349 1320 383 idus
1347 346 1526 382 decembris
1562 356 1616 391 per
1643 355 1755 378 manus
1782 340 1937 377 Friderici

1183 398 1307 433 diaconi
1335 403 1461 431 sanctae
1484 406 1630 429 romanae
1646 393 1804 428 Ecclesiae
1822 392 1942 426 biblio-

1184 447 1312 482 thecarii
1329 447 1394 480 vice
1417 444 1537 479 domini
1561 442 1745 477 Herimanni
1768 441 1940 475 archican-

1182 496 1299 531 cellarii
1320 523 1328 535 ,
1376 503 1407 529 et
1448 492 1652 528 cotoniensis
1691 489 1938 536 archiepiscopi.

1183 546 1276 579 Anno
1299 542 1419 578 domini
1449 542 1565 577 Leonis
1583 541 1630 575 lx
1652 552 1749 588 papae
1773 551 1822 579 ιιι,
1852 538 1940 573 indi-

1182 603 1285 629 ctione
1307 606 1341 627 v.

1202 651 1264 681 Dat.
1281 651 1328 681 die
1349 649 1380 679 11
1403 648 1569 678 decembris
1588 656 1664 676 anno
1688 645 1802 675 Domini
1826 644 1915 682 1051,

1366 688 1468 729 pontif.
1488 688 1593 717 Leonis
1613 696 1689 716 anno
1708 694 1749 715 111.

1500 851 1616 886 XXIV.

1346 930 1489 963 Eiusdem
1512 928 1689 971 aiywnenli
1715 927 1776 969 (l).

1454 989 1685 1032 srinttuttut‘

1182 1065 1348 1094 Exordium.
1379 1081 1419 1086 —
1445 1063 1523 1092 Bona
1556 1061 1726 1092 monasterii
1759 1061 1939 1100 pharphen„

1221 1114 1295 1144 quae
1318 1105 1414 1133 eidem
1444 1104 1665 1132 confirmantur.
1689 1118 1729 1123 —
1756 1101 1936 1132 Eorumdem

1222 1145 1366 1183 exemptio
1391 1154 1404 1173 a
1434 1143 1565 1182 qualibet
1591 1141 1738 1178 molestia,
1757 1141 1794 1177 vi,
1813 1145 1868 1170 etc.
1895 1156 1936 1162 —

1222 1185 1330 1213 Solitae
1350 1184 1514 1213 clausulae.

1183 1246 1228 1275 Leo
1251 1247 1370 1284 episi-opus
1385 1254 1461 1273 sertim
1476 1252 1593 1273 servorum
1615 1242 1666 1279 Dei,
1691 1242 1777 1271 dilecto
1800 1241 1822 1271 in
1845 1241 1936 1272 Christo

1222 1286 1269 1315 lilio
1286 1286 1385 1314 llerartlo
1401 1284 1480 1313 abbati
1496 1283 1638 1319 unmasterii,
1656 1282 1715 1320 quod
1727 1282 1820 1320 ponitur
1832 1282 1853 1310 in
1867 1281 1939 1310 l‘liar·

1221 1326 1274 1364 plia,
1299 1326 1389 1363 litisque
1411 1323 1582 1353 successoribus
1601 1323 1623 1351 in
1639 1326 1785 1361 perpetuum,
1800 1324 1936 1360 perpetuam

1222 1366 1244 1395 iu
1266 1365 1364 1394 Domino
1385 1365 1497 1405 salutem.

1232 1432 1312 1465 Cum
1339 1431 1405 1478 piae
1423 1430 1587 1477 petitiones
1610 1427 1725 1462 nostris
1738 1426 1869 1461 auribus
1885 1426 1935 1460 in-

1183 1481 1358 1523 culcantur,
1380 1480 1472 1514 decet
1495 1491 1551 1512 uos
1579 1489 1743 1511 assensum
1773 1476 1936 1522 praebere,

1183 1538 1211 1563 et
1236 1530 1348 1564 talibus
1375 1528 1539 1563 desideriis
1569 1540 1629 1561 non
1654 1526 1804 1560 resultare
1820 1552 1828 1565 ,
1855 1537 1937 1572 qua-

1184 1579 1268 1613 tinus
1290 1591 1374 1613 sacra
1403 1578 1469 1612 loca
1487 1575 1680 1623 temporibus
1708 1575 1824 1609 uostris
1852 1586 1934 1621 pro-

1185 1628 1291 1662 liciant
1325 1636 1355 1662 et
1389 1636 1580 1673 augeantur,
1604 1634 1633 1659 et
1664 1625 1694 1658 in
1723 1623 1830 1663 nullo,
1853 1623 1937 1671 quod

1184 1678 1282 1721 absit⁷
1315 1678 1508 1711 minuantur.
1540 1675 1636 1721 igitur
1664 1674 1736 1721 quia
1767 1673 1889 1719 petistis
1921 1685 1939 1708 a

1187 1727 1286 1764 nobis,
1311 1735 1467 1774 quatenus
1481 1738 1519 1760 ex
1535 1733 1638 1758 nostra
1656 1723 1796 1769 largitate
1814 1730 1940 1757 nostro-

1185 1789 1246 1822 que
1265 1776 1348 1810 dono
1376 1774 1624 1809 concederemus
1648 1781 1767 1807 vestrae
1788 1771 1941 1817 religiosi-

1186 1827 1237 1858 tati
1284 1824 1464 1859 monasterii
1506 1823 1598 1858 vestri
1638 1821 1913 1856 confirmationem
1930 1848 1939 1865 ,

1185 1875 1390 1921 eiusdemque
1418 1874 1583 1913 honorem,
1609 1883 1703 1919 quem
1727 1871 1821 1905 babet
1843 1869 1938 1905 modo

1185 1932 1212 1957 et
1243 1924 1420 1958 habiturum
1443 1931 1490 1957 est
1517 1922 1547 1956 iu
1572 1928 1772 1968 perpetuum,
1794 1919 1939 1954 videlicet

1186 1972 1317 2007 l‘umlum
1333 1985 1479 2012 massam,
1494 1972 1522 2005 in
1543 1983 1605 2018 qno
1621 1977 1667 2004 est
1681 1969 1812 2004 eeclesia
1828 1968 1936 2003 Sancti

1188 2022 1358 2056 Valentini:
1387 2035 1425 2056 ex
1448 2020 1544 2056 l'undo
1568 2019 1701 2054 Muciani
1731 2019 1838 2052 uncias
1854 2025 1934 2051 tres:

1188 2072 1318 2105 fundum
1335 2071 1518 2113 Paternum,
1534 2071 1566 2103 in
1578 2081 1641 2115 quo
1656 2076 1702 2102 est
1714 2067 1848 2102 ecclesia
1862 2066 1941 2101 San-

1186 2120 1227 2154 cti
1255 2121 1394 2155 Ioannis:
1424 2120 1556 2154 fundum
1584 2117 1836 2153 Carbonianum:
1868 2115 1941 2150 fun-

1187 2170 1260 2203 dum
1276 2170 1464 2215 Septiniaui:
1482 2168 1613 2202 fundum
1630 2166 1788 2213 Pipiliani:
1805 2164 1940 2200 fundum

1189 2219 1304 2263 Agelli:
1334 2218 1467 2252 fundum
1493 2217 1654 2251 Mutellae:
1680 2215 1815 2249 fundum
1844 2214 1938 2248 Lori-

1189 2268 1287 2301 niani:
1319 2267 1450 2301 fundum
1473 2267 1633 2301 Urbanae:
1658 2264 1790 2298 fundum
1821 2263 1937 2298 Bucci-

1189 2317 1289 2351 niani:
1307 2316 1437 2350 fundum
1461 2315 1646 2350 Albuciani:
1662 2321 1693 2348 et
1714 2313 1792 2348 alios
1811 2311 1940 2352 fundos,

1188 2378 1258 2400 cnm
1275 2367 1432 2405 domibus,
1449 2365 1557 2403 vineis,
1575 2363 1707 2406 olivetis,
1731 2370 1825 2409 atque
1848 2361 1939 2396 colo-

1189 2416 1246 2449 nis.
1275 2415 1509 2449 Conlirmamus
1533 2423 1636 2448 autem
1661 2412 1749 2446 vobis
1765 2411 1941 2456 vestrisque

1188 2464 1424 2498 successoribus
1448 2463 1702 2510 praenominatos
1731 2459 1862 2498 fundos,
1890 2458 1938 2493 vel

1189 2514 1308 2556 uncias,
1324 2526 1378 2547 seu
1393 2513 1540 2547 ecclesias
1555 2524 1625 2546 cum
1640 2510 1730 2551 casis,
1745 2509 1854 2552 vineis,
1867 2520 1940 2555 pra-

1189 2563 1240 2606 tis,
1267 2563 1362 2605 silvis⁷
1390 2562 1504 2596 salictis
1527 2563 1581 2605 (2),
1598 2572 1655 2594 nec
1682 2571 1743 2593 non
1758 2557 1958 2604 aquimolis,-

1188 2618 1219 2646 et
1246 2611 1402 2645 universis
1423 2609 1677 2658 appendicibus5
1704 2607 1825 2642 colonis
1846 2614 1941 2653 atque

1223 2668 1262 2703 (l)
1282 2668 1345 2694 Loe.
1362 2668 1406 2693 cit„
1428 2667 1455 2694 in
1473 2667 1551 2694 notis.
1591 2665 1631 2701 (Ἃ)
1648 2665 1714 2698 Lege
1732 2665 1857 2690 salicetis.

1963 298 2013 326 An.
2030 297 2061 325 C.
2078 296 2145 326 {0⁸1

1967 1436 2096 1461 Exordium.

1967 1728 2028 1751 Bon·
2043 1732 2154 1751 monmo-

1968 1763 1996 1785 rii
2021 1762 2143 1793 Plini-phou.
2148 1781 2155 1794 ,

2080 1798 2155 1821 etit-m

1969 1833 2138 1856 confirmatur.

1970 1806 2026 1829 quae

2228 1907 2237 1991 i

2230 2000 2237 2303 i
