2237 3127
47 302 96 327 An.

130 300 150 327 [3.
173 299 223 328 585

842 303 867 326 S.
895 301 1079 326 GREGORIPS
1105 301 1116 324 1
1142 300 1190 323 PP.

261 362 317 396 teri
334 361 368 397 S.
383 360 424 396 R.
440 359 477 395 E.
490 356 730 404 bibliothecarii,
751 369 860 393 mense
875 357 998 396 martio,

258 411 370 446 indict.
398 423 450 445 ιιι.

400 459 489 494 Bene
510 458 621 493 valete.

295 515 402 555 Script.
423 524 524 546 mense
543 515 648 545 martio
666 522 742 544 anno
763 511 879 542 Domini
895 512 962 549 585,

492 558 604 597 Pelagii
622 567 698 588 anno
712 565 762 587 vu.

449 798 594 832 MAGNUS
616 798 711 829 PAPA
732 797 813 828 LXVI

324 868 416 900 Anno
442 874 531 898 aerae
559 862 673 896 Christi
701 873 809 895 comm.
836 861 934 896 DXC.

45 974 97 1002 ‘'³¹³-
128 972 158 1000 θ’
178 972 230 1000 590
258 938 449 1026 Gregorius
478 977 599 1025 primus
630 976 782 1022 Magnus,
819 975 903 1011 filius
924 974 1007 1010 Gor-

257 1029 353 1073 diani,
368 1027 531 1062 ordinatus
540 1034 587 1061 est
600 1026 740 1073 pontifex
753 1025 909 1060 maximus
920 1024 970 1059 die
986 1028 1006 1059 5

257 1077 445 1125 septembris
458 1088 539 1112 anno
555 1077 636 1110 590.
663 1075 752 1110 Sedit
770 1075 801 1108 in
823 1074 1007 1122 pontificatu

258 1128 318 1162 sub
334 1125 487 1161 Mauricio
510 1126 709 1173 imperatore,
732 1124 906 1171 primisque
926 1123 1009 1158 Pho-

258 1189 314 1212 cae
335 1175 542 1223 temporibus;
565 1186 665 1209 annos
686 1174 807 1208 scilicet
823 1185 900 1214 xm,
921 1184 1009 1208 men-

258 1239 309 1262 ses
330 1238 374 1265 vt,
399 1225 469 1260 dics
488 1237 518 1259 x.
545 1223 635 1259 Fecit
650 1223 866 1258 ordinationes
877 1222 955 1257 duas
977 1222 1007 1256 in

259 1274 508 1320 Quadragesima
525 1301 534 1314 ,
556 1281 587 1308 et
606 1273 698 1308 aliam
721 1272 752 1306 in
775 1284 885 1307 mense
910 1271 1009 1318 septi-

259 1337 324 1366 mo,
351 1323 531 1370 creavitque
552 1322 752 1370 presbyteros
785 1321 983 1368 trigintaocto
999 1347 1007 1362 ,

260 1374 410 1409 diaconos
431 1372 571 1419 quinque
586 1399 594 1413 ,
613 1372 778 1418 episcopos
800 1382 856 1417 per
889 1370 1009 1405 diversa

260 1425 327 1458 loca
341 1422 503 1468 sexaginta
520 1421 610 1456 duos.
633 1420 683 1454 Ad
710 1419 917 1454 immortalem
935 1431 1009 1465 pro-

262 1473 362 1507 fectus
386 1471 530 1517 gloriam,
546 1481 661 1516 corpus
687 1469 755 1503 eius
780 1469 941 1514 sepultum
963 1476 1009 1502 est

260 1523 292 1556 in
315 1520 438 1555 basilica
460 1520 497 1554 B.
519 1519 604 1554 Petri
627 1519 657 1553 in
679 1518 867 1557 Secretario,
889 1517 939 1551 die
965 1518 1008 1551 12

259 1571 379 1605 mensis
401 1569 502 1603 martii
525 1581 608 1603 anno
635 1569 718 1602 604.
753 1566 883 1602 Vacavit
916 1565 1008 1601 sedes

260 1631 385 1655 menses
411 1631 454 1661 vl,
475 1618 558 1653 diem
581 1630 604 1653 1.

626 1777 641 1812 Ι

261 1854 345 1887 Suas
365 1852 452 1886 intra
470 1850 614 1885 Siciliam
633 1851 708 1883 vices
725 1850 815 1883 Petro
827 1849 1011 1883 subdiacono

310 1902 486 1935 commissas
512 1901 708 1934 declament
721 1899 899 1943 provinciae
927 1899 1010 1931 illius

309 1951 442 1996 episcopi
472 1950 561 1983 semel
587 1959 644 1993 per
669 1959 786 1982 annum
818 1947 1010 1989 conveniant,

309 2001 432 2034 statuit:
458 2000 539 2043 ipsos
570 1998 646 2043 quid
671 1998 706 2030 in
737 1997 865 2030 concilio
902 2008 1011 2030 caren-

310 2051 394 2092 dum,
420 2049 496 2093 quid
516 2048 669 2092 ayendum
693 2048 743 2087 sit,
767 2053 867 2080 monet
890 2047 951 2089 (d).

266 2117 453 2157 Gregorius
471 2126 590 2146 servus
611 2125 788 2145 servorum
809 2114 871 2144 Dei
884 2113 1012 2143 univer-

302 2158 352 2188 sis
373 2156 544 2197 episcopis
564 2165 625 2196 per
640 2155 793 2185 Siciliam
807 2153 1010 2185 constitutis.

313 2220 413 2256 Valde
438 2219 649 2255 necessarium
675 2229 744 2253 esse
772 2216 1012 2265 perspeximus,

265 2278 300 2306 ut
317 2270 396 2305 sicut
421 2269 624 2304 decessorum
647 2275 827 2302 nostrorum
848 2267 908 2302 fuit
929 2266 1014 2301 iudi-

266 2321 350 2355 cium
364 2345 374 2364 ,
395 2319 437 2354 ita
458 2318 513 2353 uni
538 2317 704 2365 eidemque
730 2328 884 2364 personae
909 2315 1013 2351 omnia

266 2368 511 2409 committamus,
533 2376 564 2403 et
585 2367 637 2402 ubi
659 2378 717 2402 nos
739 2374 920 2414 praesentes
945 2376 1014 2400 esse

266 2431 330 2454 non
352 2429 534 2465 possumus,
554 2424 661 2452 nostra
683 2427 739 2464 per
760 2427 845 2460 eum,
862 2415 912 2451 cui
929 2426 1016 2462 prae-

266 2468 413 2516 cipimus,
427 2472 675 2514 repraesentetur
693 2465 872 2500 auctoritas.
894 2464 1016 2507 Quam-

267 2517 376 2552 obrem
420 2516 514 2552 Petro
552 2514 747 2552 subdiacono
778 2514 862 2550 sedis
892 2521 1015 2549 nostrae

267 2566 347 2602 intra
373 2565 567 2614 provinciam
589 2563 731 2601 Siciliam
766 2563 851 2600 vices
882 2571 1016 2604 nostras,

302 2640 342 2675 (t)
361 2639 473 2676 Registr.
493 2639 539 2668 lib.
561 2640 586 2674 ¹,
602 2639 680 2676 epist..
699 2639 724 2667 t.
739 2637 854 2667 —Dist.
874 2638 925 2670 91⁸,
944 2644 968 2665 c.
990 2637 1016 2670 t,

268 2681 352 2707 Valde
369 2682 557 2708 necessarium.

1671 287 1734 319 tat]

1042 356 1110 391 Deo
1132 354 1319 398 auxiliante,
1344 351 1571 388 commisimus.
1604 350 1670 386 Nec
1703 352 1786 386 euim

1043 405 1081 440 de
1113 405 1182 440 eius
1214 403 1335 439 actibus
1356 402 1499 437 dubitare
1524 412 1692 447 possumus
1707 428 1715 444 ,
1737 401 1786 436 cui

1042 454 1110 489 Deo
1142 453 1310 489 auxiliante
1332 459 1432 486 totum
1456 459 1598 485 nostrum
1629 449 1788 485 Ecclesiae

1044 503 1206 538 noscimur
1233 501 1455 549 patrimonium
1478 503 1520 543 (l)
1543 499 1749 534 commisisse.

1091 551 1171 587 Illud
1193 563 1319 598 quoque
1345 550 1412 586 fieri
1436 549 1550 584 debere
1569 549 1788 596 perspeximus

1046 610 1077 635 ut
1098 600 1194 636 semel
1211 612 1265 647 per
1279 612 1396 634 annum
1416 599 1453 633 ad
1469 598 1710 645 Syracusanam,
1725 599 1789 634 sive

1046 649 1254 684 Catanensem
1288 651 1350 692 (⁶2)
1378 648 1533 683 civitatem
1573 647 1791 683 universaliter

1045 699 1176 743 bonore,
1199 710 1261 746 quo
1283 698 1413 744 dignum
1429 705 1486 742 est,
1504 697 1586 731 sicut
1604 696 1706 731 eidem
1725 697 1791 731 ius·

1046 748 1156 789 simus,
1179 748 1355 782 fraternitas
1377 754 1475 782 vestra
1498 745 1683 780 conveniat:
1706 758 1792 793 qua—

1047 806 1149 836 tenus,
1172 808 1251 844 quae
1277 796 1316 831 ad
1344 796 1505 830 utilitatem
1533 794 1633 842 ipsius
1663 796 1792 842 provin-

1047 846 1113 881 ciae
1134 846 1348 882 Ecclesiarum
1375 845 1557 892 pertinent,
1579 843 1645 879 sive
1667 844 1704 879 ad
1735 857 1793 879 ne-

1047 895 1227 930 cessitatem
1270 906 1442 943 pauperum
1460 920 1470 937 ,
1505 905 1793 940 oppressorumque

1047 944 1283 985 sublevandam,
1297 944 1362 979 sive
1377 942 1623 978 admonitionem
1638 942 1792 983 omnium,

1048 1002 1142 1041 atque
1174 994 1400 1029 correctionem
1423 1003 1532 1027 eorum
1549 1018 1558 1035 ,
1580 1004 1714 1039 quorum
1737 1004 1792 1026 ex-

1049 1056 1156 1079 cessus
1185 1043 1351 1089 contigerit
1382 1041 1618 1086 demonstrari,
1656 1053 1795 1087 congrua

1049 1105 1120 1128 cum
1147 1092 1258 1128 eodeni
1281 1092 1375 1127 Petro
1408 1090 1601 1125 subdiacono
1623 1090 1706 1125 sedis
1730 1102 1795 1124 no—

1049 1151 1130 1178 strae
1151 1141 1292 1177 debeatis
1314 1140 1529 1176 moderatione
1562 1139 1739 1187 disponere.
1768 1140 1795 1174 A

1049 1204 1111 1238 quo
1133 1191 1268 1227 concilio
1291 1189 1401 1238 procul
1423 1189 1528 1224 absint
1553 1188 1623 1224 odia
1639 1216 1648 1233 ,
1680 1188 1798 1223 facino-

1050 1254 1118 1276 rum
1152 1241 1346 1276 nutrimeuta
1365 1267 1373 1280 ,
1400 1247 1494 1286 atque
1530 1238 1645 1273 invidia
1675 1239 1798 1273 interna

1050 1291 1209 1334 tabescat,
1237 1298 1267 1325 et
1294 1289 1390 1324 nimis
1415 1287 1600 1323 execrabilis
1620 1288 1796 1322 animorum

1050 1339 1216 1375 discordia.
1241 1338 1429 1374 Sacerdotes
1451 1350 1526 1372 suos
1547 1336 1715 1372 concordia
1729 1337 1797 1372 Deo

1050 1389 1173 1436 placita,
1196 1396 1225 1423 et
1247 1388 1383 1423 charitas
1405 1393 1617 1433 recognoscat.
1635 1386 1722 1421 Haec
1736 1386 1798 1432 igi-

1049 1446 1100 1473 tur
1121 1438 1226 1473 omnia
1249 1449 1320 1472 cum
1344 1448 1379 1471 ea
1400 1436 1578 1471 maturitate
1599 1435 1799 1483 actranquil-

1049 1487 1134 1522 litate
1151 1487 1262 1534 gerite,
1278 1494 1310 1521 ut
1323 1485 1506 1532 dignissime
1528 1484 1707 1533 episcopale
1730 1497 1799 1532 pos-

1049 1537 1089 1572 sit
1110 1536 1281 1571 concilium
1310 1534 1499 1582 nuncupari.

1079 1593 1141 1624 Dat.
1160 1602 1260 1624 mense
1283 1591 1459 1631 septembris
1481 1601 1556 1622 anno
1577 1590 1694 1621 Domini
1708 1590 1779 1627 590,

1228 1633 1331 1673 pontif.
1353 1631 1486 1670 Gregorii
1508 1641 1585 1661 anno
1604 1640 1623 1661 ι.

1410 1738 1438 1774 ll

1057 1800 1135 1833 Unio
1147 1800 1298 1834 desolatae
1312 1798 1545 1833 Minlttrttt'ensz's
1558 1797 1713 1831 Ecclesiae
1728 1798 1800 1830 For-

1100 1850 1209 1883 miensi
1229 1851 1285 1893 (5).

1317 1911 1531 1944 SUmLtP-IUM

1051 1967 1163 2006 Corpus
1181 1966 1330 1996 S.Erasmi
1345 1963 1612 2005 martyris—Unio
1624 1963 1794 1994 reddituum

1090 2006 1310 2037 Minturniensis
1327 2005 1476 2036 Ecclesiae
1494 2004 1670 2034 Formiensi.

1052 2064 1237 2104 Gregorius
1247 2062 1423 2093 Bacaudae
1434 2062 1594 2102 episcopo
1610 2061 1801 2090 Formiensi

1100 2119 1140 2153 Et
1161 2116 1310 2164 temporis
1331 2115 1500 2151 necessitas
1522 2127 1580 2151 nos
1594 2123 1754 2163 perurget,
1772 2122 1802 2148 et

1053 2166 1233 2203 imminutio
1254 2177 1459 2214 personarum
1481 2164 1589 2211 exigit,
1610 2171 1645 2199 ut
1665 2164 1802 2199 destitu-

1054 2217 1094 2252 tis
1114 2215 1267 2252 Ecclesiis
1288 2214 1406 2250 salubri
1427 2226 1463 2250 ac
1477 2213 1607 2262 provida
1629 2213 1803 2249 debeamus

1053 2265 1261 2314 dispositione
1282 2276 1476 2300 succurrere.
1498 2263 1539 2298 Et
1560 2263 1632 2298 ideo
1653 2262 1801 2311 quoniam

1052 2315 1485 2351 EcclesiamMiuturnensem
1495 2313 1636 2348 funditus
1644 2320 1706 2347 tam
1714 2312 1802 2352 cleri,

1054 2378 1146 2414 quam
1175 2364 1275 2412 plebis
1308 2363 1488 2399 destitutam
1515 2362 1710 2398 desolatione
1741 2373 1803 2396 co-

1055 2414 1247 2463 gnovimus;
1281 2420 1429 2460 tuamque
1459 2424 1515 2460 pro
1540 2424 1575 2447 ea
1598 2411 1801 2459 petitionem,

1055 2473 1209 2513 quatenus
1241 2462 1430 2498 Formianae
1471 2460 1632 2496 Ecclesiae
1651 2487 1659 2500 ,
1690 2460 1720 2494 in
1743 2471 1803 2507 qua

1056 2525 1172 2562 corpus
1202 2512 1285 2548 beati
1306 2511 1429 2547 Erasmi
1456 2510 1600 2558 martyris
1626 2509 1803 2556 requiescit,

1056 2564 1107 2599 cui
1128 2562 1304 2599 fraternitas
1323 2570 1375 2596 tua
1397 2559 1564 2609 praesidet,
1585 2559 1712 2606 adiungi
1739 2558 1804 2594 de-

1093 2633 1132 2669 (t)
1148 2632 1190 2662 At.
1212 2633 1406 2660 Patrocinium.
1461 2629 1502 2666 (ἢ)
1517 2629 1560 2658 ΑΙ.
1577 2629 1768 2658 Catinensium.

1094 2679 1134 2716 (5)
1151 2677 1264 2714 Registr.
1283 2676 1329 2705 lib.
1348 2676 1373 2711 ί,
1389 2675 1468 2712 epist.
1483 2675 1511 2704 8.

1816 281 1857 309 An
1891 280 1908 305 (ᾗ
1946 280 1995 305 sust-T>

1828 2452 1911 2482 Corpus
1934 2452 1956 2474 S.
1984 2453 2012 2474 Ε-

1828 2488 1892 2510 rasmi
1901 2488 2012 2517 manvia.
