2237 3127
184 285 234 311 An⁴
259 284 285 311 (ἶ.
315 285 362 310 smel

184 586 277 613 lssignat

179 623 265 643 Puutrti.
303 621 310 641 s
340 625 344 641 l

178 657 266 680 Ecclesia

177 700 204 715 ct·
231 694 289 714 Pauli
319 702 356 721 pru

201 730 273 750 lumin.
303 730 307 750 l

175 767 262 788 eiusdem
298 766 304 786 I

174 804 235 825 lirae,

446 291 516 328 176

392 368 422 395 ct
437 358 525 394 valde
542 356 765 401 incongruum,
784 365 819 388 ac
842 364 910 387 esse
933 350 1138 385 durissimum

393 409 560 448 rideretur,
590 413 623 439 ut
645 405 695 439 illa
722 404 749 438 ei
775 401 953 450 specialiter
980 399 1137 447 possessio

391 470 455 492 non
489 455 642 494 serviret,
679 454 709 487 in
746 464 807 499 qna
843 451 979 498 palmam
1007 461 1138 484 sumens

394 504 555 552 martyris,
582 503 683 549 capite
704 510 750 536 est
772 509 934 536 truncatus
960 499 1137 538 ntviveret;

390 555 464 589 utile
491 553 698 587 indicarimus
721 551 863 586 eamdem
887 561 1034 589 massam,
1056 560 1135 595 qnae

282 593 358 641 'na-ii
389 605 496 651 Aquas
516 602 636 636 Salvias
663 608 863 647 nuncupatur
889 611 960 633 enm
985 598 1135 632 omuibus

268 666 280 677 1‘
305 664 357 677 *ω’
389 652 495 687 fundis
508 651 584 691 suis,
605 650 685 685 idest
700 648 920 689 Cellavinaria,
943 647 1134 687 Antoniano,

388 702 467 736 Villa
493 701 636 738 Pertusa,
662 699 801 742 Bifurco,
823 697 1029 742 priminiano,
1054 696 1134 731 Cas—

266 737 355 787 ‚wii-
385 752 486 795 siano,
512 749 650 793 Silonis,
684 748 812 783 Corneli
840 746 1011 787 Tesselata‚
1038 754 1132 792 atque

385 800 573 835 Corneliano
594 811 667 834 cnm
689 798 774 833 omni
803 797 869 832 iure
891 796 1054 837 instructo,
1083 796 1133 829 in-

384 857 624 896 strumentoque
646 860 715 888 sno,
734 856 764 882 et
786 846 934 882 omnibns
948 845 1133 892 generaliter

382 900 421 934 ad
444 912 512 934 eain
541 897 774 946 pertinentibus
801 909 872 931 cum
895 895 1011 930 Christi
1034 895 1129 941 gratia

381 947 591 983 luminaribus
618 947 789 994 deputare:
825 945 1009 980 adiicientes
1036 944 1129 978 etiam

380 998 486 1033 eidem
515 996 650 1032 cessioni
685 996 793 1031 hortos
819 995 882 1030 (luo
906 995 1023 1041 positos
1050 994 1130 1028 inter

379 1047 521 1082 Tiberim
537 1054 569 1082 et
591 1046 737 1081 Porticus
756 1045 857 1092 ipsius
879 1044 1040 1078 Ecclesiae
1055 1055 1131 1077 enn-

381 1097 466 1131 tibns
487 1109 502 1131 a
527 1102 613 1142 porta
644 1095 778 1130 civitatis
801 1102 886 1141 parte
908 1093 1028 1137 dextra,
1049 1105 1129 1139 qnos

380 1146 491 1180 dividit
518 1144 631 1179 ssuvins
658 1144 772 1178 Almon
801 1144 882 1177 inter
903 1142 1022 1176 adlincs
1044 1141 1125 1176 horti

377 1195 562 1229 monasterii
588 1193 695 1227 Sancti
719 1192 883 1239 Stephani,
903 1191 987 1238 qnod
1010 1199 1056 1225 est
1070 1203 1128 1225 an-

377 1244 519 1279 cillarnm
542 1242 601 1278 Dei
630 1243 765 1288 positum
799 1241 837 1276 ad
860 1241 1013 1275 Sanctum
1041 1240 1127 1274 Pau-

375 1293 442 1328 lum
459 1322 468 1335 ‚
495 1301 525 1328 ct
551 1293 590 1328 ad
619 1292 696 1326 lines
724 1290 935 1339 possessionis
961 1289 1126 1333 pisinian,

376 1343 471 1378 simul
505 1351 534 1378 et
561 1342 714 1381 terrulas,
742 1353 821 1388 quae
856 1347 1006 1374 vocantur
1045 1339 1125 1373 fossa

375 1391 524 1427 Latronis
548 1391 663 1438 positas
686 1391 769 1425 idem
792 1391 875 1424 iuxta
902 1388 1031 1423 candem
1052 1387 1127 1422 Por-

376 1442 475 1477 ticnm
497 1441 646 1476 cuntibus
668 1440 811 1474 similiter
832 1452 846 1472 a
871 1445 958 1484 porta
987 1445 1071 1484 parte
1086 1438 1125 1471 si-

375 1491 487 1535 nistra,
514 1490 567 1525 nbi
590 1502 675 1524 nnnc
696 1489 805 1523 vineae
821 1488 918 1522 factae
941 1495 1024 1529 suut,
1044 1499 1123 1532 quae

374 1541 512 1575 terrulae
542 1539 713 1574 cohaerent
733 1538 772 1572 ab
795 1549 858 1572 nno
880 1536 975 1571 latere
998 1548 1123 1582 posses-

374 1589 458 1624 sioni
486 1589 652 1635 Eugenitis
678 1587 837 1635 qnondam
860 1585 1066 1625 Srliolastici,
1094 1594 1123 1620 et

373 1638 413 1673 ab
427 1639 486 1673 alia
503 1647 588 1684 parte
605 1636 795 1685 possessioni
818 1635 996 1669 monasterii
1013 1634 1121 1669 Sancti

372 1687 481 1722 Aristi.
506 1688 595 1729 Quae
622 1686 726 1721 omnia
759 1686 906 1733 quoniam
940 1684 1007 1718 Deo
1029 1684 1122 1718 adin-

369 1745 462 1772 vante
493 1750 547 1784 per
581 1736 756 1771 antedictae
791 1734 951 1769 Ecclesiae
984 1745 1121 1780 praepo—

367 1787 456 1828 sitos,
483 1786 537 1834 qui
568 1798 624 1833 per
657 1793 798 1831 tempora
821 1783 949 1823 fuerint,
982 1794 999 1817 a
1028 1794 1120 1828 prae-

367 1836 448 1870 senti
464 1836 596 1882 septima
619 1834 791 1869 indictione
810 1833 954 1868 volumus
968 1832 1118 1876 ordinari,

366 1893 397 1919 et
429 1885 584 1932 quidquid
609 1884 724 1919 exinde
746 1882 924 1926 accesserit,
953 1881 1119 1915 luminari-

366 1934 426 1969 bus
449 1935 518 1969 eius
541 1934 693 1981 impendi,
714 1941 807 1979 atque
829 1932 915 1978 ipsos
934 1931 1046 1965 exinde
1067 1943 1119 1977 po-

365 1996 441 2018 nere
469 1984 622 2019 rationes:
661 1983 779 2017 idcirco
806 1980 1017 2028 experientiae
1044 1988 1116 2015 tuae

365 2034 581 2081 praecipimus
614 2041 648 2067 nt
693 2032 939 2079 suprascriptam
980 2042 1113 2064 massam

363 2083 472 2129 Aquas
493 2083 627 2124 Salvias,
651 2094 722 2117 cum
746 2079 989 2128 praenominatis
1012 2079 1115 2113 omni-

364 2132 423 2166 bns
449 2132 555 2167 snndis
583 2132 661 2173 suis,
689 2143 747 2166 nec
775 2143 838 2165 non
874 2130 993 2170 hortos,
1020 2136 1113 2175 atque

363 2182 510 2226 terrulas,
533 2193 614 2228 quae
647 2180 792 2228 superins
825 2180 1047 2219 continentur,
1075 2179 1113 2212 ‹le

363 2230 514 2265 brevibus
543 2232 607 2265 suis
630 2230 734 2265 delere
755 2229 887 2269 debeat,
915 2241 951 2264 ac
973 2228 1112 2272 auferre,

362 2288 393 2314 et
413 2288 524 2315 cuncta
549 2280 589 2314 ad
611 2292 726 2314 nomen
750 2278 929 2326 praedictae
951 2278 1112 2312 Ecclesiae

362 2329 452 2364 Beati
478 2329 568 2364 Pauli
603 2328 734 2376 apostoli
773 2328 917 2369 tradere,
956 2335 1111 2374 qnatenus

362 2379 536 2414 servientes
562 2378 623 2413 sibi
647 2378 814 2425 praepositi
847 2377 932 2411 omui
962 2385 1030 2422 post
1052 2376 1111 2410 hoc

361 2437 503 2463 carentes
523 2428 726 2463 excusatione
752 2427 791 2461 de
817 2426 1024 2460 luminaribus
1043 2425 1110 2459 eius

362 2477 402 2512 ita
429 2478 497 2512 sine
523 2485 629 2512 nostra
651 2477 798 2512 studeant
826 2475 1028 2510 solicitudine
1055 2487 1110 2508 co-

361 2528 471 2572 gitare,
498 2535 533 2561 ut
560 2526 665 2561 nullus
689 2526 751 2560 illic
774 2537 911 2572 nuquam
948 2525 1109 2570 neglectus

363 2577 460 2621 possit
482 2576 628 2611 existere.
655 2575 751 2610 Facta
778 2587 851 2609 vero
873 2574 1108 2620 suprascripta-

362 2639 428 2660 rum
453 2626 596 2660 omnium
626 2637 728 2659 rerum
752 2624 917 2658 traditione
945 2623 1107 2665 volumus,

362 2683 393 2712 nt
420 2674 479 2710 hoc
505 2683 709 2723 praeceptum
741 2674 772 2709 in
799 2673 922 2709 Scrinio
949 2672 1107 2708 Ecclesiae

990 296 1090 319 BULLA
1097 296 1127 318 nt
1133 296 1179 317 [tu
1206 294 1367 318 ROMANUM

1182 349 1373 396 experientia
1395 356 1448 384 tua
1474 347 1628 384 restituat.
1651 343 1739 384 Bene
1757 348 1835 384 vale.
1857 348 1929 384 Dat.

1180 411 1241 433 vm
1268 397 1327 433 kal.
1357 398 1538 435 februarias,
1570 397 1645 444 imp.
1667 397 1797 433 domino
1822 406 1930 434 nostro

1179 447 1284 483 Phoca
1313 448 1374 482 l‘P.
1397 447 1478 493 Aug.
1502 459 1585 481 anno
1617 447 1771 486 secundo,
1799 455 1829 482 et
1850 461 1930 483 eon-

1178 498 1298 532 snlatns
1312 498 1380 531 eius
1396 509 1478 531 anno
1497 497 1611 543 primo,
1630 496 1694 531 ind.
1718 496 1849 543 septima
1870 500 1927 541 (l).

1178 554 1246 585 Data
1267 555 1313 584 die
1330 554 1368 584 ⁵25
1387 553 1512 583 ianuarii
1531 562 1607 583 anno
1636 553 1754 584 Domini
1777 554 1844 591 tin-t,
1860 564 1930 594 pon-

1219 595 1345 625 tisscatus
1363 594 1495 632 Gregorii
1513 603 1590 623 anno
1607 602 1662 623 xiv.

1402 750 1652 800 SABINIANUS
1684 751 1697 799 l

1436 834 1530 863 ΡΑΡΑ
1560 833 1664 863 vall.

1242 894 1335 927 Anno
1356 905 1446 927 aerae
1468 893 1584 927 Christi
1602 905 1709 926 comm..
1734 894 1812 927 DCI
1820 893 1852 928 V.

1178 968 1400 1049 Sabinianus,
1427 1008 1552 1043 natione
1580 1016 1707 1049 tuscus,
1737 1007 1776 1043 de
1798 1007 1923 1044 civitate

1172 1058 1342 1103 Volaterra,
1382 1065 1469 1105 patre
1496 1057 1607 1099 Bono,
1641 1066 1732 1092 antea
1771 1057 1924 1094 diaconus

1170 1108 1203 1142 S.
1227 1108 1265 1143 R.
1288 1108 1326 1143 E.
1361 1115 1393 1142 et
1419 1107 1563 1154 Gregorii
1602 1107 1812 1154 apocrisarius
1838 1108 1923 1154 apud

1169 1157 1355 1192 Manricium
1390 1158 1465 1204 imp.
1500 1156 1664 1191 ordinatur
1698 1157 1836 1203 pontifex
1869 1157 1922 1192 die

1168 1206 1325 1241 dominica
1354 1209 1395 1240 15
1417 1206 1607 1253 septembris
1629 1218 1711 1240 anno
1728 1207 1812 1249 604,
1840 1206 1922 1241 sedit

1169 1256 1227 1290 sub
1248 1256 1352 1291 Phoca
1376 1255 1563 1301 imperatore
1578 1267 1696 1289 aunum
1720 1267 1746 1299 1,
1773 1267 1921 1297 mens.v,

1168 1305 1235 1339 dics
1257 1318 1293 1340 lx
1315 1308 1370 1348 (2).
1399 1304 1563 1339 Ordinavit
1590 1305 1757 1351 episcopos
1792 1317 1845 1350 per
1867 1304 1919 1338 di-

1168 1368 1254 1389 versa
1278 1356 1344 1389 loca
1382 1367 1437 1389 sex
1476 1362 1506 1388 ct
1548 1354 1669 1400 viginti.
1710 1353 1850 1388 Evolavit
1876 1353 1916 1388 ad

1167 1405 1334 1438 coelestem
1357 1404 1501 1449 gloriam,
1523 1411 1553 1436 ct
1580 1415 1694 1449 corpus
1721 1404 1790 1438 eins
1812 1403 1922 1450 sepul-

1167 1462 1231 1487 tnni
1259 1463 1307 1488 est
1335 1454 1363 1487 in
1402 1453 1528 1487 basilica
1557 1452 1643 1487 Beati
1669 1452 1750 1487 l'etri
1786 1452 1838 1487 die
1871 1454 1917 1486 ⁶22

1167 1503 1312 1537 februarii
1340 1515 1423 1537 anuo
1446 1504 1527 1536 606.
1556 1501 1685 1537 Vacavit
1708 1501 1801 1537 sedes
1822 1514 1920 1536 men-

1164 1564 1214 1586 scs
1242 1565 1288 1594 xl,
1312 1552 1380 1587 dies
1407 1564 1504 1587 xxvu
1529 1554 1585 1595 (5).

1390 1681 1639 1730 ssoNlFAGlUS
1680 1681 1725 1729 lll

1431 1764 1525 1793 I'APA
1552 1763 1658 1793 LXVIII

1212 1824 1303 1857 Anno
1324 1835 1411 1856 acrae
1439 1823 1553 1856 Gla-isti
1585 1834 1693 1856 comm.
1722 1822 1863 1856 DCVII.

1162 1890 1391 1971 Bonisacins,
1443 1929 1571 1963 natione
1618 1941 1789 1973 romanus,
1827 1929 1910 1965 filins

1160 1979 1286 2014 loannis
1307 1978 1539 2022 Cataandiocis,
1566 1978 1685 2013 electus
1712 1978 1762 2013 die
1791 1981 1835 2013 18
1864 1979 1910 2015 se-

1192 2046 1215 2080 (ί
1224 2045 1232 2076 l
1241 2045 1354 2072 All-atum
1363 2044 1478 2079 diploma
1487 2044 1614 2079 loe0‚qno
1625 2044 1822 2078 adnotavimus,
1836 2046 1911 2080 posi-

1158 2084 1223 2113 tum,
1241 2081 1407 2115 perlegimus,
1425 2083 1451 2105 et
1469 2080 1514 2105 nisi
1534 2084 1611 2105 notae
1627 2079 1828 2114 chronologicae
1848 2083 1912 2108 satis

1156 2117 1334 2146 ostendcient,
1355 2116 1457 2141 nonnisi
1479 2115 1605 2146 Gregorio
1623 2115 1716 2149 Magno
1733 2123 1790 2142 esse
1805 2116 1910 2143 adscri-

1156 2152 1280 2183 bendum,
1303 2152 1357 2185 ipsa
1377 2154 1540 2177 caracteruin
1558 2151 1650 2182 fornia,
1677 2159 1793 2185 qnorum
1818 2154 1909 2186 speci-

1155 2196 1214 2214 men
1232 2196 1282 2213 non
1298 2186 1459 2213 afferendum
1477 2186 1641 2220 putavimus,
1659 2194 1720 2212 cum
1736 2186 1887 2220 diligentiae
1901 2208 1907 2219 ,

1155 2223 1352 2256 laudandaeque
1360 2221 1505 2247 curiositati
1522 2222 1634 2255 quisque
1649 2229 1713 2248 suae
1725 2221 1808 2256 possit
1819 2230 1866 2257 per
1877 2231 1908 2250 se

1153 2258 1312 2288 satisfacere,
1333 2257 1441 2283 haerere
1462 2265 1512 2282 non
1539 2257 1610 2283 sinit.
1635 2256 1756 2283 Alterum
1783 2265 1847 2284 vero
1879 2259 1906 2284 in

1154 2302 1221 2321 nova
1239 2293 1342 2319 l‘orticu
1363 2293 1501 2319 Vaticauae.
1519 2292 1640 2319 Basilirae
1651 2293 1766 2326 positum
1782 2295 1809 2318 et
1823 2301 1837 2319 a
1849 2293 1903 2320 Ba—

1154 2330 1236 2360 ronio,
1256 2329 1410 2359 manchino,
1439 2328 1535 2362 vangio,
1562 2328 1715 2363 Ciampiuo,
1737 2328 1905 2361 caeterisque

1152 2365 1274 2392 omnibns
1289 2364 1372 2389 eidem
1393 2364 1419 2389 S,
1438 2363 1566 2397 Gregorio
1578 2363 1717 2393 tributum,
1737 2371 1786 2390 cur
1798 2362 1839 2390 hic
1851 2372 1904 2391 non

1152 2399 1445 2429 attulerimus,inferius
1462 2400 1485 2424 in
1496 2399 1623 2433 Gregorio
1636 2399 1656 2424 ll
1669 2398 1842 2425 indicabimus
1854 2399 1904 2425 ad—

1151 2437 1213 2462 ditis
1225 2435 1350 2461 brevibus
1366 2434 1483 2469 quidem,
1502 2434 1546 2460 sod
1567 2434 1734 2461 validissimis
1757 2429 1905 2462 rationibus

1151 2473 1247 2506 quibus
1262 2470 1368 2496 adducti
1381 2478 1482 2501 snmus,
1498 2470 1559 2495 illud
1578 2470 1692 2504 legitimo
1708 2470 1809 2496 auctori
1827 2470 1906 2496 resti-

1152 2511 1236 2533 tuere.
1271 2506 1308 2540 (2)
1326 2506 1368 2532 Sic
1385 2505 1476 2531 habeut
1498 2509 1545 2531 iel
1564 2514 1592 2531 ιιι
1621 2505 1730 2539 vignotii
1756 2504 1838 2531 Catal.
1860 2513 1905 2532 ca-

1152 2543 1251 2576 talogus
1266 2550 1373 2575 quoqne
1391 2540 1549 2574 Angustod„
1567 2544 1593 2567 ot
1618 2548 1634 2566 v
1653 2549 1685 2567 ex
1708 2540 1785 2572 Crit.,
1804 2541 1900 2568 Baron.

1152 2577 1285 2611 praelixis:
1305 2577 1379 2611 pruni
1400 2585 1463 2602 vcro
1481 2581 1533 2602 tres
1551 2576 1646 2603 habent
1663 2575 1689 2601 d.
1708 2583 1767 2607 vni,
1785 2576 1901 2603 exclusis

1151 2614 1260 2639 sortasse
1276 2612 1412 2643 extremis,
1432 2613 1455 2638 in
1474 2612 1582 2646 reliquis·
1605 2615 1715 2646 apparet
1741 2611 1790 2637 scri
1804 2615 1903 2638 ilornnl

1150 2657 1233 2675 orror.
1254 2647 1310 2687 ,(5)
1329 2649 1449 2674 Anastas.
1467 2648 1512 2680 20,
1529 2647 1642 2674 exclusis
1667 2646 1765 2682 pariter
1791 2619 1902 2680 Iortasse

1149 2688 1284 2711 extremis.

1958 294 2011 322 An.
2039 293 2067 321 C.
2089 295 2140 322 004

1937 1930 1990 1958 An.
2013 1931 2040 1959 C.
2068 1933 2121 1960 607
