<?xml version="1.0" encoding="UTF-8"?>
<!DOCTYPE html PUBLIC "-//W3C//DTD XHTML 1.0 Transitional//EN"
    "http://www.w3.org/TR/xhtml1/DTD/xhtml1-transitional.dtd">
<html xmlns="http://www.w3.org/1999/xhtml" xml:lang="en" lang="en">
 <head>
  <title>
</title>
<meta http-equiv="Content-Type" content="text/html;charset=utf-8" />
  <meta name='ocr-system' content='tesseract 3.04.00' />
  <meta name='ocr-capabilities' content='ocr_page ocr_carea ocr_par ocr_line ocrx_word'/>
</head>
<body>
  <div class='ocr_page' id='page_1' title='image "./bullarumdiplomat01cath_0665.png"; bbox 0 0 2237 3127; ppageno 0'>
   <div class='ocr_carea' id='block_1_1' title="bbox 53 301 231 334">
    <p class='ocr_par' dir='ltr' id='par_1_1' title="bbox 53 301 231 334">
     <span class='ocr_line' id='line_1_1' title="bbox 53 301 231 334; baseline -0.017 -2"><span class='ocrx_word' id='word_1_1' title='bbox 53 307 101 334; x_wconf 75' lang='lat' dir='ltr'>An.</span> <span class='ocrx_word' id='word_1_2' title='bbox 120 304 149 331; x_wconf 90' lang='lat' dir='ltr'>C.</span> <span class='ocrx_word' id='word_1_3' title='bbox 165 301 231 329; x_wconf 74' lang='lat'>¹0:51⁸</span> 
     </span>
    </p>
   </div>
   <div class='ocr_carea' id='block_1_2' title="bbox 49 389 233 536">
    <p class='ocr_par' dir='ltr' id='par_1_2' title="bbox 49 389 233 536">
     <span class='ocr_line' id='line_1_2' title="bbox 50 389 233 418; baseline -0.016 -7"><span class='ocrx_word' id='word_1_4' title='bbox 50 389 99 418; x_wconf 73' lang='lat' dir='ltr'>Ipso</span> <span class='ocrx_word' id='word_1_5' title='bbox 115 394 167 410; x_wconf 77' lang='lat' dir='ltr'>vero</span> <span class='ocrx_word' id='word_1_6' title='bbox 185 394 233 409; x_wconf 78' lang='lat' dir='ltr'>ere-</span> 
     </span>
     <span class='ocr_line' id='line_1_3' title="bbox 51 419 232 442; baseline -0.006 0"><span class='ocrx_word' id='word_1_7' title='bbox 51 427 98 442; x_wconf 86' lang='lat' dir='ltr'>mus</span> <span class='ocrx_word' id='word_1_8' title='bbox 122 420 147 442; x_wconf 73' lang='lat' dir='ltr'>ab</span> <span class='ocrx_word' id='word_1_9' title='bbox 175 419 232 441; x_wconf 75' lang='lat' dir='ltr'>numi</span> 
     </span>
     <span class='ocr_line' id='line_1_4' title="bbox 53 451 232 473; baseline -0.006 0"><span class='ocrx_word' id='word_1_10' title='bbox 53 451 153 473; x_wconf 74' lang='lat' dir='ltr'>molestia</span> <span class='ocrx_word' id='word_1_11' title='bbox 172 451 232 473; x_wconf 82' lang='lat' dir='ltr'>libe-</span> 
     </span>
     <span class='ocr_line' id='line_1_5' title="bbox 49 482 232 504; baseline 0 0"><span class='ocrx_word' id='word_1_12' title='bbox 49 490 71 504; x_wconf 74' lang='lat' dir='ltr'>r·</span> <span class='ocrx_word' id='word_1_13' title='bbox 89 482 136 504; x_wconf 73' lang='lat' dir='ltr'>foi-0</span> <span class='ocrx_word' id='word_1_14' title='bbox 161 486 232 504; x_wconf 79' lang='lat' dir='ltr'>statu-</span> 
     </span>
     <span class='ocr_line' id='line_1_6' title="bbox 50 514 100 536; baseline -0.02 0"><span class='ocrx_word' id='word_1_15' title='bbox 50 514 100 536; x_wconf 86' lang='lat' dir='ltr'>itur:</span> 
     </span>
    </p>
   </div>
   <div class='ocr_carea' id='block_1_3' title="bbox 47 581 232 700">
    <p class='ocr_par' dir='ltr' id='par_1_3' title="bbox 47 581 232 700">
     <span class='ocr_line' id='line_1_7' title="bbox 48 581 231 604; baseline 0.005 -1"><span class='ocrx_word' id='word_1_16' title='bbox 48 581 112 604; x_wconf 69' lang='lat' dir='ltr'>salvo</span> <span class='ocrx_word' id='word_1_17' title='bbox 161 586 231 604; x_wconf 76' lang='lat' dir='ltr'>tamen</span> 
     </span>
     <span class='ocr_line' id='line_1_8' title="bbox 47 613 232 636; baseline 0.005 -1"><span class='ocrx_word' id='word_1_18' title='bbox 47 613 94 635; x_wconf 78' lang='lat' dir='ltr'>iure</span> <span class='ocrx_word' id='word_1_19' title='bbox 124 613 177 635; x_wconf 72' lang='lat' dir='ltr'>laici</span> <span class='ocrx_word' id='word_1_20' title='bbox 171 622 232 636; x_wconf 84' lang='lat' dir='ltr'>orum</span> 
     </span>
     <span class='ocr_line' id='line_1_9' title="bbox 48 646 232 675; baseline -0.005 -7"><span class='ocrx_word' id='word_1_21' title='bbox 48 646 84 675; x_wconf 81' lang='lat' dir='ltr'>qui</span> <span class='ocrx_word' id='word_1_22' title='bbox 102 654 148 668; x_wconf 76' lang='lat' dir='ltr'>enm</span> <span class='ocrx_word' id='word_1_23' title='bbox 175 653 232 668; x_wconf 81' lang='lat' dir='ltr'>con-</span> 
     </span>
     <span class='ocr_line' id='line_1_10' title="bbox 48 677 159 700; baseline 0 -1"><span class='ocrx_word' id='word_1_24' title='bbox 48 677 159 700; x_wconf 65' lang='lat' dir='ltr'>uiderunt.</span> 
     </span>
    </p>
   </div>
   <div class='ocr_carea' id='block_1_4' title="bbox 48 738 230 798">
    <p class='ocr_par' dir='ltr' id='par_1_4' title="bbox 48 738 230 798">
     <span class='ocr_line' id='line_1_11' title="bbox 48 738 230 761; baseline 0 -1"><span class='ocrx_word' id='word_1_25' title='bbox 48 738 168 761; x_wconf 77' lang='lat' dir='ltr'>Anathema</span> <span class='ocrx_word' id='word_1_26' title='bbox 209 739 230 760; x_wconf 90' lang='lat' dir='ltr'>in</span> 
     </span>
     <span class='ocr_line' id='line_1_12' title="bbox 48 774 229 798; baseline 0 -2"><span class='ocrx_word' id='word_1_27' title='bbox 48 774 168 798; x_wconf 71' lang='lat' dir='ltr'><strong>violatores</strong></span> <span class='ocrx_word' id='word_1_28' title='bbox 186 778 229 796; x_wconf 79' lang='lat' dir='ltr'>etc.</span> 
     </span>
    </p>
   </div>
   <div class='ocr_carea' id='block_1_5' title="bbox 909 315 1146 339">
    <p class='ocr_par' dir='ltr' id='par_1_5' title="bbox 909 315 1146 339">
     <span class='ocr_line' id='line_1_13' title="bbox 909 315 1146 339; baseline 0.017 -4"><span class='ocrx_word' id='word_1_29' title='bbox 909 315 932 337; x_wconf 94' lang='lat' dir='ltr'>S.</span> <span class='ocrx_word' id='word_1_30' title='bbox 956 315 1017 337; x_wconf 73' lang='lat' dir='ltr'>LEO</span> <span class='ocrx_word' id='word_1_31' title='bbox 1041 316 1071 338; x_wconf 83' lang='lat' dir='ltr'>ix</span> <span class='ocrx_word' id='word_1_32' title='bbox 1097 317 1146 339; x_wconf 75' lang='lat' dir='ltr'>r‘P.</span> 
     </span>
    </p>
   </div>
   <div class='ocr_carea' id='block_1_6' title="bbox 257 362 1010 1006">
    <p class='ocr_par' dir='ltr' id='par_1_6' title="bbox 257 362 1010 1006">
     <span class='ocr_line' id='line_1_14' title="bbox 262 362 1010 424; baseline 0.005 -25"><span class='ocrx_word' id='word_1_33' title='bbox 262 362 410 400; x_wconf 85' lang='lat' dir='ltr'>detineat.</span> <span class='ocrx_word' id='word_1_34' title='bbox 438 365 504 402; x_wconf 84' lang='lat' dir='ltr'>Nec</span> <span class='ocrx_word' id='word_1_35' title='bbox 527 366 581 401; x_wconf 87' lang='lat' dir='ltr'>ulli</span> <span class='ocrx_word' id='word_1_36' title='bbox 606 367 771 402; x_wconf 83' lang='lat' dir='ltr'>bominum</span> <span class='ocrx_word' id='word_1_37' title='bbox 800 367 920 403; x_wconf 61' lang='lat' dir='ltr'>liciat</span> <span class='ocrx_word' id='word_1_38' title='bbox 914 383 942 403; x_wconf 87' lang='lat' dir='ltr'>iu</span> <span class='ocrx_word' id='word_1_39' title='bbox 968 371 1010 424; x_wconf 81' lang='lat' dir='ltr'>ip-</span> 
     </span>
     <span class='ocr_line' id='line_1_15' title="bbox 262 417 1010 464; baseline 0.005 -15"><span class='ocrx_word' id='word_1_40' title='bbox 262 427 327 449; x_wconf 86' lang='lat' dir='ltr'>sain</span> <span class='ocrx_word' id='word_1_41' title='bbox 356 428 494 450; x_wconf 85' lang='lat' dir='ltr'>eremum</span> <span class='ocrx_word' id='word_1_42' title='bbox 520 430 574 464; x_wconf 87' lang='lat' dir='ltr'>per</span> <span class='ocrx_word' id='word_1_43' title='bbox 596 417 739 451; x_wconf 89' lang='lat' dir='ltr'>bostileiu</span> <span class='ocrx_word' id='word_1_44' title='bbox 765 418 915 464; x_wconf 66' lang='lat' dir='ltr'>impitum</span> <span class='ocrx_word' id='word_1_45' title='bbox 950 432 1010 453; x_wconf 86' lang='lat' dir='ltr'>v-io</span> 
     </span>
     <span class='ocr_line' id='line_1_16' title="bbox 263 464 1009 515; baseline 0.007 -17"><span class='ocrx_word' id='word_1_46' title='bbox 263 464 389 499; x_wconf 88' lang='lat' dir='ltr'>lenter</span> <span class='ocrx_word' id='word_1_47' title='bbox 384 479 566 512; x_wconf 78' lang='lat' dir='ltr'>irrumpere,</span> <span class='ocrx_word' id='word_1_48' title='bbox 599 476 627 501; x_wconf 90' lang='lat' dir='ltr'>et</span> <span class='ocrx_word' id='word_1_49' title='bbox 650 480 756 502; x_wconf 74' lang='lat' dir='ltr'>serios</span> <span class='ocrx_word' id='word_1_50' title='bbox 779 467 847 511; x_wconf 76' lang='lat' dir='ltr'>Dei</span> <span class='ocrx_word' id='word_1_51' title='bbox 869 469 921 515; x_wconf 90' lang='lat' dir='ltr'>qui</span> <span class='ocrx_word' id='word_1_52' title='bbox 946 469 1009 503; x_wconf 87' lang='lat' dir='ltr'>illic</span> 
     </span>
     <span class='ocr_line' id='line_1_17' title="bbox 262 513 1008 564; baseline 0.007 -17"><span class='ocrx_word' id='word_1_53' title='bbox 262 513 488 557; x_wconf 67' lang='lat' dir='ltr'>habitaverint</span> <span class='ocrx_word' id='word_1_54' title='bbox 517 517 733 563; x_wconf 80' lang='lat' dir='ltr'>velexpellere</span> <span class='ocrx_word' id='word_1_55' title='bbox 761 517 809 550; x_wconf 77' lang='lat' dir='ltr'>iel</span> <span class='ocrx_word' id='word_1_56' title='bbox 836 518 1008 564; x_wconf 73' lang='lat' dir='ltr'>‹l‹=··p11eda-</span> 
     </span>
     <span class='ocr_line' id='line_1_18' title="bbox 261 564 1006 601; baseline 0.004 -3"><span class='ocrx_word' id='word_1_57' title='bbox 261 564 402 599; x_wconf 82' lang='lat' dir='ltr'>tionibus</span> <span class='ocrx_word' id='word_1_58' title='bbox 449 565 609 600; x_wconf 79' lang='lat' dir='ltr'>infestare:</span> <span class='ocrx_word' id='word_1_59' title='bbox 658 566 746 600; x_wconf 79' lang='lat' dir='ltr'>salvo</span> <span class='ocrx_word' id='word_1_60' title='bbox 790 575 891 601; x_wconf 80' lang='lat' dir='ltr'>timeu</span> <span class='ocrx_word' id='word_1_61' title='bbox 941 580 1006 601; x_wconf 75' lang='grc' dir='ltr'>ιιιι(</span> 
     </span>
     <span class='ocr_line' id='line_1_19' title="bbox 263 613 1004 661; baseline 0.004 -14"><span class='ocrx_word' id='word_1_62' title='bbox 263 613 315 648; x_wconf 83' lang='lat' dir='ltr'>fid</span> <span class='ocrx_word' id='word_1_63' title='bbox 320 615 402 648; x_wconf 89' lang='lat' dir='ltr'>·lium</span> <span class='ocrx_word' id='word_1_64' title='bbox 436 614 611 653; x_wconf 84' lang='lat' dir='ltr'>laicoi·,um</span> <span class='ocrx_word' id='word_1_65' title='bbox 641 617 693 661; x_wconf 85' lang='lat' dir='ltr'>qui</span> <span class='ocrx_word' id='word_1_66' title='bbox 729 616 869 650; x_wconf 78' lang='lat' dir='ltr'>eiusdem</span> <span class='ocrx_word' id='word_1_67' title='bbox 909 618 1004 650; x_wconf 77' lang='lat' dir='ltr'>eremi</span> 
     </span>
     <span class='ocr_line' id='line_1_20' title="bbox 262 665 1006 710; baseline 0.005 -14"><span class='ocrx_word' id='word_1_68' title='bbox 262 665 382 710; x_wconf 85' lang='lat' dir='ltr'>patroni</span> <span class='ocrx_word' id='word_1_69' title='bbox 406 673 498 706; x_wconf 86' lang='lat' dir='ltr'>sunt</span> <span class='ocrx_word' id='word_1_70' title='bbox 514 671 544 698; x_wconf 85' lang='lat' dir='ltr'>et</span> <span class='ocrx_word' id='word_1_71' title='bbox 565 676 633 698; x_wconf 89' lang='lat' dir='ltr'>eam</span> <span class='ocrx_word' id='word_1_72' title='bbox 652 677 706 710; x_wconf 88' lang='lat' dir='ltr'>pro</span> <span class='ocrx_word' id='word_1_73' title='bbox 729 666 903 699; x_wconf 80' lang='lat' dir='ltr'>animarum</span> <span class='ocrx_word' id='word_1_74' title='bbox 926 679 1006 700; x_wconf 85' lang='lat' dir='ltr'>sua-</span> 
     </span>
     <span class='ocr_line' id='line_1_21' title="bbox 260 713 1006 761; baseline 0.004 -15"><span class='ocrx_word' id='word_1_75' title='bbox 260 725 328 746; x_wconf 91' lang='lat' dir='ltr'>rum</span> <span class='ocrx_word' id='word_1_76' title='bbox 358 713 497 747; x_wconf 84' lang='lat' dir='ltr'>remedio</span> <span class='ocrx_word' id='word_1_77' title='bbox 524 713 744 747; x_wconf 80' lang='lat' dir='ltr'>condiderunt.</span> <span class='ocrx_word' id='word_1_78' title='bbox 780 714 813 749; x_wconf 89' lang='lat' dir='ltr'>Si</span> <span class='ocrx_word' id='word_1_79' title='bbox 849 715 920 761; x_wconf 79' lang='lat' dir='ltr'>quis</span> <span class='ocrx_word' id='word_1_80' title='bbox 947 728 1006 749; x_wconf 84' lang='lat' dir='ltr'>au-</span> 
     </span>
     <span class='ocr_line' id='line_1_22' title="bbox 260 762 1007 808; baseline 0.001 -12"><span class='ocrx_word' id='word_1_81' title='bbox 260 770 321 796; x_wconf 80' lang='lat' dir='ltr'>tem</span> <span class='ocrx_word' id='word_1_82' title='bbox 345 762 438 796; x_wconf 84' lang='lat' dir='ltr'>liuius</span> <span class='ocrx_word' id='word_1_83' title='bbox 460 763 556 796; x_wconf 88' lang='lat' dir='ltr'>nostri</span> <span class='ocrx_word' id='word_1_84' title='bbox 581 763 743 808; x_wconf 77' lang='lat' dir='ltr'>apostolici</span> <span class='ocrx_word' id='word_1_85' title='bbox 772 764 888 797; x_wconf 74' lang='lat' dir='ltr'>‹let-reti</span> <span class='ocrx_word' id='word_1_86' title='bbox 912 773 1007 798; x_wconf 75' lang='lat' dir='ltr'>teine-</span> 
     </span>
     <span class='ocr_line' id='line_1_23' title="bbox 260 812 1002 859; baseline 0.004 -14"><span class='ocrx_word' id='word_1_87' title='bbox 260 821 342 845; x_wconf 85' lang='lat' dir='ltr'>rator</span> <span class='ocrx_word' id='word_1_88' title='bbox 375 820 520 849; x_wconf 80' lang='lat' dir='ltr'>extiterit,</span> <span class='ocrx_word' id='word_1_89' title='bbox 550 812 607 846; x_wconf 86' lang='lat' dir='ltr'>uisi</span> <span class='ocrx_word' id='word_1_90' title='bbox 636 813 814 858; x_wconf 68' lang='lat' dir='ltr'>resipiscat,</span> <span class='ocrx_word' id='word_1_91' title='bbox 848 822 940 859; x_wconf 78' lang='lat' dir='ltr'>atq-ie</span> <span class='ocrx_word' id='word_1_92' title='bbox 974 815 1002 848; x_wconf 92' lang='lat' dir='ltr'>iu</span> 
     </span>
     <span class='ocr_line' id='line_1_24' title="bbox 258 860 1004 907; baseline 0.001 -12"><span class='ocrx_word' id='word_1_93' title='bbox 258 860 406 895; x_wconf 80' lang='lat' dir='ltr'>omuibus</span> <span class='ocrx_word' id='word_1_94' title='bbox 429 869 556 907; x_wconf 85' lang='lat' dir='ltr'>apertus</span> <span class='ocrx_word' id='word_1_95' title='bbox 583 861 639 895; x_wconf 89' lang='lat' dir='ltr'>Dei</span> <span class='ocrx_word' id='word_1_96' title='bbox 664 862 809 895; x_wconf 72' lang='lat' dir='ltr'>inimicus</span> <span class='ocrx_word' id='word_1_97' title='bbox 836 863 1004 897; x_wconf 70' lang='lat' dir='ltr'>emendare</span> 
     </span>
     <span class='ocr_line' id='line_1_25' title="bbox 258 910 1004 949; baseline 0.003 -5"><span class='ocrx_word' id='word_1_98' title='bbox 258 918 449 949; x_wconf 69' lang='lat' dir='ltr'>contemnat,</span> <span class='ocrx_word' id='word_1_99' title='bbox 482 910 690 944; x_wconf 76' lang='lat' dir='ltr'>anathematis</span> <span class='ocrx_word' id='word_1_100' title='bbox 712 923 745 945; x_wconf 85' lang='lat' dir='ltr'>sc</span> <span class='ocrx_word' id='word_1_101' title='bbox 769 912 899 946; x_wconf 66' lang='lat' dir='ltr'>vinculis</span> <span class='ocrx_word' id='word_1_102' title='bbox 921 913 1004 947; x_wconf 90' lang='lat' dir='ltr'>obli-</span> 
     </span>
     <span class='ocr_line' id='line_1_26' title="bbox 257 959 822 1006; baseline 0 -12"><span class='ocrx_word' id='word_1_103' title='bbox 257 959 396 1005; x_wconf 85' lang='lat' dir='ltr'>gandum</span> <span class='ocrx_word' id='word_1_104' title='bbox 421 959 635 994; x_wconf 77' lang='lat' dir='ltr'>indubitanter</span> <span class='ocrx_word' id='word_1_105' title='bbox 661 968 822 1006; x_wconf 76' lang='lat' dir='ltr'>agnoscat.</span> 
     </span>
    </p>
   </div>
   <div class='ocr_carea' id='block_1_7' title="bbox 552 1033 691 1040">
    <p class='ocr_par' dir='ltr' id='par_1_7' title="bbox 552 1033 691 1040">
     <span class='ocr_line' id='line_1_27' title="bbox 552 1033 691 1040; baseline 0 2087"><span class='ocrx_word' id='word_1_106' title='bbox 552 1033 691 1040; x_wconf 95' lang='lat' dir='ltr'> </span> 
     </span>
    </p>
   </div>
   <div class='ocr_carea' id='block_1_8' title="bbox 259 1098 1002 1293">
    <p class='ocr_par' dir='ltr' id='par_1_8' title="bbox 259 1098 1002 1293">
     <span class='ocr_line' id='line_1_28' title="bbox 259 1098 1001 1143; baseline 0 -12"><span class='ocrx_word' id='word_1_107' title='bbox 259 1098 352 1131; x_wconf 70' lang='lat' dir='ltr'>Bulla</span> <span class='ocrx_word' id='word_1_108' title='bbox 375 1098 484 1131; x_wconf 81' lang='lat' dir='ltr'><em>Leonis</em></span> <span class='ocrx_word' id='word_1_109' title='bbox 513 1098 563 1131; x_wconf 81' lang='lat' dir='ltr'>IX</span> <span class='ocrx_word' id='word_1_110' title='bbox 584 1110 705 1143; x_wconf 79' lang='lat' dir='ltr'>papae,</span> <span class='ocrx_word' id='word_1_111' title='bbox 741 1111 801 1143; x_wconf 73' lang='lat' dir='ltr'>qna</span> <span class='ocrx_word' id='word_1_112' title='bbox 837 1099 1001 1131; x_wconf 70' lang='lat' dir='ltr'><em>Ecclesiam</em></span> 
     </span>
     <span class='ocr_line' id='line_1_29' title="bbox 303 1148 1002 1193; baseline -0.001 -13"><span class='ocrx_word' id='word_1_113' title='bbox 303 1148 485 1181; x_wconf 80' lang='lat' dir='ltr'>Fuldensem</span> <span class='ocrx_word' id='word_1_114' title='bbox 515 1149 569 1182; x_wconf 77' lang='lat' dir='ltr'>sab</span> <span class='ocrx_word' id='word_1_115' title='bbox 603 1149 786 1193; x_wconf 76' lang='lat' dir='ltr'>protectione</span> <span class='ocrx_word' id='word_1_116' title='bbox 821 1150 899 1181; x_wconf 69' lang='lat' dir='ltr'>sedis</span> <span class='ocrx_word' id='word_1_117' title='bbox 932 1161 1002 1192; x_wconf 78' lang='lat' dir='ltr'>apo·</span> 
     </span>
     <span class='ocr_line' id='line_1_30' title="bbox 302 1198 1002 1242; baseline 0.001 -12"><span class='ocrx_word' id='word_1_118' title='bbox 302 1198 427 1231; x_wconf 71' lang='lat' dir='ltr'>scoticae</span> <span class='ocrx_word' id='word_1_119' title='bbox 448 1199 565 1242; x_wconf 77' lang='lat' dir='ltr'>recipit,</span> <span class='ocrx_word' id='word_1_120' title='bbox 588 1210 623 1232; x_wconf 84' lang='lat' dir='ltr'>ac</span> <span class='ocrx_word' id='word_1_121' title='bbox 639 1205 747 1232; x_wconf 78' lang='lat' dir='ltr'>cuncta</span> <span class='ocrx_word' id='word_1_122' title='bbox 761 1200 823 1232; x_wconf 79' lang='lat' dir='ltr'>eius</span> <span class='ocrx_word' id='word_1_123' title='bbox 835 1199 1002 1242; x_wconf 70' lang='lat' dir='ltr'>priuileyia</span> 
     </span>
     <span class='ocr_line' id='line_1_31' title="bbox 304 1248 476 1293; baseline 0.006 -13"><span class='ocrx_word' id='word_1_124' title='bbox 304 1248 476 1293; x_wconf 80' lang='lat' dir='ltr'>confirmat.</span> 
     </span>
    </p>
   </div>
   <div class='ocr_carea' id='block_1_9' title="bbox 255 1322 1001 1629">
    <p class='ocr_par' dir='ltr' id='par_1_9' title="bbox 255 1322 1001 1629">
     <span class='ocr_line' id='line_1_32' title="bbox 255 1322 1001 1359; baseline -0.001 -8"><span class='ocrx_word' id='word_1_125' title='bbox 255 1322 302 1351; x_wconf 80' lang='lat' dir='ltr'>Leo</span> <span class='ocrx_word' id='word_1_126' title='bbox 321 1323 461 1359; x_wconf 80' lang='lat' dir='ltr'>episcopus</span> <span class='ocrx_word' id='word_1_127' title='bbox 480 1330 574 1352; x_wconf 85' lang='lat' dir='ltr'>servus</span> <span class='ocrx_word' id='word_1_128' title='bbox 595 1330 733 1351; x_wconf 78' lang='lat' dir='ltr'>servorum</span> <span class='ocrx_word' id='word_1_129' title='bbox 748 1322 803 1355; x_wconf 80' lang='lat' dir='ltr'>Dei,</span> <span class='ocrx_word' id='word_1_130' title='bbox 829 1323 938 1350; x_wconf 86' lang='lat' dir='ltr'>Geberto</span> <span class='ocrx_word' id='word_1_131' title='bbox 958 1322 1001 1357; x_wconf 83' lang='lat' dir='ltr'>pio</span> 
     </span>
     <span class='ocr_line' id='line_1_33' title="bbox 299 1368 1000 1403; baseline -0.001 -7"><span class='ocrx_word' id='word_1_132' title='bbox 299 1369 327 1396; x_wconf 85' lang='lat' dir='ltr'>et</span> <span class='ocrx_word' id='word_1_133' title='bbox 342 1368 470 1403; x_wconf 85' lang='lat' dir='ltr'>religioso</span> <span class='ocrx_word' id='word_1_134' title='bbox 489 1368 581 1396; x_wconf 81' lang='lat' dir='ltr'>abbati</span> <span class='ocrx_word' id='word_1_135' title='bbox 599 1368 762 1397; x_wconf 82' lang='lat' dir='ltr'>venerabilis</span> <span class='ocrx_word' id='word_1_136' title='bbox 775 1368 934 1396; x_wconf 82' lang='lat' dir='ltr'>monasterii</span> <span class='ocrx_word' id='word_1_137' title='bbox 945 1368 1000 1395; x_wconf 81' lang='lat' dir='ltr'>Sal-</span> 
     </span>
     <span class='ocr_line' id='line_1_34' title="bbox 298 1413 1001 1445; baseline -0.001 -4"><span class='ocrx_word' id='word_1_138' title='bbox 298 1413 403 1441; x_wconf 82' lang='lat' dir='ltr'>vatoris</span> <span class='ocrx_word' id='word_1_139' title='bbox 422 1413 523 1440; x_wconf 85' lang='lat' dir='ltr'>Domini</span> <span class='ocrx_word' id='word_1_140' title='bbox 543 1413 630 1441; x_wconf 78' lang='lat' dir='ltr'><strong>nostri</strong></span> <span class='ocrx_word' id='word_1_141' title='bbox 649 1414 708 1442; x_wconf 88' lang='lat' dir='ltr'>lesu</span> <span class='ocrx_word' id='word_1_142' title='bbox 732 1413 843 1445; x_wconf 77' lang='lat' dir='ltr'><strong>Christi,</strong></span> <span class='ocrx_word' id='word_1_143' title='bbox 864 1415 892 1441; x_wconf 85' lang='lat' dir='ltr'>et</span> <span class='ocrx_word' id='word_1_144' title='bbox 911 1413 1001 1440; x_wconf 74' lang='lat' dir='ltr'>sancti</span> 
     </span>
     <span class='ocr_line' id='line_1_35' title="bbox 298 1457 999 1494; baseline 0 -9"><span class='ocrx_word' id='word_1_145' title='bbox 298 1457 436 1491; x_wconf 80' lang='lat' dir='ltr'>Bonifacii,</span> <span class='ocrx_word' id='word_1_146' title='bbox 457 1458 525 1494; x_wconf 80' lang='lat' dir='ltr'>quud</span> <span class='ocrx_word' id='word_1_147' title='bbox 548 1459 630 1486; x_wconf 83' lang='lat' dir='ltr'>situm</span> <span class='ocrx_word' id='word_1_148' title='bbox 649 1459 691 1486; x_wconf 79' lang='lat' dir='ltr'>est</span> <span class='ocrx_word' id='word_1_149' title='bbox 714 1458 742 1485; x_wconf 88' lang='lat' dir='ltr'>in</span> <span class='ocrx_word' id='word_1_150' title='bbox 761 1458 828 1490; x_wconf 83' lang='lat' dir='ltr'>loco,</span> <span class='ocrx_word' id='word_1_151' title='bbox 849 1458 893 1493; x_wconf 76' lang='lat' dir='ltr'>qui</span> <span class='ocrx_word' id='word_1_152' title='bbox 924 1465 999 1486; x_wconf 73' lang='lat' dir='ltr'>voca·</span> 
     </span>
     <span class='ocr_line' id='line_1_36' title="bbox 297 1502 999 1538; baseline -0.001 -7"><span class='ocrx_word' id='word_1_153' title='bbox 297 1504 342 1531; x_wconf 83' lang='lat' dir='ltr'>tur</span> <span class='ocrx_word' id='word_1_154' title='bbox 360 1503 498 1536; x_wconf 83' lang='lat' dir='ltr'>Bochonia,</span> <span class='ocrx_word' id='word_1_155' title='bbox 515 1503 595 1531; x_wconf 80' lang='lat' dir='ltr'>iuxta</span> <span class='ocrx_word' id='word_1_156' title='bbox 614 1503 702 1538; x_wconf 84' lang='lat' dir='ltr'>ripam</span> <span class='ocrx_word' id='word_1_157' title='bbox 718 1502 847 1535; x_wconf 87' lang='lat' dir='ltr'>fluminis,</span> <span class='ocrx_word' id='word_1_158' title='bbox 869 1503 936 1538; x_wconf 84' lang='lat' dir='ltr'>quod</span> <span class='ocrx_word' id='word_1_159' title='bbox 956 1510 999 1531; x_wconf 85' lang='lat' dir='ltr'>vo·</span> 
     </span>
     <span class='ocr_line' id='line_1_37' title="bbox 297 1548 999 1584; baseline -0.001 -8"><span class='ocrx_word' id='word_1_160' title='bbox 297 1549 376 1576; x_wconf 83' lang='lat' dir='ltr'>catur</span> <span class='ocrx_word' id='word_1_161' title='bbox 394 1548 485 1580; x_wconf 73' lang='lat' dir='ltr'>fulda,</span> <span class='ocrx_word' id='word_1_162' title='bbox 502 1549 530 1576; x_wconf 79' lang='lat' dir='ltr'>et</span> <span class='ocrx_word' id='word_1_163' title='bbox 548 1555 597 1584; x_wconf 83' lang='lat' dir='ltr'>per</span> <span class='ocrx_word' id='word_1_164' title='bbox 621 1549 649 1576; x_wconf 84' lang='lat' dir='ltr'>te</span> <span class='ocrx_word' id='word_1_165' title='bbox 676 1548 760 1576; x_wconf 85' lang='lat' dir='ltr'>eidem</span> <span class='ocrx_word' id='word_1_166' title='bbox 779 1548 926 1576; x_wconf 80' lang='lat' dir='ltr'>venerabili</span> <span class='ocrx_word' id='word_1_167' title='bbox 945 1555 999 1575; x_wconf 82' lang='lat' dir='ltr'>mo-</span> 
     </span>
     <span class='ocr_line' id='line_1_38' title="bbox 296 1593 998 1629; baseline -0.001 -8"><span class='ocrx_word' id='word_1_168' title='bbox 296 1593 428 1626; x_wconf 78' lang='lat' dir='ltr'>misterio,</span> <span class='ocrx_word' id='word_1_169' title='bbox 447 1593 556 1629; x_wconf 77' lang='lat' dir='ltr'>tuisque</span> <span class='ocrx_word' id='word_1_170' title='bbox 571 1593 769 1621; x_wconf 77' lang='lat' dir='ltr'>successoribus</span> <span class='ocrx_word' id='word_1_171' title='bbox 786 1593 814 1620; x_wconf 90' lang='lat' dir='ltr'>in</span> <span class='ocrx_word' id='word_1_172' title='bbox 830 1595 998 1628; x_wconf 79' lang='lat' dir='ltr'>perpetuum.</span> 
     </span>
    </p>
   </div>
   <div class='ocr_carea' id='block_1_10' title="bbox 250 1656 1005 2744">
    <p class='ocr_par' dir='ltr' id='par_1_10' title="bbox 250 1656 1005 2744">
     <span class='ocr_line' id='line_1_39' title="bbox 300 1656 998 1703; baseline 0 -14"><span class='ocrx_word' id='word_1_173' title='bbox 300 1656 456 1691; x_wconf 86' lang='lat' dir='ltr'>Convenit</span> <span class='ocrx_word' id='word_1_174' title='bbox 495 1656 667 1703; x_wconf 82' lang='lat' dir='ltr'>apostolico</span> <span class='ocrx_word' id='word_1_175' title='bbox 705 1656 910 1690; x_wconf 76' lang='lat' dir='ltr'>moderamini</span> <span class='ocrx_word' id='word_1_176' title='bbox 950 1656 998 1701; x_wconf 84' lang='lat' dir='ltr'>pia</span> 
     </span>
     <span class='ocr_line' id='line_1_40' title="bbox 252 1705 999 1752; baseline -0.001 -12"><span class='ocrx_word' id='word_1_177' title='bbox 252 1705 404 1752; x_wconf 84' lang='lat' dir='ltr'>religione</span> <span class='ocrx_word' id='word_1_178' title='bbox 431 1705 644 1752; x_wconf 74' lang='lat' dir='ltr'>pollentibus,</span> <span class='ocrx_word' id='word_1_179' title='bbox 679 1705 823 1739; x_wconf 73' lang='lat' dir='ltr'>benivola</span> <span class='ocrx_word' id='word_1_180' title='bbox 853 1717 999 1751; x_wconf 79' lang='lat' dir='ltr'>compas-</span> 
     </span>
     <span class='ocr_line' id='line_1_41' title="bbox 251 1755 999 1800; baseline 0 -11"><span class='ocrx_word' id='word_1_181' title='bbox 251 1755 343 1790; x_wconf 84' lang='lat' dir='ltr'>sione</span> <span class='ocrx_word' id='word_1_182' title='bbox 378 1767 585 1794; x_wconf 72' lang='lat' dir='ltr'>succurrere,</span> <span class='ocrx_word' id='word_1_183' title='bbox 619 1763 649 1790; x_wconf 82' lang='lat' dir='ltr'>et</span> <span class='ocrx_word' id='word_1_184' title='bbox 676 1755 754 1789; x_wconf 88' lang='lat' dir='ltr'>iuste</span> <span class='ocrx_word' id='word_1_185' title='bbox 788 1764 818 1789; x_wconf 87' lang='lat' dir='ltr'>et</span> <span class='ocrx_word' id='word_1_186' title='bbox 853 1756 999 1800; x_wconf 77' lang='lat' dir='ltr'>religiose</span> 
     </span>
     <span class='ocr_line' id='line_1_42' title="bbox 253 1804 999 1850; baseline -0.003 -12"><span class='ocrx_word' id='word_1_187' title='bbox 253 1804 431 1850; x_wconf 88' lang='lat' dir='ltr'>petentibus</span> <span class='ocrx_word' id='word_1_188' title='bbox 456 1804 550 1839; x_wconf 83' lang='lat' dir='ltr'>alacri</span> <span class='ocrx_word' id='word_1_189' title='bbox 571 1804 735 1839; x_wconf 84' lang='lat' dir='ltr'>devotione</span> <span class='ocrx_word' id='word_1_190' title='bbox 757 1816 919 1839; x_wconf 80' lang='lat' dir='ltr'>assensum</span> <span class='ocrx_word' id='word_1_191' title='bbox 939 1804 999 1837; x_wconf 89' lang='lat' dir='ltr'>im-</span> 
     </span>
     <span class='ocr_line' id='line_1_43' title="bbox 252 1853 996 1901; baseline -0.003 -13"><span class='ocrx_word' id='word_1_192' title='bbox 252 1854 379 1900; x_wconf 81' lang='lat' dir='ltr'>pertiri;</span> <span class='ocrx_word' id='word_1_193' title='bbox 414 1866 452 1888; x_wconf 82' lang='lat' dir='ltr'>ex</span> <span class='ocrx_word' id='word_1_194' title='bbox 478 1854 538 1889; x_wconf 91' lang='lat' dir='ltr'>hoc</span> <span class='ocrx_word' id='word_1_195' title='bbox 569 1854 651 1888; x_wconf 90' lang='lat' dir='ltr'>enim</span> <span class='ocrx_word' id='word_1_196' title='bbox 691 1854 768 1895; x_wconf 81' lang='lat' dir='ltr'>lucri</span> <span class='ocrx_word' id='word_1_197' title='bbox 799 1853 996 1901; x_wconf 82' lang='lat' dir='ltr'>potissimum</span> 
     </span>
     <span class='ocr_line' id='line_1_44' title="bbox 253 1902 998 1950; baseline -0.004 -12"><span class='ocrx_word' id='word_1_198' title='bbox 253 1903 424 1950; x_wconf 89' lang='lat' dir='ltr'>praemium</span> <span class='ocrx_word' id='word_1_199' title='bbox 447 1916 464 1938; x_wconf 84' lang='lat' dir='ltr'>a</span> <span class='ocrx_word' id='word_1_200' title='bbox 482 1903 644 1938; x_wconf 88' lang='lat' dir='ltr'>conditore</span> <span class='ocrx_word' id='word_1_201' title='bbox 671 1904 812 1937; x_wconf 90' lang='lat' dir='ltr'>omnium</span> <span class='ocrx_word' id='word_1_202' title='bbox 842 1902 909 1936; x_wconf 84' lang='lat' dir='ltr'>Deo</span> <span class='ocrx_word' id='word_1_203' title='bbox 933 1916 998 1948; x_wconf 83' lang='lat' dir='ltr'>pro—</span> 
     </span>
     <span class='ocr_line' id='line_1_45' title="bbox 251 1951 997 2000; baseline -0.001 -13"><span class='ocrx_word' id='word_1_204' title='bbox 251 1953 301 1988; x_wconf 87' lang='lat' dir='ltr'>cul</span> <span class='ocrx_word' id='word_1_205' title='bbox 320 1953 417 1988; x_wconf 91' lang='lat' dir='ltr'>dubio</span> <span class='ocrx_word' id='word_1_206' title='bbox 431 1965 658 2000; x_wconf 71' lang='lat' dir='ltr'>promeremur,</span> <span class='ocrx_word' id='word_1_207' title='bbox 681 1954 705 1987; x_wconf 87' lang='lat' dir='ltr'>si</span> <span class='ocrx_word' id='word_1_208' title='bbox 726 1951 915 1987; x_wconf 79' lang='lat' dir='ltr'>venerabilia</span> <span class='ocrx_word' id='word_1_209' title='bbox 932 1951 997 1986; x_wconf 89' lang='lat' dir='ltr'>loca</span> 
     </span>
     <span class='ocr_line' id='line_1_46' title="bbox 253 2002 999 2049; baseline -0.003 -13"><span class='ocrx_word' id='word_1_210' title='bbox 253 2011 430 2049; x_wconf 80' lang='lat' dir='ltr'>opportune</span> <span class='ocrx_word' id='word_1_211' title='bbox 464 2002 605 2037; x_wconf 81' lang='lat' dir='ltr'>ordinata</span> <span class='ocrx_word' id='word_1_212' title='bbox 628 2002 666 2036; x_wconf 87' lang='lat' dir='ltr'>ad</span> <span class='ocrx_word' id='word_1_213' title='bbox 698 2002 858 2036; x_wconf 88' lang='lat' dir='ltr'>meliorem</span> <span class='ocrx_word' id='word_1_214' title='bbox 883 2002 999 2035; x_wconf 87' lang='lat' dir='ltr'>suerint</span> 
     </span>
     <span class='ocr_line' id='line_1_47' title="bbox 250 2051 997 2098; baseline -0.003 -12"><span class='ocrx_word' id='word_1_215' title='bbox 250 2052 320 2087; x_wconf 89' lang='lat' dir='ltr'>sine</span> <span class='ocrx_word' id='word_1_216' title='bbox 342 2052 437 2087; x_wconf 92' lang='lat' dir='ltr'>dubio</span> <span class='ocrx_word' id='word_1_217' title='bbox 459 2060 574 2086; x_wconf 86' lang='lat' dir='ltr'>statum</span> <span class='ocrx_word' id='word_1_218' title='bbox 604 2051 765 2098; x_wconf 83' lang='lat' dir='ltr'>perducta.</span> <span class='ocrx_word' id='word_1_219' title='bbox 796 2051 896 2096; x_wconf 73' lang='lat' dir='ltr'>Igitur</span> <span class='ocrx_word' id='word_1_220' title='bbox 924 2051 997 2097; x_wconf 87' lang='lat' dir='ltr'>quia</span> 
     </span>
     <span class='ocr_line' id='line_1_48' title="bbox 252 2101 996 2148; baseline -0.004 -12"><span class='ocrx_word' id='word_1_221' title='bbox 252 2102 416 2148; x_wconf 83' lang='lat' dir='ltr'>postulasti</span> <span class='ocrx_word' id='word_1_222' title='bbox 435 2113 450 2135; x_wconf 93' lang='lat' dir='ltr'>a</span> <span class='ocrx_word' id='word_1_223' title='bbox 473 2101 575 2141; x_wconf 77' lang='lat' dir='ltr'>nobis,</span> <span class='ocrx_word' id='word_1_224' title='bbox 598 2101 797 2135; x_wconf 79' lang='lat' dir='ltr'>(lecrevimus</span> <span class='ocrx_word' id='word_1_225' title='bbox 819 2101 875 2134; x_wconf 81' lang='lat' dir='ltr'>hae</span> <span class='ocrx_word' id='word_1_226' title='bbox 892 2108 996 2134; x_wconf 86' lang='lat' dir='ltr'>nostra</span> 
     </span>
     <span class='ocr_line' id='line_1_49' title="bbox 250 2150 1000 2199; baseline -0.003 -13"><span class='ocrx_word' id='word_1_227' title='bbox 250 2152 423 2199; x_wconf 83' lang='lat' dir='ltr'>apostolica</span> <span class='ocrx_word' id='word_1_228' title='bbox 445 2151 665 2198; x_wconf 79' lang='lat' dir='ltr'>praeceptione</span> <span class='ocrx_word' id='word_1_229' title='bbox 686 2150 869 2189; x_wconf 72' lang='lat' dir='ltr'>recondere,</span> <span class='ocrx_word' id='word_1_230' title='bbox 893 2162 929 2184; x_wconf 86' lang='lat' dir='ltr'>ac</span> <span class='ocrx_word' id='word_1_231' title='bbox 954 2162 1000 2184; x_wconf 86' lang='lat' dir='ltr'>rc-</span> 
     </span>
     <span class='ocr_line' id='line_1_50' title="bbox 251 2200 999 2247; baseline -0.005 -11"><span class='ocrx_word' id='word_1_232' title='bbox 251 2201 439 2236; x_wconf 77' lang='lat' dir='ltr'>confirmare</span> <span class='ocrx_word' id='word_1_233' title='bbox 466 2200 690 2247; x_wconf 81' lang='lat' dir='ltr'>perpetualiter</span> <span class='ocrx_word' id='word_1_234' title='bbox 717 2200 804 2235; x_wconf 80' lang='lat' dir='ltr'>vobis</span> <span class='ocrx_word' id='word_1_235' title='bbox 825 2200 999 2246; x_wconf 75' lang='lat' dir='ltr'>vestrisque</span> 
     </span>
     <span class='ocr_line' id='line_1_51' title="bbox 251 2249 997 2296; baseline -0.004 -11"><span class='ocrx_word' id='word_1_236' title='bbox 251 2249 488 2285; x_wconf 86' lang='lat' dir='ltr'>successoribus</span> <span class='ocrx_word' id='word_1_237' title='bbox 522 2250 734 2296; x_wconf 88' lang='lat' dir='ltr'>supradictum</span> <span class='ocrx_word' id='word_1_238' title='bbox 771 2249 997 2284; x_wconf 86' lang='lat' dir='ltr'>monasterium</span> 
     </span>
     <span class='ocr_line' id='line_1_52' title="bbox 250 2298 1000 2341; baseline -0.004 -7"><span class='ocrx_word' id='word_1_239' title='bbox 250 2299 420 2335; x_wconf 87' lang='lat' dir='ltr'>Salvatoris</span> <span class='ocrx_word' id='word_1_240' title='bbox 441 2299 568 2334; x_wconf 86' lang='lat' dir='ltr'>Domini</span> <span class='ocrx_word' id='word_1_241' title='bbox 592 2300 688 2334; x_wconf 77' lang='lat' dir='ltr'>nosti-i</span> <span class='ocrx_word' id='word_1_242' title='bbox 712 2299 781 2333; x_wconf 83' lang='lat' dir='ltr'>lesu</span> <span class='ocrx_word' id='word_1_243' title='bbox 804 2298 942 2341; x_wconf 74' lang='lat' dir='ltr'>Christi,</span> <span class='ocrx_word' id='word_1_244' title='bbox 969 2305 1000 2332; x_wconf 86' lang='lat' dir='ltr'>et</span> 
     </span>
     <span class='ocr_line' id='line_1_53' title="bbox 250 2348 1002 2384; baseline -0.004 0"><span class='ocrx_word' id='word_1_245' title='bbox 250 2349 357 2384; x_wconf 88' lang='lat' dir='ltr'>Sancti</span> <span class='ocrx_word' id='word_1_246' title='bbox 384 2348 537 2384; x_wconf 79' lang='lat' dir='ltr'>Bonifacii</span> <span class='ocrx_word' id='word_1_247' title='bbox 561 2361 632 2384; x_wconf 91' lang='lat' dir='ltr'>cum</span> <span class='ocrx_word' id='word_1_248' title='bbox 654 2349 803 2383; x_wconf 86' lang='lat' dir='ltr'>omnibus</span> <span class='ocrx_word' id='word_1_249' title='bbox 830 2348 922 2382; x_wconf 77' lang='lat' dir='ltr'>rebus</span> <span class='ocrx_word' id='word_1_250' title='bbox 939 2360 1002 2381; x_wconf 89' lang='lat' dir='ltr'>mo-</span> 
     </span>
     <span class='ocr_line' id='line_1_54' title="bbox 251 2397 1000 2445; baseline -0.003 -13"><span class='ocrx_word' id='word_1_251' title='bbox 251 2398 367 2433; x_wconf 83' lang='lat' dir='ltr'>bilibus</span> <span class='ocrx_word' id='word_1_252' title='bbox 381 2407 411 2433; x_wconf 89' lang='lat' dir='ltr'>et</span> <span class='ocrx_word' id='word_1_253' title='bbox 434 2398 650 2433; x_wconf 88' lang='lat' dir='ltr'>immobilibus</span> <span class='ocrx_word' id='word_1_254' title='bbox 676 2398 735 2432; x_wconf 90' lang='lat' dir='ltr'>sibi</span> <span class='ocrx_word' id='word_1_255' title='bbox 760 2397 1000 2445; x_wconf 78' lang='lat' dir='ltr'>pertinentibus,</span> 
     </span>
     <span class='ocr_line' id='line_1_55' title="bbox 251 2447 1001 2494; baseline -0.003 -12"><span class='ocrx_word' id='word_1_256' title='bbox 251 2460 330 2494; x_wconf 89' lang='lat' dir='ltr'>quas</span> <span class='ocrx_word' id='word_1_257' title='bbox 352 2460 437 2483; x_wconf 91' lang='lat' dir='ltr'>nunc</span> <span class='ocrx_word' id='word_1_258' title='bbox 465 2448 570 2492; x_wconf 74' lang='lat' dir='ltr'>habet,</span> <span class='ocrx_word' id='word_1_259' title='bbox 597 2456 626 2482; x_wconf 89' lang='lat' dir='ltr'>et</span> <span class='ocrx_word' id='word_1_260' title='bbox 649 2448 680 2482; x_wconf 89' lang='lat' dir='ltr'>in</span> <span class='ocrx_word' id='word_1_261' title='bbox 703 2448 827 2491; x_wconf 69' lang='lat' dir='ltr'>futuro,</span> <span class='ocrx_word' id='word_1_262' title='bbox 849 2447 917 2481; x_wconf 85' lang='lat' dir='ltr'>Deo</span> <span class='ocrx_word' id='word_1_263' title='bbox 945 2459 1001 2480; x_wconf 85' lang='lat' dir='ltr'>au-</span> 
     </span>
     <span class='ocr_line' id='line_1_56' title="bbox 251 2496 1001 2538; baseline -0.004 -6"><span class='ocrx_word' id='word_1_264' title='bbox 251 2498 391 2538; x_wconf 72' lang='lat' dir='ltr'>xitiante,</span> <span class='ocrx_word' id='word_1_265' title='bbox 427 2497 565 2532; x_wconf 78' lang='lat' dir='ltr'>habebit.</span> <span class='ocrx_word' id='word_1_266' title='bbox 593 2496 807 2532; x_wconf 83' lang='lat' dir='ltr'>Concedimus</span> <span class='ocrx_word' id='word_1_267' title='bbox 834 2496 926 2531; x_wconf 85' lang='lat' dir='ltr'>etiam</span> <span class='ocrx_word' id='word_1_268' title='bbox 960 2503 1001 2529; x_wconf 87' lang='lat' dir='ltr'>at-</span> 
     </span>
     <span class='ocr_line' id='line_1_57' title="bbox 253 2545 1003 2594; baseline -0.004 -13"><span class='ocrx_word' id='word_1_269' title='bbox 253 2559 315 2594; x_wconf 87' lang='lat' dir='ltr'>que</span> <span class='ocrx_word' id='word_1_270' title='bbox 340 2547 497 2582; x_wconf 82' lang='lat' dir='ltr'>donamus</span> <span class='ocrx_word' id='word_1_271' title='bbox 525 2547 632 2591; x_wconf 81' lang='lat' dir='ltr'>vobis,</span> <span class='ocrx_word' id='word_1_272' title='bbox 653 2547 838 2581; x_wconf 76' lang='lat' dir='ltr'>charissime</span> <span class='ocrx_word' id='word_1_273' title='bbox 860 2558 895 2580; x_wconf 87' lang='lat' dir='ltr'>ac</span> <span class='ocrx_word' id='word_1_274' title='bbox 927 2545 1003 2579; x_wconf 87' lang='lat' dir='ltr'>dile-</span> 
     </span>
     <span class='ocr_line' id='line_1_58' title="bbox 252 2594 1003 2643; baseline -0.003 -13"><span class='ocrx_word' id='word_1_275' title='bbox 252 2596 391 2631; x_wconf 74' lang='lat' dir='ltr'>c-tissime</span> <span class='ocrx_word' id='word_1_276' title='bbox 408 2596 469 2635; x_wconf 81' lang='lat' dir='ltr'>fili,</span> <span class='ocrx_word' id='word_1_277' title='bbox 490 2597 664 2643; x_wconf 85' lang='lat' dir='ltr'>vestrisque</span> <span class='ocrx_word' id='word_1_278' title='bbox 686 2596 923 2630; x_wconf 83' lang='lat' dir='ltr'>successoribus</span> <span class='ocrx_word' id='word_1_279' title='bbox 945 2594 1003 2629; x_wconf 80' lang='lat' dir='ltr'>ab·</span> 
     </span>
     <span class='ocr_line' id='line_1_59' title="bbox 252 2645 1002 2693; baseline -0.004 -13"><span class='ocrx_word' id='word_1_280' title='bbox 252 2645 376 2680; x_wconf 83' lang='lat' dir='ltr'>batibus</span> <span class='ocrx_word' id='word_1_281' title='bbox 401 2645 432 2680; x_wconf 89' lang='lat' dir='ltr'>in</span> <span class='ocrx_word' id='word_1_282' title='bbox 454 2654 642 2693; x_wconf 87' lang='lat' dir='ltr'>perpetuum</span> <span class='ocrx_word' id='word_1_283' title='bbox 672 2658 727 2692; x_wconf 88' lang='lat' dir='ltr'>pro</span> <span class='ocrx_word' id='word_1_284' title='bbox 760 2658 874 2691; x_wconf 78' lang='lat' dir='ltr'>magno</span> <span class='ocrx_word' id='word_1_285' title='bbox 896 2656 1002 2678; x_wconf 85' lang='lat' dir='ltr'>amore</span> 
     </span>
     <span class='ocr_line' id='line_1_60' title="bbox 251 2694 1005 2744; baseline -0.003 -14"><span class='ocrx_word' id='word_1_286' title='bbox 251 2703 284 2730; x_wconf 86' lang='lat' dir='ltr'>et</span> <span class='ocrx_word' id='word_1_287' title='bbox 308 2695 406 2730; x_wconf 88' lang='lat' dir='ltr'>nimia</span> <span class='ocrx_word' id='word_1_288' title='bbox 427 2695 616 2742; x_wconf 82' lang='lat' dir='ltr'>dilectione,</span> <span class='ocrx_word' id='word_1_289' title='bbox 643 2707 737 2744; x_wconf 81' lang='lat' dir='ltr'>quam</span> <span class='ocrx_word' id='word_1_290' title='bbox 765 2696 849 2730; x_wconf 88' lang='lat' dir='ltr'>circa</span> <span class='ocrx_word' id='word_1_291' title='bbox 872 2706 926 2730; x_wconf 68' lang='lat' dir='ltr'>vos</span> <span class='ocrx_word' id='word_1_292' title='bbox 951 2694 1005 2729; x_wconf 84' lang='lat' dir='ltr'>lia-</span> 
     </span>
    </p>
   </div>
   <div class='ocr_carea' id='block_1_11' title="bbox 1018 1099 1024 1770">
    <p class='ocr_par' dir='ltr' id='par_1_11' title="bbox 1018 1099 1024 1770">
     <span class='ocr_line' id='line_1_61' title="bbox 1018 1099 1024 1770; baseline 0 0"><span class='ocrx_word' id='word_1_293' title='bbox 1018 1099 1024 1770; x_wconf 95' lang='lat' dir='ltr'> </span> 
     </span>
    </p>
   </div>
   <div class='ocr_carea' id='block_1_12' title="bbox 1680 302 1748 335">
    <p class='ocr_par' dir='ltr' id='par_1_12' title="bbox 1680 302 1748 335">
     <span class='ocr_line' id='line_1_62' title="bbox 1680 302 1748 335; baseline -0.015 0"><span class='ocrx_word' id='word_1_294' title='bbox 1680 302 1748 335; x_wconf 65' lang='lat'>629</span> 
     </span>
    </p>
   </div>
   <div class='ocr_carea' id='block_1_13' title="bbox 1035 368 1800 2740">
    <p class='ocr_par' dir='ltr' id='par_1_13' title="bbox 1035 368 1800 2740">
     <span class='ocr_line' id='line_1_63' title="bbox 1050 368 1800 414; baseline -0.004 -10"><span class='ocrx_word' id='word_1_295' title='bbox 1050 370 1172 414; x_wconf 73' lang='lat' dir='ltr'>bemus7</span> <span class='ocrx_word' id='word_1_296' title='bbox 1196 378 1223 404; x_wconf 80' lang='lat' dir='ltr'>et</span> <span class='ocrx_word' id='word_1_297' title='bbox 1248 369 1362 403; x_wconf 73' lang='lat' dir='ltr'>babere</span> <span class='ocrx_word' id='word_1_298' title='bbox 1384 369 1533 414; x_wconf 68' lang='lat' dir='ltr'>deinceps</span> <span class='ocrx_word' id='word_1_299' title='bbox 1555 368 1711 414; x_wconf 52' lang='lat' dir='ltr'>eripimus5</span> <span class='ocrx_word' id='word_1_300' title='bbox 1736 381 1800 401; x_wconf 78' lang='lat' dir='ltr'>ino-</span> 
     </span>
     <span class='ocr_line' id='line_1_64' title="bbox 1051 417 1796 464; baseline -0.001 -11"><span class='ocrx_word' id='word_1_301' title='bbox 1051 423 1221 454; x_wconf 82' lang='lat' dir='ltr'>nastei·iuui</span> <span class='ocrx_word' id='word_1_302' title='bbox 1246 421 1350 454; x_wconf 67' lang='lat' dir='ltr'>Sancti</span> <span class='ocrx_word' id='word_1_303' title='bbox 1372 420 1515 453; x_wconf 72' lang='lat' dir='ltr'>Andreae</span> <span class='ocrx_word' id='word_1_304' title='bbox 1538 418 1682 464; x_wconf 73' lang='lat' dir='ltr'>apostoli,</span> <span class='ocrx_word' id='word_1_305' title='bbox 1710 417 1796 464; x_wconf 81' lang='lat' dir='ltr'>quod</span> 
     </span>
     <span class='ocr_line' id='line_1_65' title="bbox 1050 468 1794 509; baseline -0.004 -6"><span class='ocrx_word' id='word_1_306' title='bbox 1050 478 1178 503; x_wconf 67' lang='lat' dir='ltr'>voi-atui·</span> <span class='ocrx_word' id='word_1_307' title='bbox 1217 470 1400 506; x_wconf 79' lang='lat' dir='ltr'>Exaiuluiu,</span> <span class='ocrx_word' id='word_1_308' title='bbox 1440 470 1534 502; x_wconf 86' lang='lat' dir='ltr'>situm</span> <span class='ocrx_word' id='word_1_309' title='bbox 1559 469 1677 502; x_wconf 77' lang='lat' dir='ltr'>Romae</span> <span class='ocrx_word' id='word_1_310' title='bbox 1705 468 1794 509; x_wconf 70' lang='lat' dir='ltr'>juxt-i</span> 
     </span>
     <span class='ocr_line' id='line_1_66' title="bbox 1049 517 1795 553; baseline -0.005 0"><span class='ocrx_word' id='word_1_311' title='bbox 1049 519 1214 553; x_wconf 69' lang='lat' dir='ltr'>ecelesiam</span> <span class='ocrx_word' id='word_1_312' title='bbox 1243 517 1378 552; x_wconf 70' lang='lat' dir='ltr'>Sanctae</span> <span class='ocrx_word' id='word_1_313' title='bbox 1405 519 1462 552; x_wconf 79' lang='lat' dir='ltr'>Dei</span> <span class='ocrx_word' id='word_1_314' title='bbox 1489 518 1658 552; x_wconf 81' lang='lat' dir='ltr'>Genitricis</span> <span class='ocrx_word' id='word_1_315' title='bbox 1682 517 1795 551; x_wconf 71' lang='lat' dir='ltr'>Mariae</span> 
     </span>
     <span class='ocr_line' id='line_1_67' title="bbox 1048 567 1796 615; baseline -0.001 -15"><span class='ocrx_word' id='word_1_316' title='bbox 1048 580 1173 615; x_wconf 83' lang='lat' dir='ltr'>semper</span> <span class='ocrx_word' id='word_1_317' title='bbox 1195 568 1345 614; x_wconf 66' lang='lat' dir='ltr'>Virginis,</span> <span class='ocrx_word' id='word_1_318' title='bbox 1368 581 1448 614; x_wconf 70' lang='lat' dir='ltr'>quae</span> <span class='ocrx_word' id='word_1_319' title='bbox 1472 576 1598 601; x_wconf 63' lang='lat' dir='ltr'>vocatur</span> <span class='ocrx_word' id='word_1_320' title='bbox 1611 567 1648 601; x_wconf 86' lang='lat' dir='ltr'>ad</span> <span class='ocrx_word' id='word_1_321' title='bbox 1668 567 1796 600; x_wconf 65' lang='lat' dir='ltr'>Praesi-</span> 
     </span>
     <span class='ocr_line' id='line_1_68' title="bbox 1049 617 1793 662; baseline -0.003 -11"><span class='ocrx_word' id='word_1_322' title='bbox 1049 631 1097 662; x_wconf 68' lang='grc' dir='ltr'>μυ.</span> <span class='ocrx_word' id='word_1_323' title='bbox 1113 630 1184 651; x_wconf 87' lang='lat' dir='ltr'>cuin</span> <span class='ocrx_word' id='word_1_324' title='bbox 1201 618 1348 651; x_wconf 87' lang='lat' dir='ltr'>omuibus</span> <span class='ocrx_word' id='word_1_325' title='bbox 1375 617 1601 655; x_wconf 77' lang='lat' dir='ltr'>uiausiouibus,</span> <span class='ocrx_word' id='word_1_326' title='bbox 1621 617 1793 659; x_wconf 72' lang='lat' dir='ltr'>caminatis,</span> 
     </span>
     <span class='ocr_line' id='line_1_69' title="bbox 1047 666 1792 714; baseline -0.003 -15"><span class='ocrx_word' id='word_1_327' title='bbox 1047 667 1145 704; x_wconf 75' lang='lat' dir='ltr'>cellis,</span> <span class='ocrx_word' id='word_1_328' title='bbox 1175 667 1310 710; x_wconf 74' lang='lat' dir='ltr'>vinariis7</span> <span class='ocrx_word' id='word_1_329' title='bbox 1338 676 1367 701; x_wconf 86' lang='lat' dir='ltr'>et</span> <span class='ocrx_word' id='word_1_330' title='bbox 1403 668 1548 714; x_wconf 71' lang='lat' dir='ltr'>coquina7</span> <span class='ocrx_word' id='word_1_331' title='bbox 1583 678 1654 699; x_wconf 82' lang='lat' dir='ltr'>cuin</span> <span class='ocrx_word' id='word_1_332' title='bbox 1679 666 1792 705; x_wconf 72' lang='lat' dir='ltr'>vineis,</span> 
     </span>
     <span class='ocr_line' id='line_1_70' title="bbox 1048 715 1790 754; baseline 0.001 -6"><span class='ocrx_word' id='word_1_333' title='bbox 1048 715 1156 754; x_wconf 79' lang='lat' dir='ltr'>bortis,</span> <span class='ocrx_word' id='word_1_334' title='bbox 1180 724 1238 750; x_wconf 78' lang='lat' dir='ltr'>etc.</span> <span class='ocrx_word' id='word_1_335' title='bbox 1263 725 1335 752; x_wconf 55' lang='lat' dir='ltr'>eto,</span> <span class='ocrx_word' id='word_1_336' title='bbox 1367 729 1437 750; x_wconf 85' lang='lat' dir='ltr'>cuni</span> <span class='ocrx_word' id='word_1_337' title='bbox 1465 715 1613 749; x_wconf 87' lang='lat' dir='ltr'>omnibus</span> <span class='ocrx_word' id='word_1_338' title='bbox 1634 715 1671 749; x_wconf 82' lang='lat' dir='ltr'>ad</span> <span class='ocrx_word' id='word_1_339' title='bbox 1710 716 1790 749; x_wconf 75' lang='lat' dir='ltr'>idi-ui</span> 
     </span>
     <span class='ocr_line' id='line_1_71' title="bbox 1048 765 1790 810; baseline 0 -13"><span class='ocrx_word' id='word_1_340' title='bbox 1048 767 1269 799; x_wconf 82' lang='lat' dir='ltr'>monasterinm</span> <span class='ocrx_word' id='word_1_341' title='bbox 1312 766 1499 809; x_wconf 60' lang='lat' dir='ltr'>goim-aluci-</span> <span class='ocrx_word' id='word_1_342' title='bbox 1539 765 1790 810; x_wconf 75' lang='lat' dir='ltr'>pertinentibus,</span> 
     </span>
     <span class='ocr_line' id='line_1_72' title="bbox 1047 814 1791 862; baseline 0.001 -15"><span class='ocrx_word' id='word_1_343' title='bbox 1047 822 1106 848; x_wconf 78' lang='lat' dir='ltr'>tam</span> <span class='ocrx_word' id='word_1_344' title='bbox 1137 816 1225 855; x_wconf 70' lang='lat' dir='ltr'>inu-a,</span> <span class='ocrx_word' id='word_1_345' title='bbox 1254 829 1345 862; x_wconf 75' lang='lat' dir='ltr'>quain</span> <span class='ocrx_word' id='word_1_346' title='bbox 1370 825 1453 848; x_wconf 76' lang='lat' dir='ltr'>extra</span> <span class='ocrx_word' id='word_1_347' title='bbox 1477 814 1585 849; x_wconf 86' lang='lat' dir='ltr'>urbem</span> <span class='ocrx_word' id='word_1_348' title='bbox 1609 814 1688 854; x_wconf 71' lang='lat' dir='ltr'>sitis,</span> <span class='ocrx_word' id='word_1_349' title='bbox 1711 826 1791 860; x_wconf 79' lang='lat' dir='ltr'>quae</span> 
     </span>
     <span class='ocr_line' id='line_1_73' title="bbox 1045 864 1787 911; baseline 0.001 -16"><span class='ocrx_word' id='word_1_350' title='bbox 1045 864 1070 896; x_wconf 70' lang='lat' dir='ltr'>ei</span> <span class='ocrx_word' id='word_1_351' title='bbox 1101 865 1179 897; x_wconf 74' lang='lat' dir='ltr'>iuste</span> <span class='ocrx_word' id='word_1_352' title='bbox 1206 873 1235 898; x_wconf 81' lang='lat' dir='ltr'>et</span> <span class='ocrx_word' id='word_1_353' title='bbox 1265 866 1401 910; x_wconf 61' lang='lat' dir='ltr'>legitime</span> <span class='ocrx_word' id='word_1_354' title='bbox 1425 865 1580 911; x_wconf 82' lang='lat' dir='ltr'>pertinere</span> <span class='ocrx_word' id='word_1_355' title='bbox 1603 872 1787 897; x_wconf 85' lang='lat' dir='ltr'>noscuntur.</span> 
     </span>
     <span class='ocr_line' id='line_1_74' title="bbox 1044 912 1790 947; baseline 0.001 -2"><span class='ocrx_word' id='word_1_356' title='bbox 1044 912 1254 947; x_wconf 68' lang='lat' dir='ltr'>probibemus</span> <span class='ocrx_word' id='word_1_357' title='bbox 1301 922 1403 947; x_wconf 73' lang='lat' dir='ltr'>autem</span> <span class='ocrx_word' id='word_1_358' title='bbox 1451 926 1575 947; x_wconf 83' lang='lat' dir='ltr'>ouiucm</span> <span class='ocrx_word' id='word_1_359' title='bbox 1620 912 1790 947; x_wconf 84' lang='lat' dir='ltr'>cuiuslibet</span> 
     </span>
     <span class='ocr_line' id='line_1_75' title="bbox 1046 961 1789 997; baseline 0.001 -2"><span class='ocrx_word' id='word_1_360' title='bbox 1046 961 1204 997; x_wconf 74' lang='lat' dir='ltr'>Ecclesiae</span> <span class='ocrx_word' id='word_1_361' title='bbox 1231 964 1425 997; x_wconf 70' lang='lat' dir='ltr'>sacerdotem</span> <span class='ocrx_word' id='word_1_362' title='bbox 1459 963 1488 996; x_wconf 92' lang='lat' dir='ltr'>in</span> <span class='ocrx_word' id='word_1_363' title='bbox 1518 963 1598 997; x_wconf 87' lang='lat' dir='ltr'>idem</span> <span class='ocrx_word' id='word_1_364' title='bbox 1627 971 1789 996; x_wconf 82' lang='lat' dir='ltr'>monaste-</span> 
     </span>
     <span class='ocr_line' id='line_1_76' title="bbox 1044 1011 1791 1059; baseline 0.001 -15"><span class='ocrx_word' id='word_1_365' title='bbox 1044 1011 1124 1045; x_wconf 86' lang='lat' dir='ltr'>rium</span> <span class='ocrx_word' id='word_1_366' title='bbox 1154 1020 1288 1046; x_wconf 77' lang='lat' dir='ltr'>vestrum</span> <span class='ocrx_word' id='word_1_367' title='bbox 1317 1012 1474 1046; x_wconf 85' lang='lat' dir='ltr'>Fuldeuse</span> <span class='ocrx_word' id='word_1_368' title='bbox 1501 1011 1673 1059; x_wconf 81' lang='lat' dir='ltr'>quamlibet</span> <span class='ocrx_word' id='word_1_369' title='bbox 1699 1012 1791 1046; x_wconf 90' lang='lat' dir='ltr'>ditio-</span> 
     </span>
     <span class='ocr_line' id='line_1_77' title="bbox 1045 1061 1791 1108; baseline 0.003 -15"><span class='ocrx_word' id='word_1_370' title='bbox 1045 1073 1114 1094; x_wconf 88' lang='lat' dir='ltr'>nem</span> <span class='ocrx_word' id='word_1_371' title='bbox 1140 1061 1265 1101; x_wconf 82' lang='lat' dir='ltr'>babere,</span> <span class='ocrx_word' id='word_1_372' title='bbox 1289 1063 1334 1096; x_wconf 74' lang='lat' dir='ltr'>vel</span> <span class='ocrx_word' id='word_1_373' title='bbox 1357 1062 1571 1096; x_wconf 85' lang='lat' dir='ltr'>auctoritatem</span> <span class='ocrx_word' id='word_1_374' title='bbox 1601 1070 1723 1108; x_wconf 85' lang='lat' dir='ltr'>praeter</span> <span class='ocrx_word' id='word_1_375' title='bbox 1737 1074 1791 1095; x_wconf 90' lang='lat' dir='ltr'>no-</span> 
     </span>
     <span class='ocr_line' id='line_1_78' title="bbox 1043 1111 1789 1157; baseline 0.003 -15"><span class='ocrx_word' id='word_1_376' title='bbox 1043 1118 1136 1143; x_wconf 83' lang='lat' dir='ltr'>stram</span> <span class='ocrx_word' id='word_1_377' title='bbox 1160 1111 1363 1157; x_wconf 82' lang='lat' dir='ltr'>apostolit·aiii</span> <span class='ocrx_word' id='word_1_378' title='bbox 1393 1112 1511 1151; x_wconf 72' lang='lat' dir='ltr'>sedem,</span> <span class='ocrx_word' id='word_1_379' title='bbox 1536 1112 1574 1145; x_wconf 80' lang='lat' dir='ltr'>ita</span> <span class='ocrx_word' id='word_1_380' title='bbox 1604 1119 1635 1144; x_wconf 90' lang='lat' dir='ltr'>ut</span> <span class='ocrx_word' id='word_1_381' title='bbox 1663 1111 1721 1145; x_wconf 89' lang='lat' dir='ltr'>nisi</span> <span class='ocrx_word' id='word_1_382' title='bbox 1750 1111 1789 1145; x_wconf 85' lang='lat' dir='ltr'>ab</span> 
     </span>
     <span class='ocr_line' id='line_1_79' title="bbox 1043 1159 1787 1208; baseline 0.003 -16"><span class='ocrx_word' id='word_1_383' title='bbox 1043 1159 1154 1194; x_wconf 80' lang='lat' dir='ltr'>abbate</span> <span class='ocrx_word' id='word_1_384' title='bbox 1177 1162 1354 1195; x_wconf 72' lang='lat' dir='ltr'>monasterii</span> <span class='ocrx_word' id='word_1_385' title='bbox 1384 1161 1481 1208; x_wconf 80' lang='lat' dir='ltr'>ipsius</span> <span class='ocrx_word' id='word_1_386' title='bbox 1505 1161 1598 1194; x_wconf 73' lang='lat' dir='ltr'>fuerit</span> <span class='ocrx_word' id='word_1_387' title='bbox 1625 1160 1787 1203; x_wconf 64' lang='lat' dir='ltr'>invitatus,</span> 
     </span>
     <span class='ocr_line' id='line_1_80' title="bbox 1044 1210 1788 1245; baseline 0.003 -3"><span class='ocrx_word' id='word_1_388' title='bbox 1044 1221 1100 1243; x_wconf 89' lang='lat' dir='ltr'>uec</span> <span class='ocrx_word' id='word_1_389' title='bbox 1122 1211 1288 1244; x_wconf 62' lang='lat' dir='ltr'>missurum</span> <span class='ocrx_word' id='word_1_390' title='bbox 1313 1211 1427 1244; x_wconf 75' lang='lat' dir='ltr'>ibidem</span> <span class='ocrx_word' id='word_1_391' title='bbox 1451 1211 1603 1245; x_wconf 83' lang='lat' dir='ltr'>solemnia</span> <span class='ocrx_word' id='word_1_392' title='bbox 1630 1210 1788 1244; x_wconf 80' lang='lat' dir='ltr'>celebrare</span> 
     </span>
     <span class='ocr_line' id='line_1_81' title="bbox 1044 1259 1788 1304; baseline 0.001 -13"><span class='ocrx_word' id='word_1_393' title='bbox 1044 1268 1230 1304; x_wconf 83' lang='lat' dir='ltr'>praesumat.</span> <span class='ocrx_word' id='word_1_394' title='bbox 1255 1261 1342 1294; x_wconf 87' lang='lat' dir='ltr'>Dona</span> <span class='ocrx_word' id='word_1_395' title='bbox 1367 1273 1438 1293; x_wconf 72' lang='lat' dir='ltr'>vero</span> <span class='ocrx_word' id='word_1_396' title='bbox 1465 1269 1494 1293; x_wconf 82' lang='lat' dir='ltr'>et</span> <span class='ocrx_word' id='word_1_397' title='bbox 1521 1259 1708 1299; x_wconf 74' lang='lat' dir='ltr'>oblationes,</span> <span class='ocrx_word' id='word_1_398' title='bbox 1731 1259 1788 1293; x_wconf 88' lang='lat' dir='ltr'>de-</span> 
     </span>
     <span class='ocr_line' id='line_1_82' title="bbox 1042 1309 1788 1356; baseline 0.003 -15"><span class='ocrx_word' id='word_1_399' title='bbox 1042 1309 1202 1355; x_wconf 80' lang='lat' dir='ltr'>cimasque</span> <span class='ocrx_word' id='word_1_400' title='bbox 1226 1309 1376 1352; x_wconf 69' lang='lat' dir='ltr'>fidelium,</span> <span class='ocrx_word' id='word_1_401' title='bbox 1405 1309 1523 1356; x_wconf 84' lang='lat' dir='ltr'>absque</span> <span class='ocrx_word' id='word_1_402' title='bbox 1557 1309 1650 1343; x_wconf 86' lang='lat' dir='ltr'>ullius</span> <span class='ocrx_word' id='word_1_403' title='bbox 1678 1321 1788 1355; x_wconf 86' lang='lat' dir='ltr'>perso-</span> 
     </span>
     <span class='ocr_line' id='line_1_83' title="bbox 1043 1358 1787 1405; baseline 0 -14"><span class='ocrx_word' id='word_1_404' title='bbox 1043 1370 1100 1392; x_wconf 84' lang='lat' dir='ltr'>nae</span> <span class='ocrx_word' id='word_1_405' title='bbox 1117 1358 1373 1398; x_wconf 69' lang='lat' dir='ltr'>contradictione,</span> <span class='ocrx_word' id='word_1_406' title='bbox 1397 1360 1542 1393; x_wconf 81' lang='lat' dir='ltr'>liriuitate</span> <span class='ocrx_word' id='word_1_407' title='bbox 1561 1366 1709 1405; x_wconf 86' lang='lat' dir='ltr'>perpetua</span> <span class='ocrx_word' id='word_1_408' title='bbox 1730 1359 1787 1404; x_wconf 81' lang='lat' dir='ltr'>ipsi</span> 
     </span>
     <span class='ocr_line' id='line_1_84' title="bbox 1043 1407 1787 1454; baseline 0.001 -14"><span class='ocrx_word' id='word_1_409' title='bbox 1043 1409 1231 1442; x_wconf 77' lang='lat' dir='ltr'>monasterio</span> <span class='ocrx_word' id='word_1_410' title='bbox 1255 1417 1355 1442; x_wconf 73' lang='lat' dir='ltr'>vestro</span> <span class='ocrx_word' id='word_1_411' title='bbox 1388 1408 1563 1442; x_wconf 86' lang='lat' dir='ltr'>secundum</span> <span class='ocrx_word' id='word_1_412' title='bbox 1600 1407 1787 1454; x_wconf 80' lang='lat' dir='ltr'>praedeces-</span> 
     </span>
     <span class='ocr_line' id='line_1_85' title="bbox 1041 1457 1785 1504; baseline 0 -14"><span class='ocrx_word' id='word_1_413' title='bbox 1041 1469 1146 1490; x_wconf 86' lang='lat' dir='ltr'>sorum</span> <span class='ocrx_word' id='word_1_414' title='bbox 1172 1466 1349 1492; x_wconf 78' lang='lat' dir='ltr'>uostiorum</span> <span class='ocrx_word' id='word_1_415' title='bbox 1368 1458 1526 1504; x_wconf 66' lang='lat' dir='ltr'>privilegia</span> <span class='ocrx_word' id='word_1_416' title='bbox 1549 1457 1785 1491; x_wconf 72' lang='lat' dir='ltr'>confirmamus.</span> 
     </span>
     <span class='ocr_line' id='line_1_86' title="bbox 1043 1506 1788 1553; baseline 0.001 -14"><span class='ocrx_word' id='word_1_417' title='bbox 1043 1506 1250 1541; x_wconf 74' lang='lat' dir='ltr'>Decernimus</span> <span class='ocrx_word' id='word_1_418' title='bbox 1291 1508 1383 1541; x_wconf 84' lang='lat' dir='ltr'>etiam</span> <span class='ocrx_word' id='word_1_419' title='bbox 1427 1520 1463 1541; x_wconf 91' lang='lat' dir='ltr'>ue</span> <span class='ocrx_word' id='word_1_420' title='bbox 1502 1506 1594 1540; x_wconf 87' lang='lat' dir='ltr'>alicui</span> <span class='ocrx_word' id='word_1_421' title='bbox 1638 1518 1788 1553; x_wconf 85' lang='lat' dir='ltr'>personae</span> 
     </span>
     <span class='ocr_line' id='line_1_87' title="bbox 1042 1556 1785 1603; baseline 0.003 -15"><span class='ocrx_word' id='word_1_422' title='bbox 1042 1568 1172 1601; x_wconf 73' lang='lat' dir='ltr'>maguae</span> <span class='ocrx_word' id='word_1_423' title='bbox 1199 1556 1246 1590; x_wconf 76' lang='lat' dir='ltr'>vel</span> <span class='ocrx_word' id='word_1_424' title='bbox 1282 1569 1392 1603; x_wconf 74' lang='lat' dir='ltr'>pariae</span> <span class='ocrx_word' id='word_1_425' title='bbox 1427 1556 1518 1590; x_wconf 82' lang='lat' dir='ltr'>liceat</span> <span class='ocrx_word' id='word_1_426' title='bbox 1556 1556 1691 1602; x_wconf 79' lang='lat' dir='ltr'>aliquam</span> <span class='ocrx_word' id='word_1_427' title='bbox 1725 1556 1785 1590; x_wconf 76' lang='lat' dir='ltr'>rim</span> 
     </span>
     <span class='ocr_line' id='line_1_88' title="bbox 1042 1605 1788 1640; baseline 0.001 -2"><span class='ocrx_word' id='word_1_428' title='bbox 1042 1606 1089 1639; x_wconf 78' lang='lat' dir='ltr'>vel</span> <span class='ocrx_word' id='word_1_429' title='bbox 1118 1607 1360 1640; x_wconf 70' lang='lat' dir='ltr'>controversiam</span> <span class='ocrx_word' id='word_1_430' title='bbox 1399 1606 1511 1639; x_wconf 82' lang='lat' dir='ltr'>inl&#39;erre</span> <span class='ocrx_word' id='word_1_431' title='bbox 1545 1605 1646 1639; x_wconf 84' lang='lat' dir='ltr'>eidem</span> <span class='ocrx_word' id='word_1_432' title='bbox 1676 1618 1788 1639; x_wconf 87' lang='lat' dir='ltr'>mona-</span> 
     </span>
     <span class='ocr_line' id='line_1_89' title="bbox 1040 1655 1787 1694; baseline 0 -6"><span class='ocrx_word' id='word_1_433' title='bbox 1040 1656 1136 1689; x_wconf 82' lang='lat' dir='ltr'>sterio</span> <span class='ocrx_word' id='word_1_434' title='bbox 1165 1656 1194 1689; x_wconf 90' lang='lat' dir='ltr'>in</span> <span class='ocrx_word' id='word_1_435' title='bbox 1217 1655 1312 1689; x_wconf 86' lang='lat' dir='ltr'>rebus</span> <span class='ocrx_word' id='word_1_436' title='bbox 1340 1667 1368 1689; x_wconf 83' lang='lat' dir='ltr'>et</span> <span class='ocrx_word' id='word_1_437' title='bbox 1405 1655 1530 1689; x_wconf 77' lang='lat' dir='ltr'>lumiliis</span> <span class='ocrx_word' id='word_1_438' title='bbox 1565 1655 1721 1694; x_wconf 64' lang='lat' dir='ltr'>eiusdemg</span> <span class='ocrx_word' id='word_1_439' title='bbox 1757 1662 1787 1688; x_wconf 86' lang='lat' dir='ltr'>et</span> 
     </span>
     <span class='ocr_line' id='line_1_90' title="bbox 1042 1704 1787 1751; baseline 0 -14"><span class='ocrx_word' id='word_1_440' title='bbox 1042 1717 1078 1738; x_wconf 87' lang='lat' dir='ltr'>ue</span> <span class='ocrx_word' id='word_1_441' title='bbox 1101 1704 1235 1738; x_wconf 77' lang='lat' dir='ltr'>foemina</span> <span class='ocrx_word' id='word_1_442' title='bbox 1264 1717 1399 1751; x_wconf 76' lang='lat' dir='ltr'>unquam</span> <span class='ocrx_word' id='word_1_443' title='bbox 1437 1705 1508 1739; x_wconf 89' lang='lat' dir='ltr'>illuc</span> <span class='ocrx_word' id='word_1_444' title='bbox 1545 1704 1663 1749; x_wconf 69' lang='lat' dir='ltr'>ingredi</span> <span class='ocrx_word' id='word_1_445' title='bbox 1689 1716 1787 1750; x_wconf 75' lang='lat' dir='ltr'>prae-</span> 
     </span>
     <span class='ocr_line' id='line_1_91' title="bbox 1039 1754 1786 1800; baseline 0 -12"><span class='ocrx_word' id='word_1_446' title='bbox 1039 1762 1152 1793; x_wconf 69' lang='lat' dir='ltr'>sumat,</span> <span class='ocrx_word' id='word_1_447' title='bbox 1181 1763 1284 1788; x_wconf 86' lang='lat' dir='ltr'>nostra</span> <span class='ocrx_word' id='word_1_448' title='bbox 1313 1754 1480 1800; x_wconf 82' lang='lat' dir='ltr'>apostolica</span> <span class='ocrx_word' id='word_1_449' title='bbox 1498 1754 1714 1788; x_wconf 85' lang='lat' dir='ltr'>interdicimus</span> <span class='ocrx_word' id='word_1_450' title='bbox 1728 1766 1786 1788; x_wconf 84' lang='lat' dir='ltr'>au-</span> 
     </span>
     <span class='ocr_line' id='line_1_92' title="bbox 1040 1804 1784 1850; baseline -0.001 -13"><span class='ocrx_word' id='word_1_451' title='bbox 1040 1805 1204 1846; x_wconf 75' lang='lat' dir='ltr'>ctoritate,</span> <span class='ocrx_word' id='word_1_452' title='bbox 1232 1812 1261 1837; x_wconf 87' lang='lat' dir='ltr'>et</span> <span class='ocrx_word' id='word_1_453' title='bbox 1295 1815 1334 1838; x_wconf 90' lang='lat' dir='ltr'>ne</span> <span class='ocrx_word' id='word_1_454' title='bbox 1369 1804 1440 1850; x_wconf 84' lang='lat' dir='ltr'>quis</span> <span class='ocrx_word' id='word_1_455' title='bbox 1468 1815 1604 1849; x_wconf 79' lang='lat' dir='ltr'>unquam</span> <span class='ocrx_word' id='word_1_456' title='bbox 1637 1804 1784 1849; x_wconf 87' lang='lat' dir='ltr'>placitum</span> 
     </span>
     <span class='ocr_line' id='line_1_93' title="bbox 1040 1852 1785 1893; baseline 0 -7"><span class='ocrx_word' id='word_1_457' title='bbox 1040 1854 1080 1887; x_wconf 85' lang='lat' dir='ltr'>ibi</span> <span class='ocrx_word' id='word_1_458' title='bbox 1106 1853 1227 1893; x_wconf 65' lang='lat' dir='ltr'>lrabeat,</span> <span class='ocrx_word' id='word_1_459' title='bbox 1265 1855 1310 1886; x_wconf 86' lang='lat' dir='ltr'>vel</span> <span class='ocrx_word' id='word_1_460' title='bbox 1335 1853 1363 1886; x_wconf 95' lang='lat' dir='ltr'>in</span> <span class='ocrx_word' id='word_1_461' title='bbox 1400 1854 1494 1887; x_wconf 80' lang='lat' dir='ltr'>eert&#39;is</span> <span class='ocrx_word' id='word_1_462' title='bbox 1520 1853 1588 1886; x_wconf 88' lang='lat' dir='ltr'>eius</span> <span class='ocrx_word' id='word_1_463' title='bbox 1611 1852 1698 1890; x_wconf 79' lang='lat' dir='ltr'>locis,</span> <span class='ocrx_word' id='word_1_464' title='bbox 1727 1864 1785 1886; x_wconf 89' lang='lat' dir='ltr'>nec</span> 
     </span>
     <span class='ocr_line' id='line_1_94' title="bbox 1039 1901 1783 1949; baseline -0.001 -13"><span class='ocrx_word' id='word_1_465' title='bbox 1039 1915 1145 1936; x_wconf 71' lang='lat' dir='ltr'>servos</span> <span class='ocrx_word' id='word_1_466' title='bbox 1173 1903 1216 1936; x_wconf 80' lang='lat' dir='ltr'>vel</span> <span class='ocrx_word' id='word_1_467' title='bbox 1244 1903 1374 1936; x_wconf 69' lang='lat' dir='ltr'>colonos</span> <span class='ocrx_word' id='word_1_468' title='bbox 1400 1902 1438 1936; x_wconf 86' lang='lat' dir='ltr'>ad</span> <span class='ocrx_word' id='word_1_469' title='bbox 1466 1901 1593 1949; x_wconf 86' lang='lat' dir='ltr'>aliquod</span> <span class='ocrx_word' id='word_1_470' title='bbox 1621 1901 1783 1935; x_wconf 80' lang='lat' dir='ltr'>servitium</span> 
     </span>
     <span class='ocr_line' id='line_1_95' title="bbox 1039 1951 1785 1997; baseline -0.001 -12"><span class='ocrx_word' id='word_1_471' title='bbox 1039 1952 1241 1997; x_wconf 68' lang='lat' dir='ltr'>constringat.</span> <span class='ocrx_word' id='word_1_472' title='bbox 1268 1951 1324 1984; x_wconf 79' lang='lat' dir='ltr'>uisi</span> <span class='ocrx_word' id='word_1_473' title='bbox 1348 1964 1418 1986; x_wconf 90' lang='lat' dir='ltr'>cum</span> <span class='ocrx_word' id='word_1_474' title='bbox 1443 1951 1538 1985; x_wconf 74' lang='lat' dir='ltr'>abbas</span> <span class='ocrx_word' id='word_1_475' title='bbox 1559 1951 1595 1985; x_wconf 89' lang='lat' dir='ltr'>ad</span> <span class='ocrx_word' id='word_1_476' title='bbox 1622 1951 1785 1985; x_wconf 82' lang='lat' dir='ltr'>utilitatem</span> 
     </span>
     <span class='ocr_line' id='line_1_96' title="bbox 1039 2000 1784 2046; baseline -0.001 -11"><span class='ocrx_word' id='word_1_477' title='bbox 1039 2014 1113 2035; x_wconf 85' lang='lat' dir='ltr'>suae</span> <span class='ocrx_word' id='word_1_478' title='bbox 1162 2001 1354 2035; x_wconf 77' lang='lat' dir='ltr'>necessitatis</span> <span class='ocrx_word' id='word_1_479' title='bbox 1393 2013 1554 2035; x_wconf 62' lang='lat' dir='ltr'>assensum</span> <span class='ocrx_word' id='word_1_480' title='bbox 1597 2000 1784 2046; x_wconf 83' lang='lat' dir='ltr'>praebuerit.</span> 
     </span>
     <span class='ocr_line' id='line_1_97' title="bbox 1039 2049 1786 2096; baseline -0.001 -12"><span class='ocrx_word' id='word_1_481' title='bbox 1039 2051 1185 2096; x_wconf 73' lang='lat' dir='ltr'>Eligeudi</span> <span class='ocrx_word' id='word_1_482' title='bbox 1216 2062 1342 2096; x_wconf 83' lang='lat' dir='ltr'>quoque</span> <span class='ocrx_word' id='word_1_483' title='bbox 1369 2050 1428 2084; x_wconf 89' lang='lat' dir='ltr'>sibi</span> <span class='ocrx_word' id='word_1_484' title='bbox 1457 2052 1622 2088; x_wconf 78' lang='lat' dir='ltr'>abbatem,</span> <span class='ocrx_word' id='word_1_485' title='bbox 1658 2049 1786 2096; x_wconf 87' lang='lat' dir='ltr'>quando</span> 
     </span>
     <span class='ocr_line' id='line_1_98' title="bbox 1039 2100 1785 2146; baseline -0.001 -13"><span class='ocrx_word' id='word_1_486' title='bbox 1039 2113 1119 2146; x_wconf 84' lang='lat' dir='ltr'>opus</span> <span class='ocrx_word' id='word_1_487' title='bbox 1154 2100 1245 2134; x_wconf 84' lang='lat' dir='ltr'>suerit</span> <span class='ocrx_word' id='word_1_488' title='bbox 1262 2127 1269 2139; x_wconf 82' lang='lat'>,</span> <span class='ocrx_word' id='word_1_489' title='bbox 1298 2100 1408 2134; x_wconf 78' lang='lat' dir='ltr'>fratres</span> <span class='ocrx_word' id='word_1_490' title='bbox 1441 2100 1521 2133; x_wconf 87' lang='lat' dir='ltr'>inter</span> <span class='ocrx_word' id='word_1_491' title='bbox 1543 2111 1576 2133; x_wconf 82' lang='lat' dir='ltr'>se</span> <span class='ocrx_word' id='word_1_492' title='bbox 1600 2107 1785 2146; x_wconf 84' lang='lat' dir='ltr'>potestatem</span> 
     </span>
     <span class='ocr_line' id='line_1_99' title="bbox 1041 2148 1787 2195; baseline -0.001 -12"><span class='ocrx_word' id='word_1_493' title='bbox 1041 2150 1174 2184; x_wconf 85' lang='lat' dir='ltr'>babeant</span> <span class='ocrx_word' id='word_1_494' title='bbox 1201 2149 1374 2183; x_wconf 84' lang='lat' dir='ltr'>secundum</span> <span class='ocrx_word' id='word_1_495' title='bbox 1397 2150 1536 2195; x_wconf 72' lang='lat' dir='ltr'>regulam</span> <span class='ocrx_word' id='word_1_496' title='bbox 1560 2149 1657 2183; x_wconf 87' lang='lat' dir='ltr'>sancti</span> <span class='ocrx_word' id='word_1_497' title='bbox 1681 2148 1787 2182; x_wconf 82' lang='lat' dir='ltr'>Bene-</span> 
     </span>
     <span class='ocr_line' id='line_1_100' title="bbox 1040 2197 1786 2244; baseline -0.003 -11"><span class='ocrx_word' id='word_1_498' title='bbox 1040 2199 1125 2233; x_wconf 86' lang='lat' dir='ltr'>dicti.</span> <span class='ocrx_word' id='word_1_499' title='bbox 1150 2198 1363 2233; x_wconf 84' lang='lat' dir='ltr'>Concedimus</span> <span class='ocrx_word' id='word_1_500' title='bbox 1385 2199 1476 2232; x_wconf 88' lang='lat' dir='ltr'>etiam</span> <span class='ocrx_word' id='word_1_501' title='bbox 1496 2198 1564 2241; x_wconf 69' lang='lat' dir='ltr'>tibi,</span> <span class='ocrx_word' id='word_1_502' title='bbox 1593 2210 1686 2244; x_wconf 89' lang='lat' dir='ltr'>quem</span> <span class='ocrx_word' id='word_1_503' title='bbox 1704 2197 1786 2232; x_wconf 81' lang='lat' dir='ltr'>bene</span> 
     </span>
     <span class='ocr_line' id='line_1_101' title="bbox 1040 2247 1786 2294; baseline -0.001 -12"><span class='ocrx_word' id='word_1_504' title='bbox 1040 2248 1199 2283; x_wconf 90' lang='lat' dir='ltr'>eruditum</span> <span class='ocrx_word' id='word_1_505' title='bbox 1226 2256 1257 2282; x_wconf 87' lang='lat' dir='ltr'>et</span> <span class='ocrx_word' id='word_1_506' title='bbox 1278 2248 1477 2294; x_wconf 82' lang='lat' dir='ltr'>eloquentem</span> <span class='ocrx_word' id='word_1_507' title='bbox 1513 2247 1610 2282; x_wconf 76' lang='lat' dir='ltr'>virum</span> <span class='ocrx_word' id='word_1_508' title='bbox 1634 2260 1702 2282; x_wconf 85' lang='lat' dir='ltr'>esse</span> <span class='ocrx_word' id='word_1_509' title='bbox 1726 2259 1786 2281; x_wconf 88' lang='lat' dir='ltr'>no-</span> 
     </span>
     <span class='ocr_line' id='line_1_102' title="bbox 1043 2297 1787 2344; baseline -0.001 -14"><span class='ocrx_word' id='word_1_510' title='bbox 1043 2298 1153 2333; x_wconf 74' lang='lat' dir='ltr'>vimus,</span> <span class='ocrx_word' id='word_1_511' title='bbox 1182 2297 1383 2332; x_wconf 87' lang='lat' dir='ltr'>dilectissime</span> <span class='ocrx_word' id='word_1_512' title='bbox 1411 2298 1471 2337; x_wconf 76' lang='lat' dir='ltr'>siti,</span> <span class='ocrx_word' id='word_1_513' title='bbox 1500 2297 1680 2344; x_wconf 84' lang='lat' dir='ltr'>praedicare</span> <span class='ocrx_word' id='word_1_514' title='bbox 1716 2309 1787 2330; x_wconf 82' lang='lat' dir='ltr'>ver-</span> 
     </span>
     <span class='ocr_line' id='line_1_103' title="bbox 1042 2347 1786 2392; baseline -0.001 -11"><span class='ocrx_word' id='word_1_515' title='bbox 1042 2347 1114 2381; x_wconf 91' lang='lat' dir='ltr'>bum</span> <span class='ocrx_word' id='word_1_516' title='bbox 1143 2347 1212 2387; x_wconf 79' lang='lat' dir='ltr'>Dei,</span> <span class='ocrx_word' id='word_1_517' title='bbox 1239 2354 1270 2380; x_wconf 87' lang='lat' dir='ltr'>et</span> <span class='ocrx_word' id='word_1_518' title='bbox 1293 2356 1324 2380; x_wconf 91' lang='lat' dir='ltr'>ut</span> <span class='ocrx_word' id='word_1_519' title='bbox 1353 2355 1412 2381; x_wconf 87' lang='lat' dir='ltr'>tam</span> <span class='ocrx_word' id='word_1_520' title='bbox 1436 2355 1466 2380; x_wconf 90' lang='lat' dir='ltr'>tu</span> <span class='ocrx_word' id='word_1_521' title='bbox 1491 2359 1582 2392; x_wconf 82' lang='lat' dir='ltr'>quam</span> <span class='ocrx_word' id='word_1_522' title='bbox 1611 2355 1640 2380; x_wconf 75' lang='lat' dir='ltr'>et</span> <span class='ocrx_word' id='word_1_523' title='bbox 1666 2358 1786 2380; x_wconf 83' lang='lat' dir='ltr'>sucees-</span> 
     </span>
     <span class='ocr_line' id='line_1_104' title="bbox 1041 2395 1785 2431; baseline -0.003 0"><span class='ocrx_word' id='word_1_524' title='bbox 1041 2409 1128 2431; x_wconf 81' lang='lat' dir='ltr'>sores</span> <span class='ocrx_word' id='word_1_525' title='bbox 1151 2397 1193 2430; x_wconf 90' lang='lat' dir='ltr'>tui</span> <span class='ocrx_word' id='word_1_526' title='bbox 1217 2405 1287 2431; x_wconf 88' lang='lat' dir='ltr'>aute</span> <span class='ocrx_word' id='word_1_527' title='bbox 1314 2396 1391 2430; x_wconf 84' lang='lat' dir='ltr'>alios</span> <span class='ocrx_word' id='word_1_528' title='bbox 1419 2396 1548 2430; x_wconf 79' lang='lat' dir='ltr'>abbates</span> <span class='ocrx_word' id='word_1_529' title='bbox 1582 2395 1701 2429; x_wconf 81' lang='lat' dir='ltr'>Galliac</span> <span class='ocrx_word' id='word_1_530' title='bbox 1728 2407 1785 2429; x_wconf 81' lang='lat' dir='ltr'>seu</span> 
     </span>
     <span class='ocr_line' id='line_1_105' title="bbox 1042 2445 1784 2492; baseline -0.004 -12"><span class='ocrx_word' id='word_1_531' title='bbox 1042 2446 1228 2480; x_wconf 82' lang='lat' dir='ltr'>Germaniae</span> <span class='ocrx_word' id='word_1_532' title='bbox 1263 2446 1432 2492; x_wconf 85' lang='lat' dir='ltr'>primatum</span> <span class='ocrx_word' id='word_1_533' title='bbox 1467 2445 1596 2480; x_wconf 80' lang='lat' dir='ltr'>sedendi</span> <span class='ocrx_word' id='word_1_534' title='bbox 1632 2446 1660 2478; x_wconf 88' lang='lat' dir='ltr'>iu</span> <span class='ocrx_word' id='word_1_535' title='bbox 1698 2457 1784 2479; x_wconf 89' lang='lat' dir='ltr'>omui</span> 
     </span>
     <span class='ocr_line' id='line_1_106' title="bbox 1043 2495 1788 2541; baseline -0.004 -11"><span class='ocrx_word' id='word_1_536' title='bbox 1043 2495 1110 2530; x_wconf 81' lang='lat' dir='ltr'>loco</span> <span class='ocrx_word' id='word_1_537' title='bbox 1137 2503 1377 2541; x_wconf 63' lang='lat' dir='ltr'>conventuque„</span> <span class='ocrx_word' id='word_1_538' title='bbox 1400 2504 1505 2529; x_wconf 82' lang='lat' dir='ltr'>nostra</span> <span class='ocrx_word' id='word_1_539' title='bbox 1527 2495 1696 2540; x_wconf 83' lang='lat' dir='ltr'>apostolica</span> <span class='ocrx_word' id='word_1_540' title='bbox 1727 2506 1788 2528; x_wconf 55' lang='lat' dir='ltr'>auu</span> 
     </span>
     <span class='ocr_line' id='line_1_107' title="bbox 1042 2542 1788 2590; baseline -0.004 -11"><span class='ocrx_word' id='word_1_541' title='bbox 1042 2546 1194 2585; x_wconf 55' lang='lat' dir='ltr'>ctoritate,</span> <span class='ocrx_word' id='word_1_542' title='bbox 1229 2545 1405 2579; x_wconf 86' lang='lat' dir='ltr'>obtineatis.</span> <span class='ocrx_word' id='word_1_543' title='bbox 1434 2543 1532 2578; x_wconf 90' lang='lat' dir='ltr'>Usum</span> <span class='ocrx_word' id='word_1_544' title='bbox 1567 2555 1691 2590; x_wconf 88' lang='lat' dir='ltr'>quoque</span> <span class='ocrx_word' id='word_1_545' title='bbox 1720 2542 1788 2577; x_wconf 87' lang='lat' dir='ltr'>dal-</span> 
     </span>
     <span class='ocr_line' id='line_1_108' title="bbox 1044 2593 1788 2637; baseline -0.004 -9"><span class='ocrx_word' id='word_1_546' title='bbox 1044 2595 1172 2628; x_wconf 81' lang='lat' dir='ltr'>maticae</span> <span class='ocrx_word' id='word_1_547' title='bbox 1195 2602 1224 2628; x_wconf 86' lang='lat' dir='ltr'>et</span> <span class='ocrx_word' id='word_1_548' title='bbox 1247 2594 1457 2628; x_wconf 73' lang='lat' dir='ltr'>sandaliorum</span> <span class='ocrx_word' id='word_1_549' title='bbox 1481 2594 1510 2627; x_wconf 89' lang='lat' dir='ltr'>iu</span> <span class='ocrx_word' id='word_1_550' title='bbox 1538 2593 1702 2637; x_wconf 84' lang='lat' dir='ltr'>missarum</span> <span class='ocrx_word' id='word_1_551' title='bbox 1734 2605 1788 2625; x_wconf 91' lang='lat' dir='ltr'>so-</span> 
     </span>
     <span class='ocr_line' id='line_1_109' title="bbox 1045 2642 1788 2689; baseline -0.003 -12"><span class='ocrx_word' id='word_1_552' title='bbox 1045 2644 1169 2678; x_wconf 87' lang='lat' dir='ltr'>lemniis</span> <span class='ocrx_word' id='word_1_553' title='bbox 1202 2644 1323 2678; x_wconf 80' lang='lat' dir='ltr'>licentia</span> <span class='ocrx_word' id='word_1_554' title='bbox 1355 2651 1476 2677; x_wconf 55' lang='lat' dir='ltr'>nostrae</span> <span class='ocrx_word' id='word_1_555' title='bbox 1513 2642 1701 2689; x_wconf 51' lang='lat' dir='ltr'>apostolia-ie</span> <span class='ocrx_word' id='word_1_556' title='bbox 1731 2654 1788 2675; x_wconf 74' lang='lat' dir='ltr'>:iu-</span> 
     </span>
     <span class='ocr_line' id='line_1_110' title="bbox 1035 2691 1791 2740; baseline -0.005 -11"><span class='ocrx_word' id='word_1_557' title='bbox 1035 2693 1196 2738; x_wconf 82' lang='lat' dir='ltr'>ctoritatis</span> <span class='ocrx_word' id='word_1_558' title='bbox 1217 2693 1435 2740; x_wconf 81' lang='lat' dir='ltr'>concedimus,</span> <span class='ocrx_word' id='word_1_559' title='bbox 1455 2692 1629 2728; x_wconf 84' lang='lat' dir='ltr'>secuudum</span> <span class='ocrx_word' id='word_1_560' title='bbox 1650 2691 1735 2740; x_wconf 79' lang='lat' dir='ltr'>quod</span> <span class='ocrx_word' id='word_1_561' title='bbox 1757 2691 1791 2731; x_wconf 78' lang='lat' dir='ltr'>iu</span> 
     </span>
    </p>
   </div>
   <div class='ocr_carea' id='block_1_14' title="bbox 1823 299 2007 328">
    <p class='ocr_par' dir='ltr' id='par_1_14' title="bbox 1823 299 2007 328">
     <span class='ocr_line' id='line_1_111' title="bbox 1823 299 2007 328; baseline 0 -2"><span class='ocrx_word' id='word_1_562' title='bbox 1823 300 1872 327; x_wconf 76' lang='lat' dir='ltr'>An.</span> <span class='ocrx_word' id='word_1_563' title='bbox 1890 299 1919 327; x_wconf 90' lang='lat' dir='ltr'>C.</span> <span class='ocrx_word' id='word_1_564' title='bbox 1939 299 2007 328; x_wconf 63' lang='grc' dir='ltr'>1οᾰ9</span> 
     </span>
    </p>
   </div>
  </div>
 </body>
</html>
