2237 3127
829 318 927 340 lxmzx
951 317 1161 340 Rt'unic.tnru

296 374 474 415 limorum,
510 387 603 421 quem
635 375 778 421 Romana
807 375 948 409 Eeb-sia

296 425 483 470 susciperet,
505 434 557 458 aut
580 424 798 463 detestaretur,
822 424 866 458 vel
891 426 951 458 du-

1131 376 1163 409 S.
1189 376 1413 409 [Kliffl‘isl‘l‘rl
1439 376 1551 408 t‘ttiss.
1574 401 1594 407 U

298 471 368 507 bios
394 481 515 507 tantum
539 473 680 517 liaberet,
703 473 843 519 digessit,
869 476 948 507 122.
993 469 1015 502 l.
1038 469 1085 503 De
1108 470 1244 514 praediis
1267 470 1341 503 iuris
1366 469 1527 504 Ecclesiae
1543 468 1631 503 nullo
1650 469 1742 503 titulo

380 564 416 600 S.
438 565 704 601 ANASTASIUS
726 566 765 600 Il.

195 657 220 692 I.
247 657 400 693 Precatur
428 659 663 705 imperatorem,
701 667 733 692 ut
760 659 860 693 Acatii
890 671 948 692 no-

297 719 369 742 men
400 707 583 750 aboleatur,
607 709 758 742 unitatem
789 707 947 742 Ecclesiae

294 765 395 797 curet,
409 764 439 790 et
462 756 662 802 Apostolicac
678 756 771 791 Sedis
793 757 948 791 mandatis

293 805 511 852 obtemperet:
535 805 691 851 (locetque
727 818 792 848 eos,
819 806 872 852 qui
909 806 947 839 ab

293 853 405 888 Aratio
419 855 574 899 baptizati,
598 855 644 887 vel
666 855 764 888 sacris
786 854 870 888 fuere
887 855 946 888 ini-

292 903 370 943 tiati,
380 915 450 937 vera
459 904 637 950 suscepisse
646 912 854 944 sacramenta,
865 905 875 937 l
888 905 945 937 26.

403 995 436 1030 S.
461 995 736 1030 SYMMACHUS.

191 1088 216 1123 l.
243 1088 483 1135 Responsiones
510 1089 548 1124 ad
571 1088 711 1124 Caesarii
733 1089 946 1124 consultatio-

291 1150 359 1178 nes,
384 1140 465 1172 450.

191 1185 230 1221 ΙΙ.
247 1186 456 1222 Confirmatio
478 1187 642 1221 divisionis
665 1187 844 1233 provinciae
864 1187 945 1221 inter

290 1235 505 1271 Viennensem
533 1245 563 1270 et
592 1236 809 1270 Arelatensem
839 1236 944 1271 Eccle-

292 1285 366 1325 sias,
385 1298 401 1320 a
424 1285 530 1320 Leone
550 1298 628 1332 papa
647 1286 847 1329 constitutae,
864 1288 943 1320 151.

417 1369 450 1404 S.
485 1369 720 1404 HORMISDA.

193 1449 217 1484 I.
245 1449 392 1496 Remigio
426 1449 622 1484 Rhemorum
650 1450 801 1497 episcopo
830 1449 942 1484 vicaria

290 1499 382 1533 Sedis
425 1499 627 1545 Apostolicae
675 1500 868 1545 praefectura
913 1500 941 1532 in

290 1547 390 1582 Gallia
417 1548 590 1593 delegatur,
616 1550 695 1582 152.

190 1596 230 1631 Π.
252 1596 301 1631 De
328 1597 545 1631 sacerdotibus
558 1598 643 1631 iuxta
656 1605 769 1632 statuta
785 1609 941 1632 canonum

290 1646 499 1690 ordinandis,
522 1655 553 1681 et
575 1647 614 1681 de
636 1646 770 1681 concilio
795 1659 850 1692 per
871 1647 943 1680 sin-

288 1695 380 1741 gulos
402 1707 502 1730 annos
518 1695 719 1738 celebrando,
738 1698 818 1729 ⁴152.

192 1743 245 1779 ΠΙ.
273 1743 384 1779 Ioanni
411 1744 640 1779 Tarraconensi
676 1745 825 1791 episcopo
860 1744 943 1778 vices

289 1793 490 1840 Apostolicae
512 1794 606 1828 Sedis
627 1794 664 1828 ad
689 1793 863 1828 custodiam
887 1805 943 1827 ca-

289 1854 409 1877 nonum
449 1843 479 1877 in
517 1843 686 1889 provinciis
721 1842 942 1889 Hispaniarum

289 1892 541 1932 comminuatur,
569 1894 647 1932 154,

189 1940 242 1976 IV.
265 1940 535 1975 Arcliimandritas
560 1941 667 1988 Syriae
690 1940 826 1975 solatur:
867 1940 944 1975 bor-

289 1997 446 2036 taturque,
471 1998 505 2024 ut
529 1991 559 2024 iu
584 1990 644 2025 fide
666 1990 817 2025 catholica
842 2001 945 2036 perse-

289 2048 410 2079 verent,
441 2041 522 2073 155.

190 2087 228 2123 V.
250 2087 431 2122 Divinitatis
452 2097 481 2123 et
505 2088 731 2124 incarnationis
759 2088 942 2135 mysterium

289 2138 469 2184 exponitur,
495 2139 576 2172 458.

190 2185 244 2220 VI.
266 2186 446 2233 Epiphanio
469 2187 621 2233 episcopo
648 2186 944 2232 Constantinopoli-

289 2243 362 2270 tano
386 2236 497 2270 vicaria
519 2235 612 2270 Sedis
634 2236 835 2282 Apostolicae
859 2247 944 2281 prae-

292 2284 410 2319 fectura
433 2284 604 2330 delegatur,
626 2297 662 2319 ac
688 2297 818 2318 examen
853 2296 944 2317 com-

289 2334 424 2368 mittitur
459 2334 618 2380 petitionis
652 2333 764 2367 Iustini
802 2334 877 2379 imp.
912 2341 943 2366 ut

289 2383 436 2417 damnato
459 2383 565 2416 Aeacii
589 2384 740 2426 nomine,
763 2390 793 2417 et
829 2382 944 2416 erroris

288 2432 472 2466 auctoribus
494 2431 776 2474 anathematizatis,
801 2438 944 2465 caetero-

291 2493 359 2515 rum
399 2481 524 2515 nomina
558 2481 588 2514 in
626 2480 789 2528 Diptycliis
828 2480 946 2514 retine-

291 2538 411 2569 rentur,
447 2533 524 2563 141.

192 2579 259 2614 VII.
282 2579 439 2614 Salustius
461 2579 660 2625 Apostolicae.
682 2579 774 2614 Sedis
812 2578 947 2612 vicarius

290 2629 493 2663 constituitur
516 2642 570 2674 per
596 2627 736 2663 Beticam
765 2637 793 2662 et
821 2627 947 2661 Lusita-

292 2678 386 2716 niam,
417 2679 494 2712 145.

273 2734 346 2765 Ball.
371 2735 448 2765 Rern.
473 2735 529 2764 t’ol.
553 2734 574 2764 l.
750 2735 788 2765 80

1091 518 1276 556 alienandis,
1302 521 1382 552 145.

1265 611 1462 646 VIGllJUS.

989 703 1012 737 I.
1040 703 1203 738 Iustiniani
1229 704 1320 738 sidem
1346 705 1462 743 laudat,
1486 705 1643 753 simulque
1667 707 1741 740 Αυ-

1088 753 1197 786 tiinuin
1222 753 1620 800 Constantinopolitanum,
1643 759 1691 789 altr
1707 775 1740 788 s-

1086 814 1147 848 que
1189 804 1364 848 Aceplialos
1401 804 1636 838 anathematizat
1654 832 1661 843 ,
1704 817 1739 839 ac

1086 851 1277 897 synodorum
1304 860 1415 886 statuta
1436 852 1611 891 confirmat,
1639 856 1715 886 1413.

988 899 1025 933 ll.
1061 899 1154 934 Vires
1189 901 1388 946 Apostolicae
1414 900 1509 935 Sedis
1536 902 1678 936 Auxanio
1705 904 1737 937 it>

1085 949 1183 983 Gallia
1199 949 1463 996 del‹=gat,etpallii
1478 963 1566 984 nsum
1579 951 1698 985 conred
1716 963 1738 990 r,

1083 997 1272 1038 admonens,
1295 1008 1327 1033 ut
1351 1012 1406 1046 pro
1424 1000 1612 1045 imperatore
1637 1000 1758 1035 Deum=

1086 1056 1176 1086 oret,
1218 1060 1390 1095 pacemque
1439 1049 1518 1082 inter
1557 1049 1659 1094 ipsun]
1707 1058 1737 1084 et

1085 1095 1321 1131 childebertum
1347 1110 1448 1143 regem
1470 1110 1655 1132 conservare
1669 1107 1738 1133 stu-

1084 1145 1166 1185 deat,
1197 1148 1277 1180 1-19.

985 1192 1038 1227 Ill.
1054 1194 1232 1229 Auxanium
1256 1195 1404 1229 vicariurn
1429 1195 1522 1229 Sedis
1537 1196 1736 1242 Apostolicae

1087 1244 1291 1277 constitutum
1345 1257 1415 1279 esse
1456 1245 1601 1279 nunciat:
1643 1245 1736 1280 liuius

1085 1294 1225 1327 muneris
1264 1301 1367 1339 partes
1393 1294 1537 1340 explicat,
1560 1306 1736 1341 omnesque

1083 1342 1227 1376 Auxanio
1249 1342 1467 1389 obtemperare
1491 1343 1587 1387 iubet,
1605 1346 1685 1378 150.

984 1390 1036 1424 lV.
1064 1390 1210 1426 Auxanio
1233 1391 1406 1426 Arelatensi
1436 1393 1598 1438 delegatur
1625 1394 1737 1439 cogni—

1084 1441 1127 1475 tio
1150 1453 1263 1474 causae
1286 1440 1465 1475 Praetestati
1489 1442 1626 1488 epicopi,
1652 1445 1733 1477 151.

984 1488 1020 1523 V.
1046 1489 1216 1523 Aureliano
1231 1489 1405 1524 Arelatensi
1429 1491 1512 1525 vices
1534 1491 1734 1536 Apostolicae

1082 1538 1174 1573 Sedis
1202 1539 1232 1573 in
1252 1539 1352 1573 Gallia
1366 1540 1561 1586 delegantur,
1590 1540 1737 1588 palliique

1083 1600 1158 1622 usus
1179 1588 1371 1629 conceditur,
1399 1591 1476 1623 152.

986 1636 1035 1671 Vl.
1059 1636 1092 1670 In
1118 1637 1201 1672 idem
1230 1647 1461 1684 argumentum,
1490 1641 1568 1673 155.

1157 1725 1369 1761 PELAGlUS
1391 1726 1560 1761 PRIMUS.

984 1804 1006 1838 I.
1034 1804 1182 1850 Sapaudo
1214 1805 1388 1839 Arelatensi
1420 1806 1503 1840 vices
1530 1807 1733 1853 Apostolicae

1083 1853 1175 1888 Sedis
1202 1855 1233 1888 in
1268 1854 1369 1889 Gallia
1408 1854 1554 1901 delegat,
1582 1856 1735 1903 palliique

1083 1915 1174 1937 usum
1195 1904 1382 1950 impertitur,
1408 1907 1487 1939 154.

1157 1975 1343 2010 IOANNES
1370 1975 1563 2011 TERTIUS.

985 2046 1007 2080 I.
1031 2046 1221 2093 Exemplum
1244 2047 1354 2081 Bullae
1378 2060 1475 2094 papae
1496 2047 1625 2082 Ioannis
1639 2048 1736 2089 tertii,

1084 2096 1136 2130 ubi
1165 2096 1263 2140 dicit,
1299 2109 1332 2130 se
1368 2096 1528 2131 basilicam
1558 2097 1733 2132 Duodecim

1083 2145 1306 2191 Apostolorum
1331 2146 1482 2180 initiatam
1499 2158 1553 2192 per
1570 2146 1735 2192 Pelagium

1084 2195 1357 2241 praedecessorem
1373 2207 1480 2238 suum,
1494 2203 1525 2229 et
1539 2204 1639 2230 morte
1651 2208 1737 2242 prae·

1084 2252 1210 2278 ventum
1248 2256 1309 2277 non
1342 2243 1544 2285 absolutam,
1584 2246 1753 2280 consum-⁴*

1084 2305 1196 2327 masse:
1226 2292 1415 2339 titulumque
1442 2293 1630 2328 cardinalem
1666 2306 1734 2328 eam

1086 2342 1297 2381 constituisse,
1319 2350 1347 2376 et
1364 2343 1503 2388 assignat
1523 2342 1625 2377 eidem
1651 2343 1736 2377 basi-

1084 2391 1160 2425 licae
1178 2391 1341 2437 parochiae
1363 2391 1451 2430 lines,
1473 2400 1503 2426 et
1517 2404 1583 2426 eam
1605 2392 1736 2426 diversis

1084 2439 1223 2474 donariis
1240 2441 1334 2474 donat
1353 2441 1391 2474 de
1406 2452 1464 2475 suo
1480 2441 1636 2485 vestiario,
1655 2443 1735 2476 155.

1125 2510 1338 2545 PELAGIUS
1360 2510 1599 2546 SECUNDUS.

987 2582 1010 2616 Ι.
1034 2582 1266 2616 patriarchatus
1283 2582 1494 2628 Aquileiensis
1509 2582 1650 2618 Gradum
1662 2596 1733 2618 cnm

1086 2631 1194 2665 eadem
1218 2632 1346 2665 omnino
1368 2631 1584 2668 iurisdictione
1622 2641 1652 2668 et
1686 2635 1736 2667 di-

1086 2681 1204 2727 gnitate
1227 2681 1421 2721 transfertur,
1447 2683 1528 2716 157.
