2237 3127
53 360 104 388 An.
121 359 150 387 C.
168 356 236 385 1018

67 667 224 690 Ordinationes

79 703 224 734 presbytero-

54 747 112 769 rum,
131 739 240 761 diacono-

55 783 113 804 rum,
149 775 240 797 subdia-

56 819 163 834 conorum
219 815 241 834 et

66 847 225 869 consecr-aiio-

56 890 96 905 nes
129 882 241 906 ecclesia-

56 925 104 940 rum
133 923 154 940 et
178 918 240 940 ultu-

55 954 112 976 rium
140 954 161 976 in
194 957 241 976 tota

55 990 146 1018 regione
164 990 242 1012 Trans-

56 1025 156 1055 tyberina
214 1025 242 1048 ad

55 1061 146 1084 cosdem
194 1062 242 1092 opi.

56 1105 138 1128 leopos
188 1106 242 1128 fipe-

56 1137 117 1156 etue
141 1133 242 1156 declara-

56 1173 99 1192 tur:
144 1171 243 1200 exceptis

55 1208 129 1228 tumen
162 1206 242 1235 digni-

57 1242 140 1265 tatibus
155 1243 178 1263 S.
199 1243 243 1264 Pa-

56 1278 105 1302 latii
153 1278 244 1300 Latera-

57 1314 142 1337 nensis.

58 1514 188 1544 Assignatin
213 1512 244 1535 fi-

59 1551 118 1573 nium
147 1549 246 1579 regionis

69 1585 230 1616 Transiyberi-

121 1629 172 1645 nne.

99 2290 245 2320 excipiuntur

69 2326 181 2362 efclesiae
229 2326 252 2348 S.

69 2367 154 2389 Mariae
188 2365 254 2396 vulgo

68 2401 234 2432 Transtybei‘iin
248 2419 254 2432 ‚

68 2441 92 2462 S.
127 2438 255 2467 misegoni,

69 2476 94 2498 S.
138 2473 255 2502 Caeciliae,

70 2509 200 2533 monasterii
233 2510 256 2531 S.

71 2550 192 2579 Panaetii,
236 2550 258 2569 et

71 2587 106 2609 Ss.
125 2587 216 2610 Cosmae
234 2590 256 2610 et

74 2623 184 2645 Dsmiani.

106 2735 154 2760 Atia
171 2734 238 2758 bona.

864 358 1064 384 assumeres
1084 357 1147 380 vin
1168 355 1218 379 ιη).

263 418 366 455 hortis
387 425 418 454 et
448 416 641 465 aquimolis,
669 423 699 451 et
722 416 920 463 pertinentiis
954 415 1020 450 suis
1063 415 1146 449 dicto
1174 408 1339 457 &piscopio
1374 406 1500 454 plebem
1528 404 1562 439 S.
1585 401 1702 437 Mariae
1729 410 1756 434 ct
1785 399 1818 435 S.

1663 310 1765 369 ’ΛΞΜ

265 470 345 504 infra
375 469 457 503 hanc
490 467 599 501 urbem
632 466 785 503 Romam,
809 465 898 499 sitam
927 465 1018 499 sicuti
1062 460 1258 510 Apollinaris
1283 459 1313 492 in
1338 458 1419 491 mola
1439 463 1544 501 rupta,
1571 461 1602 487 et
1630 451 1753 499 plebem
1784 450 1817 483 S.

265 518 447 553 extenditur
469 517 508 551 ab
534 528 598 550 uno
622 516 723 562 capite
752 527 852 561 usque
875 515 904 548 in
933 514 1017 549 aliud

266 576 361 615 caput
387 567 487 614 ipsius
514 565 658 607 insulae,
687 564 739 597 ubi
768 564 885 598 flumen
910 564 1020 598 dividi-

266 625 336 658 tur·,
371 615 537 664 parimodo
570 613 777 648 concedimus
799 620 829 647 ct
850 614 1018 647 coufirma-

268 679 340 701 mus
375 665 464 700 vobis
498 663 672 709 vestrisque
712 662 951 697 successorihus
988 662 1017 696 iii

268 723 456 763 perpetuum
485 724 611 747 omnem
634 711 864 745 ordinationem
894 712 1020 757 episco-

270 766 384 812 palem,
407 772 467 797 tam
493 761 533 796 de
555 760 761 807 presbyteris,
788 773 882 805 quam
911 761 1020 795 diaco-

268 815 376 857 nibus,
404 811 451 846 vel
474 810 671 849 diaconissis,
687 822 740 843 seu
759 809 1018 849 subdiaconibus,

268 862 423 901 ecclesiis,
447 860 494 894 rel
516 858 679 898 altaribus,
698 859 823 905 quaein
847 866 908 893 tota
924 859 1021 893 Tran-

269 911 386 958 styberi
409 909 584 944 necessaria
611 908 725 951 fuerit,
762 907 934 942 faciendam
960 909 1018 943 nisi

269 959 436 994 cardinalis
462 958 632 996 diaconus,
659 957 705 991 vel
731 957 955 999 subdiaconus,
974 959 1018 991 xtl

269 1009 410 1057 acolytus
429 1009 507 1042 sacri
529 1007 634 1054 palatii
656 1007 878 1042 Laterauensis
902 1008 1020 1041 cilicia—

271 1067 331 1093 tur.
359 1058 488 1093 Scilicet
512 1057 616 1091 omnia
639 1057 707 1097 tibi,
740 1057 865 1103 tuisque
892 1070 1022 1092 succes-

269 1108 410 1149 soribus,
432 1107 479 1141 vel
503 1106 618 1153 quibus
640 1107 796 1153 episcopis
812 1119 825 1140 a
843 1107 930 1141 vobis
949 1108 1022 1141 invi-
1040 1136 1043 1154 ¹

272 1158 322 1192 tati
346 1157 473 1200 fuerint,
494 1156 676 1194 ordinandi,
701 1156 925 1192 benedicendi.
947 1156 1044 1198 cono}

274 1206 458 1242 secrandive
481 1205 686 1240 concedimus
709 1214 905 1252 potestatem,
932 1214 961 1240 et
985 1219 1022 1241 ue
1041 1199 1044 1240 l

274 1256 437 1304 parrochia
475 1264 577 1290 restra
617 1255 656 1289 ab
695 1255 799 1302 aliquo
839 1248 1044 1301 pervadatur}

274 1307 437 1354 episcopo,
463 1304 597 1339 fecimus
625 1317 679 1351 per
700 1304 761 1339 hoc
793 1314 936 1339 nostrum
961 1306 1044 1351 pri-'

274 1355 422 1402 vilegium
446 1355 590 1388 intimare
612 1362 744 1400 tuaeque
766 1354 925 1389 Ecclesiae
946 1367 1025 1388 con—

271 1405 396 1440 firmare
412 1416 573 1443 curamus,
591 1403 762 1449 incipiente
779 1416 904 1450 quoque
924 1405 1024 1448 primo
1042 1368 1045 1426 l

273 1455 409 1489 termino
424 1466 441 1488 a
456 1452 535 1487 facto
554 1461 668 1499 ponte,
693 1453 742 1486 uhi
761 1453 841 1486 unda
862 1453 1022 1489 dividitur.
1043 1451 1046 1494 l

275 1516 330 1552 per
345 1516 470 1538 niuruni
485 1502 631 1536 videlicet
644 1501 909 1549 'l'ranstyberinae
926 1502 1024 1539 urbis,
1044 1526 1046 1530 .

274 1566 329 1600 per
358 1552 576 1600 septimianam
600 1559 735 1598 portam,
760 1564 814 1598 pei·
838 1560 958 1598 portam
990 1551 1023 1585 S.

274 1603 444 1641 Pauci-atii,
467 1613 521 1648 per
544 1600 664 1635 silicem
688 1613 761 1635 vero
783 1601 882 1648 ipsius
906 1609 1024 1647 portae,

275 1664 376 1699 usque
397 1651 434 1686 ad
459 1657 585 1697 pontem
620 1662 832 1685 marmoreum
848 1678 855 1689 ,
892 1650 944 1697 qui
979 1654 1048 1704 estk

274 1714 370 1748 super
390 1712 534 1736 arronem
557 1708 588 1734 et
615 1699 751 1735 ducente
775 1712 830 1746 per
856 1700 955 1746 ipsam
979 1700 1048 1745 εἰη

274 1752 367 1786 licem
393 1762 496 1797 usque
517 1748 555 1783 ad
584 1749 782 1795 paritorium:
807 1750 903 1796 inque
931 1747 1048 1783 revel-l

275 1809 367 1836 vente
394 1812 449 1847 pei·
477 1798 606 1846 paludes
628 1811 728 1844 usque
749 1799 779 1833 in
809 1811 909 1836 mare.
934 1781 1049 1852 inde-l

276 1862 338 1897 que
369 1849 512 1884 veniente
547 1860 602 1894 per
628 1860 713 1882 mare
751 1861 850 1894 usque
889 1847 927 1882 ad
964 1847 1049 1882 duo*

277 1899 422 1934 milliaria
443 1898 522 1931 ultra
548 1897 684 1940 Farum,
711 1907 740 1931 et
763 1909 864 1943 usque
892 1897 920 1931 in
957 1896 1027 1931 fon-

278 1957 340 1983 tem
370 1947 519 1981 maiorem
535 1974 543 1990 ,
577 1947 673 1992 inque
697 1954 854 1980 remeante
885 1959 940 1993 pei·
962 1958 1029 1980 ine-

277 1998 366 2033 dium
388 1996 507 2030 flumen
542 1996 644 2030 maius
679 1996 759 2030 venit
788 2007 887 2042 usque
910 1996 948 2030 ad
977 1992 1050 2029 ra-'

278 2059 364 2082 mum
393 2045 480 2081 fracti
505 2046 620 2093 pontis,
647 2046 700 2091 qui
727 2052 773 2080 est
793 2045 876 2079 iuxta
895 2057 1030 2079 inarmo-

279 2105 389 2143 ratam,
411 2095 506 2142 inque
532 2095 570 2129 ad
592 2095 731 2129 medium
756 2102 881 2141 pontem
905 2094 938 2129 S.
962 2094 1030 2128 >la-

279 2146 363 2190 riae,
389 2151 420 2179 et
449 2144 487 2179 ad
515 2143 654 2179 medium
687 2152 811 2190 pontem
843 2143 895 2177 ubi
925 2143 1028 2177 ludaei

278 2195 420 2230 habitare
447 2193 604 2237 videntur,
638 2201 668 2228 et
703 2193 783 2227 redit
813 2205 867 2239 per
891 2193 1029 2226 medium

282 2253 410 2292 pontem
434 2243 629 2290 praedictum
654 2242 809 2286 fractum,
831 2241 885 2275 uhi
910 2243 968 2276 iam
993 2241 1030 2275 :le

281 2294 366 2329 unda
387 2293 542 2336 diximus,
564 2293 618 2339 qui
633 2301 681 2327 est
695 2292 816 2338 primus
837 2291 937 2325 aliiuis
959 2291 1031 2325 ahs-

281 2356 343 2390 que
369 2341 620 2390 Transtybei’inis
642 2340 804 2376 catholicis
825 2341 966 2375 ecclesiis
996 2339 1029 2373 S.

281 2393 408 2433 Mariae,
430 2391 574 2426 videlicet
600 2392 631 2425 in
652 2390 874 2438 Transtyberi,
901 2390 934 2424 S.
958 2388 1032 2423 Gri-

283 2442 393 2489 sogoni
420 2449 451 2475 et
475 2440 508 2475 S.
537 2439 685 2483 Ceeiliae,
710 2440 757 2474 vel
787 2439 975 2473 monasterio
997 2437 1030 2472 S.

285 2490 438 2526 Pancratii
461 2498 492 2524 et
512 2489 562 2524 Ss.
585 2489 720 2524 Cosmae
746 2496 777 2523 et
796 2488 959 2527 Damiaiii;
985 2495 1033 2521 ta-

285 2553 356 2575 men
379 2541 409 2574 in
434 2539 600 2586 praedictis
621 2538 764 2573 ecclesiis
780 2546 811 2572 et
834 2537 1034 2571 monasteriis

284 2589 436 2637 quicquid
459 2588 575 2622 ibidem
596 2588 634 2622 ab
649 2587 806 2634 episcopis
828 2599 956 2621 necesse
974 2586 1034 2619 fue-

287 2640 325 2674 rit
358 2638 512 2678 l‘aciendi,
538 2637 706 2671 Portuensi
741 2636 891 2683 episcopo
923 2636 966 2668 νυ]
996 2635 1033 2667 :ih

287 2691 356 2736 ipso
376 2688 514 2722 invitatis
534 2687 704 2720 tribuimus
727 2693 921 2730 potestatem.
946 2685 1036 2718 lwm-
1054 2710 1056 2718 s

1043 1438 1045 1447 t

1060 510 1211 556 Stephani
1236 509 1266 542 in
1290 506 1417 555 panchi,
1441 514 1470 539 et
1495 502 1619 550 plebem
1643 501 1676 535 S.
1704 500 1820 533 Mariae

1061 564 1090 598 in
1119 558 1304 609 Apruniaua
1320 584 1329 600 ,
1358 555 1406 590 vel
1429 565 1542 590 omncs
1571 550 1729 585 Ecclesias
1751 549 1820 583 exi-

1059 624 1138 652 guas
1160 610 1207 646 vel
1227 618 1357 653 magnas
1376 602 1545 639 cuiuslibet
1568 600 1717 638 nominis,
1738 611 1819 645 quae

1059 649 1140 697 infra
1175 662 1234 695 iam
1263 657 1364 691 dictos
1400 654 1509 688 affines
1536 658 1630 694 sunt,
1665 648 1710 683 vel
1745 660 1815 682 esse

1059 719 1213 759 possunt,
1249 707 1368 753 absque
1409 704 1491 741 illis,
1525 712 1603 747 quas
1642 699 1702 732 iam
1730 697 1815 751 dixi-

1061 774 1132 795 mus
1151 756 1386 794 Transtvberim
1413 752 1492 787 sitis.
1521 750 1641 784 [nterea
1667 759 1814 781 sancien—

1061 819 1106 844 tes
1127 798 1284 847 iuhemus,
1311 804 1402 840 sicuti
1426 814 1441 836 a
1471 799 1587 834 nostris
1623 796 1718 844 praed
1730 808 1820 829 eces-

1059 859 1183 893 sorihus
1206 858 1326 891 iussum
1354 861 1411 891 est,
1441 858 1473 885 ut
1511 850 1542 882 iii
1571 847 1700 881 flumine
1729 853 1815 887 toto,

1059 909 1112 954 qui
1149 909 1232 941 iuxta
1268 905 1377 939 urbem
1411 901 1617 935 portuensem
1651 894 1812 938 decurrit,

1061 957 1168 991 nullus
1205 956 1318 990 aule-at
1351 949 1555 987 molendina,
1590 953 1643 980 aut
1685 951 1811 990 pontem

1062 1015 1131 1053 post
1164 1006 1334 1040 iussionem
1368 1010 1471 1041 tuam,
1508 996 1556 1030 vel
1589 1005 1814 1049 successorum

1062 1064 1187 1090 tuorum
1213 1054 1435 1100 episcoporum
1460 1048 1544 1080 iuxta
1572 1055 1706 1098 priscam
1729 1054 1813 1075 coii—

1062 1105 1262 1139 suetudinem
1301 1096 1527 1147 quoquomodo
1546 1100 1756 1134 constituere,
1791 1099 1821 1125 et

1063 1167 1134 1189 cum
1160 1154 1205 1188 vel
1229 1166 1245 1187 a
1273 1151 1371 1187 vohis.
1396 1147 1442 1182 vel
1466 1145 1503 1180 ab
1527 1143 1606 1181 aliis,
1630 1141 1747 1188 quibus
1778 1148 1821 1174 ta-

1064 1216 1137 1238 men
1163 1216 1219 1238 vos
1252 1199 1431 1235 faciendum
1465 1192 1679 1235 iniunxeritis,
1705 1190 1820 1224 consti-

1065 1261 1167 1287 tutum
1188 1260 1241 1288 aut
1263 1245 1378 1285 sactum
1404 1245 1495 1281 fuerit
1526 1244 1592 1289 ipsa
1625 1240 1818 1282 molendina,

1064 1303 1110 1336 vel
1136 1315 1214 1349 pons
1229 1308 1332 1335 vestro
1355 1295 1484 1332 arbitrio
1499 1293 1741 1338 dispensentur:
1767 1301 1821 1335 per

1066 1360 1193 1397 pontem
1228 1361 1302 1384 vero
1340 1344 1474 1381 civitatis
1505 1342 1627 1388 ipsiuS,
1662 1340 1687 1373 si
1720 1338 1821 1372 sactus

1066 1401 1168 1439 fuerit.
1196 1412 1266 1435 cum
1292 1398 1429 1443 plaustro
1451 1399 1565 1427 onusto
1587 1389 1672 1427 vino,
1702 1388 1747 1422 vel
1771 1388 1822 1421 vi-

1066 1458 1115 1484 ctu
1141 1462 1233 1484 nemo
1252 1447 1366 1482 audeat
1390 1454 1492 1490 neque
1511 1441 1584 1474 hinc
1606 1438 1692 1480 illuc,
1715 1448 1820 1483 neque

1066 1499 1138 1533 inde
1153 1499 1216 1533 huc
1240 1497 1366 1544 penitus
1388 1500 1590 1528 transmeare.
1612 1487 1729 1521 Iterum
1746 1498 1821 1519 san-

1066 1549 1184 1583 cientes
1219 1547 1388 1586 iubemus,
1426 1550 1460 1576 ut
1497 1539 1602 1573 nullus
1637 1535 1821 1582 presbyter,

1067 1598 1114 1632 vel
1137 1596 1307 1632 cuiuslibet
1329 1592 1450 1629 ordinis
1472 1588 1605 1625 clericus
1634 1585 1750 1632 aliquis
1781 1584 1821 1619 de

1066 1655 1131 1681 toto
1167 1646 1306 1694 praefato
1341 1643 1524 1690 episcopatu
1555 1635 1667 1672 audeat
1690 1634 1726 1668 ad
1753 1634 1822 1680 pla-

1067 1697 1163 1731 citum
1192 1694 1420 1739 constringere,
1447 1697 1500 1724 aut
1524 1686 1562 1722 ad
1585 1684 1821 1720 contentionem

1067 1745 1239 1780 finiendam
1267 1741 1478 1789 compellere,
1510 1744 1562 1771 aut
1589 1733 1718 1780 aliquod
1739 1744 1822 1787 *ser-

1068 1796 1176 1829 vitium
1200 1794 1239 1829 ab
1261 1794 1306 1828 eis
1337 1790 1517 1838 requirere,
1548 1791 1671 1832 praeter
1693 1794 1822 1837 ¹episco-

1069 1857 1144 1891 pum
1161 1844 1382 1881 Portuensem,
1406 1840 1435 1873 in
1453 1837 1544 1872 cuius
1557 1832 1720 1882 parrochia
1736 1839 1820 1866 sunt.

1068 1893 1261 1940 Quicunque
1287 1903 1360 1926 vero
1383 1892 1619 1936 praesumptor,
1647 1881 1712 1916 sive
1738 1881 1822 1935 dux,

1068 1943 1136 1977 sive
1163 1954 1282 1982 comes,
1309 1940 1356 1974 vel
1379 1939 1572 1973 vicecomes,
1604 1939 1657 1967 aut
1689 1929 1824 1965 cubicu-

1069 1992 1179 2034 larius,
1208 1991 1253 2026 vel
1277 2003 1292 2024 a
1316 1996 1419 2023 nostra
1442 1984 1613 2032 apostolica
1641 1979 1716 2015 sede
1744 1979 1821 2013 inis-

1069 2054 1134 2080 sus,
1168 2049 1221 2074 aut
1255 2039 1495 2086 qualiscumque
1523 2030 1734 2067 interveniens
1770 2040 1822 2075 po-

1071 2098 1176 2133 testas,
1212 2101 1293 2136 quae
1325 2088 1364 2121 de
1401 2086 1466 2132 ipsa
1494 2082 1616 2118 civitate
1647 2078 1823 2113 Portueuse

1070 2139 1267 2173 dominatum
1291 2136 1460 2173 tenuerint,
1483 2133 1522 2167 de
1540 2139 1740 2178 quocumque
1759 2126 1825 2180 fue-

1072 2189 1133 2222 rint
1158 2188 1289 2226 ordine,
1325 2184 1481 2232 praedicta
1507 2180 1612 2216 onmia
1649 2175 1824 2212 immobilia

1071 2237 1150 2276 loca,
1177 2244 1229 2271 aut
1252 2234 1525 2283 praenominatum
1554 2226 1824 2268 Castaldaticum,

1073 2287 1119 2321 rel
1144 2286 1225 2321 duos
1248 2285 1419 2332 piscatores
1446 2290 1475 2316 et
1497 2280 1577 2315 duos
1599 2275 1753 2314 curiales,
1776 2274 1825 2308 vel

1072 2348 1184 2370 omnes
1211 2334 1386 2382 praedictos
1412 2330 1543 2366 clericos
1564 2340 1581 2363 a
1608 2328 1676 2361 iure
1703 2332 1731 2359 et
1761 2335 1826 2378 po‘.

1074 2393 1207 2426 testate,
1242 2391 1336 2430 atque
1369 2381 1489 2416 ditione
1524 2376 1652 2425 praefati
1683 2375 1824 2421 episcopi

1073 2434 1196 2469 auferre
1219 2433 1266 2467 vel
1301 2432 1443 2466 minuere
1466 2427 1615 2467 voluerit,
1642 2423 1688 2458 vel
1719 2434 1826 2476 parro-

1074 2484 1175 2518 chiam
1199 2482 1369 2527 insringere
1396 2477 1580 2517 tentaverit,
1608 2482 1661 2509 aut
1683 2472 1827 2506 homiues

1074 2533 1106 2567 in
1126 2532 1283 2579 praedicta
1306 2539 1390 2564 turre
1408 2528 1598 2569 habitantes,
1617 2523 1664 2558 vel
1682 2521 1828 2555 ubicum-

1075 2594 1135 2629 que
1162 2581 1337 2628 proprietas
1365 2576 1505 2624 episcopi
1533 2573 1728 2609 mansionata
1759 2570 1828 2625 sue-

1077 2633 1125 2669 rit,
1157 2630 1195 2664 ad
1232 2629 1393 2677 pubiicum
1417 2625 1576 2661 servitium
1613 2628 1828 2676 revocarent,

1076 2681 1151 2715 sciat
1174 2693 1207 2714 se
1229 2678 1475 2724 compositurum
1499 2674 1648 2726 episcopo
1675 2682 1752 2717 ipSi.
1776 2681 1830 2715 qui

287 2750 350 2787 que
375 2736 582 2772 concedimus
602 2744 633 2772 et
655 2735 880 2772 confirmamus
916 2735 946 2768 iii
974 2734 1034 2767 iam
1054 2726 1058 2777 Ι
1076 2743 1133 2778 pro
1157 2738 1297 2777 tempore
1318 2727 1423 2768 fuerit,
1444 2720 1689 2772 auriparissimi
1703 2719 1757 2754 lib.
1771 2720 1830 2753 20.

1843 347 1893 372 An.
1911 345 1940 372 C.
1958 344 2027 373 1018

1845 788 1932 810 Nemini
1963 787 2030 808 liceat

1875 823 2000 845 molendina

1846 863 1975 881 consti-uero
2009 859 2031 880 in

1845 895 1934 917 flumine
1974 896 2033 918 iiixl·

1846 932 1923 954 urbem
1973 933 2032 953 Por-

1848 971 1909 990 tuen.
1949 967 2032 997 absque

1848 1004 1949 1034 episcopi
1978 1010 2032 1025 con-

1848 1048 1922 1063 seusu.

1861 2395 1901 2422 Qui
1939 2392 2049 2414 ‘in-nomm

1862 2425 1980 2447 Ecclesiae
1993 2423 2051 2453 ἐ,Ιιιι-

1862 2458 1894 2478 ius
1950 2457 2048 2483 invasor,

1861 2494 1897 2510 aut
1913 2486 2052 2509 iuriiiiiivio-

1860 2520 1919 2542 latoi-
1944 2517 2050 2545 extiterit,

1862 2555 2000 2581 componor!
2025 2555 2052 2570 e*

1862 2585 1957 2613 piseopo
1969 2581 2010 2603 lib.
2020 2578 2052 2601 20

1863 2618 1973 2637 teneatur:
2029 2613 2054 2632 οἱ

1863 2644 2044 2668 excommunis:-

1863 2679 1931 2700 tionis
1955 2679 2051 2699 sentcn-

1863 2711 1907 2732 tiae
1925 2709 2052 2732 subinten-
