2237 3127
1599 228 1640 266 ‘21

161 307 402 350 Clementem
426 310 495 348 ΧΠ
524 308 684 347 feliciter
701 314 928 358 regnantem
950 320 1053 345 anno
1081 306 1140 345 sui
1164 305 1412 359 pontificatus
1433 305 1584 344 decimo
1603 306 1697 343 dum

160 371 253 410 haec
280 373 419 410 scribo.
444 371 638 409 Bullarum
670 369 864 422 siquidem
895 369 1137 414 collectores,
1165 369 1231 421 qui
1260 369 1398 407 seriem
1428 369 1697 407 Romanorum

160 433 391 472 Pontificum
421 433 468 471 ad
488 447 555 471 sua
584 446 709 484 usque
733 440 909 483 tempora
935 431 1080 483 pariter
1105 431 1374 483 prodiderunt,
1400 429 1438 467 id
1467 429 1698 482 plerumque

159 509 296 548 parum
328 494 531 533 emendate
565 494 853 547 praestiterunt,
879 493 986 546 quod
1008 507 1146 545 parum
1175 493 1307 545 peritis
1328 492 1491 530 ducibus
1511 494 1569 531 usi
1594 501 1697 534 sunt,

158 571 286 610 neque
312 557 438 595 adhuc
458 571 518 595 res
539 556 812 606 chronologica
839 570 927 593 eum
956 555 1204 607 perfectionis
1224 554 1387 605 gradum
1407 554 1543 607 adepta
1563 554 1698 603 fuerat,

158 619 206 657 ad
227 633 344 672 quem
365 633 458 657 aevo
487 627 624 657 nostro
656 618 850 670 pervenit7
878 626 1088 670 postquam
1119 625 1177 654 tot
1205 617 1377 667 insignes
1406 617 1475 654 viri
1505 618 1697 668 egregiam

155 681 238 719 eius
271 680 517 719 elucidationi
547 688 740 718 navarunt
771 692 949 730 operam;
985 678 1240 730 quamobrem
1276 678 1520 729 singulorum
1557 687 1699 717 aetates

158 742 389 781 Pontificum
424 741 577 780 certiori
605 740 750 779 calculo
779 740 874 777 mihi
903 739 1009 777 licuit
1037 739 1207 777 definire.
1237 740 1315 777 Nec
1341 739 1463 777 multo
1492 753 1697 791 operosam

154 804 372 856 suscepisse
386 803 626 856 provinciam
639 801 743 840 credi
758 801 888 839 velim:
901 815 990 838 nam
1006 814 1130 852 usque
1144 801 1191 838 ad
1207 801 1242 839 S.
1256 801 1489 851 Gregorium
1503 801 1699 853 Magnum,

157 867 224 918 qui
246 865 293 903 ad
309 866 430 904 sancti
447 865 546 903 Petri
562 863 782 902 cathedram
799 862 974 901 ascendit
987 876 1090 900 anuo
1108 862 1196 913 590,
1214 862 1352 900 ducem
1370 862 1486 900 habui
1505 863 1697 914 optimum

157 927 405 965 Franciscum
436 926 691 964 Blanchinum
710 933 838 963 tantae
858 924 1067 976 sapientiae
1086 932 1202 976 atque
1222 923 1450 961 eruditionis
1471 923 1699 975 praesulem,

156 997 201 1027 ut
225 982 440 1027 academiae
469 988 590 1038 magis
616 987 787 1037 insignes
814 987 991 1038 Europae
1024 986 1096 1024 sibi
1127 999 1216 1023 eum
1251 985 1427 1023 certatim
1452 985 1697 1023 vindicarint.

155 1052 286 1101 Quare
306 1063 575 1103 quoscumque
595 1048 799 1087 Pontifices
817 1057 905 1086 ante
924 1048 959 1086 S.
983 1048 1220 1098 Gregorium
1233 1048 1425 1095 recensui,
1447 1061 1582 1085 eorum
1602 1048 1699 1085 vitas

155 1127 204 1151 ex
226 1112 349 1151 tribus
371 1112 635 1150 voluminibus
662 1111 855 1149 Anastasii
883 1109 1166 1148 bibliothecarii
1190 1109 1238 1147 ab
1255 1109 1392 1148 eodem
1414 1111 1559 1148 Romae
1575 1110 1699 1156 editis,

157 1175 371 1223 brevitate,
404 1188 502 1226 quae
542 1187 672 1211 meum
707 1173 836 1211 decuit
877 1173 1125 1219 institutum,
1156 1172 1403 1224 transcripsi,
1442 1172 1699 1224 eamdemque

158 1237 389 1276 methodum
421 1237 633 1274 tenuissem
657 1235 694 1272 in
715 1235 895 1285 Gregorii
921 1234 1108 1283 eiusdem,
1133 1248 1176 1272 ac
1197 1235 1445 1286 sequentium
1466 1234 1699 1272 Pontificum

157 1313 282 1351 usque
311 1298 359 1336 ad
390 1298 628 1349 Stephanum
664 1298 715 1334 ΙΙΙ
748 1297 793 1334 al.
826 1297 901 1344 IV,
931 1297 997 1348 qui
1027 1310 1130 1335 anno
1164 1296 1238 1348 768
1267 1296 1401 1335 sedere
1430 1297 1579 1348 coepit,
1610 1297 1700 1335 vitis

157 1359 436 1407 descrihendis„
450 1360 481 1397 si
495 1369 677 1411 quartum
697 1359 887 1396 Anastasii
903 1358 1076 1397 eiusdem
1093 1358 1276 1396 volumen
1292 1358 1331 1395 in
1348 1367 1533 1410 promptu
1554 1357 1699 1396 fuisset.

158 1424 210 1462 At
231 1422 429 1460 Blanchini
449 1430 692 1473 praematura
713 1435 818 1458 mors
841 1429 957 1473 atque
975 1421 1195 1459 intermissa
1213 1434 1281 1472 per
1310 1419 1440 1473 plures
1467 1434 1590 1457 annos
1611 1434 1702 1457 con-

156 1485 321 1524 tinuatio
350 1484 590 1522 Anastasiani
613 1483 741 1535 operis
764 1497 873 1535 spem
893 1482 987 1521 mihi
1008 1496 1166 1520 omnem
1183 1483 1360 1534 eripuere
1376 1482 1490 1520 huius
1509 1481 1703 1534 praesidii,

154 1545 352 1598 *aliamque
376 1546 478 1583 viam
508 1545 659 1596 ingredi
690 1553 910 1595 coegerunt.
932 1544 1081 1582 Prodiit
1099 1545 1257 1582 tandem
1276 1557 1379 1582 anno
1406 1543 1502 1596 1730·
1519 1552 1699 1596 quartum

157 1609 198 1647 id
226 1607 408 1646 volumen
435 1607 566 1646 studio
589 1616 626 1645 et
640 1620 755 1659 opera
773 1607 848 1645 CC.
863 1606 962 1654 VV.³
977 1615 1207 1658 partemque
1226 1606 1342 1655 illam7
1366 1620 1465 1659 quae
1487 1606 1702 1644 necessaria

157 1670 253 1709 mihi
281 1679 374 1717 erat,
399 1670 495 1707 acris
522 1669 666 1720 ingenii
699 1669 758 1706 vir
785 1669 992 1707 Caietanus
1021 1668 1194 1706 Cennius
1226 1677 1493 1706 sacrosanctae
1524 1668 1704 1706 Basilicae

158 1731 366 1771 Vaticanae
381 1731 630 1770 beneficiatus
646 1731 769 1783 perite
784 1730 996 1769 admodum
1011 1731 1270 1782 pertractavit.
1283 1730 1358 1768 Sed
1373 1730 1443 1768 alia
1457 1730 1703 1768 incedentem

158 1795 232 1842 via,
253 1793 413 1846 aliisque
432 1802 603 1831 utentem
622 1792 784 1830 ducibus
804 1792 921 1830 editio
935 1793 1005 1830 ista
1026 1806 1088 1830 me
1106 1792 1322 1841 inveniens,
1341 1791 1435 1830 dum
1452 1793 1568 1830 nimis
1590 1791 1704 1843 longe

159 1869 449 1908 processeram7
468 1869 486 1891 a
512 1864 634 1902 meta,
663 1863 705 1892 ut
724 1855 798 1892 dici
819 1854 938 1901 solet7
968 1853 1015 1891 ad
1037 1868 1209 1892 carceres
1234 1868 1313 1891 non
1342 1854 1548 1892 revocavit.
1572 1854 1704 1906 anue

160 1926 319 1970 propter
333 1916 566 1955 Pontificum
580 1930 599 1953 a
617 1915 910 1954 bibliothecario
924 1915 1210 1967 descriptorum
1229 1915 1335 1968 quod
1353 1924 1499 1967 spectat
1516 1924 1705 1966 tempora,

160 1979 256 2017 nihil
284 1993 419 2017 eorum
450 1987 599 2016 mutare
632 1978 754 2026 libuit7
776 1991 875 2030 quae
902 1978 977 2014 iam
1003 1986 1212 2016 statueram
1235 1991 1324 2015 cum
1347 1978 1553 2015 Francisco
1574 1977 1704 2028 pagio,

161 2055 278 2093 quem
289 2041 450 2091 Pagium
464 2041 655 2078 iuniorem
666 2039 870 2091 appellant,
886 2040 979 2087 sive7
991 2048 1034 2077 ut
1047 2038 1183 2076 melius
1198 2038 1335 2086 (licam,
1347 2053 1435 2077 cum
1450 2039 1703 2091 Clzronologz'a

161 2103 333 2141 Fabrotti
359 2105 396 2139 in
423 2102 692 2149 Anastasiuin3
719 2115 887 2154 cumque
918 2101 1100 2150 catalogis
1134 2115 1153 2138 a
1185 2100 1230 2137 V.
1253 2100 1308 2139 Cl.
1326 2100 1522 2151 Vignofio,
1541 2100 1703 2153 aliisque

159 2165 320 2203 eruditis
343 2165 436 2203 viris
463 2165 502 2201 iu
531 2164 655 2202 lucem
688 2163 820 2202 editis:
846 2177 933 2201 raro
964 2164 1066 2201 enim
1095 2163 1234 2213 Pagius
1262 2163 1310 2200 ab
1329 2162 1467 2201 iisdem
1489 2163 1646 2201 recedit.
1665 2163 1704 2201 Si

161 2226 319 2279 quaudo
339 2235 467 2264 autem
489 2226 683 2264 Bullarum
713 2225 823 2264 datae
849 2226 919 2277 (sic
946 2239 1009 2263 eas
1040 2226 1194 2274 vocant)
1222 2239 1285 2262 me
1305 2224 1594 2263 admonuerunt
1613 2225 1704 2263 novi

160 2288 275 2327 huius
306 2289 414 2327 ducis
451 2289 623 2339 vestigiis
646 2288 806 2325 minime
831 2286 1112 2325 inhaerendum
1138 2300 1240 2334 esse;
1262 2301 1307 2325 eo
1336 2286 1517 2334 libentius
1554 2286 1593 2325 id
1624 2287 1706 2334 feci,

162 2350 270 2403 quod
297 2352 425 2403 ipsum
455 2350 533 2389 vidi
565 2364 690 2402 usque
718 2349 765 2388 ad
796 2358 966 2387 extrema
987 2349 1202 2386 Innocentii
1221 2349 1286 2396 ΙΙΙ,
1304 2348 1352 2386 ab
1371 2349 1545 2387 Antonio
1563 2350 1705 2386 Patruo

161 2427 281 2451 manu
300 2426 383 2450 esse
412 2411 593 2459 ductum5
618 2426 689 2449 nec
714 2425 856 2449 novam
884 2411 1002 2449 ullam
1030 2424 1189 2462 operam
1220 2410 1441 2449 adiunxisse
1465 2410 1706 2461 pontificiae,

162 2488 280 2528 quam
300 2474 523 2518 enarrabat,
548 2474 739 2511 historiae.
772 2473 894 2511 Multo
922 2474 1037 2511 etiam
1066 2473 1187 2510 tutius
1217 2472 1255 2510 id
1282 2472 1352 2510 feci
1383 2473 1423 2510 in
1452 2472 1705 2510 Pontificibus

162 2536 320 2589 reliquis
342 2549 466 2588 usque
489 2534 536 2573 acl
559 2535 799 2573 Clementem
825 2534 874 2582 V..
899 2535 1035 2572 videns
1056 2534 1236 2572 eumdem
1265 2535 1512 2572 Franciscum
1545 2535 1703 2571 Antonii

162 2597 356 2652 praesidio
382 2598 611 2636 destitutum
636 2597 883 2649 transalpinis
903 2605 946 2634 ut
976 2596 1187 2647 plurimum
1216 2596 1443 2634 authoribus
1465 2595 1701 2648 pontificiam

163 2660 456 2707 chronologiam
471 2659 650 2699 stabilire.
666 2659 780 2698 Hunc
799 2658 1063 2708 nihilominus,
1081 2667 1119 2698 et
1140 2659 1222 2698 eius
1239 2667 1423 2711 nepotem
1443 2658 1707 2708 Franciscum,

1723 284 1751 309 et
1763 281 1794 309 in
1805 278 1960 310 ordinanda
1969 278 2040 309 Pon—

1723 317 1830 345 tificum
1859 316 2040 352 chronologia

1723 353 1858 380 adhibita.

1762 789 1822 821 Qua
1852 789 1879 816 in
1904 795 1934 816 re
1961 794 2043 823 prae-

1725 825 1875 852 stantiores
1917 824 2041 851 chrono-

1726 860 1779 894 logi
1795 861 1883 887 facem
1903 860 2044 895 praebue-

1726 899 1807 929 rum3

1764 1411 1934 1440 Franciscus
1956 1409 2043 1440 Blan-

1730 1447 1841 1475 chinius
1874 1448 1902 1475 in
1930 1448 2044 1483 primis3

1730 1491 1821 1518 eoque
1829 1487 1952 1517 mortuo,
1966 1483 2046 1511 Caie-

1729 1521 1822 1547 tanius
1837 1519 1974 1552 Cennius;

1868 1896 1897 1945 „⁹

1743 1984 1796 2012 Sed
1804 1984 1969 2019 praesertim
1980 1991 2046 2012 cum

1730 2020 1832 2055 Pagffl,
1885 2027 1937 2047 seu
1979 2027 2045 2048 cum

1730 2055 1914 2090 Chronologia
1929 2055 2047 2083 Fabrot-

1730 2091 1749 2118 ti
1787 2092 1815 2118 in
1847 2090 2044 2125 Anastasium,

1730 2127 1875 2155 incessum
1890 2130 1942 2155 est.
