2237 3127
182 339 233 366 An.
257 339 284 366 C.
314 339 365 365 -iS-'i

207 2614 274 2635 Auiti}
294 2621 318 2633 an

207 2650 317 2671 niaiimiin

206 2685 326 2714 dep-mitia

323 2613 370 2633 :itlie

369 2657 379 2669 ⁰
418 2651 583 2686 ministerii

446 327 493 362 9⁶2

393 393 474 431 ciiii,
502 399 532 425 et
554 388 720 423 violantem
750 393 875 420 sanctae
895 384 1067 419 memoriae
1090 383 1146 417 Ti-

394 440 512 476 mothei
535 438 741 485 sepulturam,
760 436 839 469 sicut
862 434 900 468 ad
926 446 984 468 nos
999 432 1148 468 certiores
1166 420 1169 458 l

395 502 479 525 nunc
506 499 632 535 quoque
655 485 755 519 nuntii
779 484 978 523 detulerunt,
1008 494 1062 529 per
1080 481 1148 516 Me-
1167 493 1170 544 Ι

980 329 1168 352 nerianum
1196 329 1265 351 ΗΘΜ
1278 328 1360 349 istm

1189 382 1368 422 damnatus,
1389 391 1616 427 nunquamque
1637 378 1846 414 anathematis
1875 379 1938 413 vin-

1189 431 1268 466 culis
1295 430 1471 464 exuendus.

1238 479 1380 514 Coclitus
1395 478 1487 514 Felix
1502 478 1673 525 episcopiis
1688 484 1814 512 sanctae
1830 476 1940 511 Eccle-

395 550 507 574 Senum
530 545 559 570 et
571 534 706 569 N'italem
727 533 897 567 credideris
919 531 1146 567 excusandum:
1167 550 1170 585 i
1189 529 1254 564 siae
1280 528 1451 563 catholicae
1480 528 1568 562 urhis
1589 527 1727 566 Romae,
1752 525 1938 572 subscripsi.

396 600 454 622 iiec
476 598 546 621 eum
575 584 701 618 laudare
730 583 880 622 desieris,
909 590 938 615 et
967 580 1072 614 multis
1101 582 1148 614 el-

396 638 476 671 ferre
488 634 676 682 praeconiis,
691 633 732 666 ita
744 640 773 666 iit
787 632 1020 666 damnationem
1035 629 1147 676 ipsius,

396 698 491 732 quam
518 692 590 718 ante
621 681 785 723 retuleras,
822 692 924 714 reram
955 691 1015 713 non
1053 666 1170 713 fiiissel

1167 714 1170 730 l

398 736 403 741 ”
1167 732 1170 749 i

397 734 521 769 iactaris
554 732 691 767 Tantum
714 738 816 764 autem
838 740 1018 776 perseveras
1041 728 1072 762 in
1094 728 1151 762 lio-

398 784 491 818 minis
518 781 702 816 defensione
735 779 889 826 perversi,
926 786 960 811 ut
988 777 1147 824 quondam

399 834 578 878 episcopos,
606 842 692 864 nunc
715 841 786 863 vero
808 828 928 862 honore
950 834 981 861 et
1005 839 1171 861 commu-2

398 883 493 917 nione
511 881 646 927 privatos
659 907 666 918 ,
686 877 833 918 Vitalem,
856 884 950 923 atque
972 875 1149 919 Meseiiurn,
1169 893 1171 912 3

398 944 479 978 qnos
501 930 538 964 ad
558 929 627 963 eius
650 928 867 974 expulsionem
890 925 1068 972 specialiter
1089 925 1151 959 ini-
1169 954 1172 987 ι

399 992 553 1019 seramus,
571 978 701 1013 sublatis
715 977 844 1019 chartis,
858 974 1020 1009 custodiae
1041 987 1151 1021 passus
1169 990 1172 997 ⁴

313 1048 371 1060 -π-
401 1030 496 1064 siieris
531 1026 725 1074 mancipari,
758 1034 787 1060 ct
818 1025 857 1059 ad
894 1036 1150 1071 processionem,

343 1084 372 1130 μ’
401 1091 480 1126 quae
509 1077 562 1112 tihi
592 1089 664 1111 cum
687 1075 852 1110 haereticis
870 1073 1015 1110 liabetur,
1038 1072 1151 1107 exinde

402 1128 589 1174 productos,
616 1126 695 1160 sicut
718 1136 827 1158 eorum
852 1123 1047 1170 professione
1071 1130 1174 1172 pate-k

402 1179 517 1212 sactiiiii
533 1185 590 1215 est,
606 1174 642 1209 ad
659 1174 887 1208 haereticorum
905 1180 1054 1218 tuamque
1070 1183 1154 1205 com·
1171 1174 1174 1209 ξ

402 1226 598 1262 munionem,
627 1230 824 1269 contempta,
843 1233 923 1268 quae
940 1221 986 1254 rel
1009 1220 1151 1266 gentium
1171 1214 1175 1280 ‘x

403 1277 469 1310 iure
492 1274 609 1309 seri-ari
625 1272 749 1316 debuit,
766 1272 933 1317 legatione,
953 1269 1152 1317 pertraxeris,
1172 1281 1175 1309 i

404 1324 613 1371 praemiisque
653 1321 854 1368 corruperis,
889 1328 919 1354 et
950 1320 980 1353 in
1014 1318 1153 1353 laesione

403 1374 486 1408 beati
516 1372 599 1407 Petri
628 1371 777 1417 apostoli,
805 1383 820 1404 a
848 1369 938 1403 cuius
970 1368 1045 1402 sede
1078 1380 1175 1414 pro--

405 1424 475 1458 fecti
496 1423 634 1461 fucrant,
653 1432 714 1454 non
732 1419 835 1454 solnm
851 1418 1028 1452 inefficaces
1052 1417 1154 1452 redire
1172 1395 1176 1462 l

405 1472 528 1511 seceris,
550 1470 712 1505 sedetiam
734 1470 973 1514 impugnatores
995 1467 1153 1507 omnium,
1173 1463 1177 1504 i

405 1534 486 1568 qnae
521 1520 647 1554 fuerunt
685 1519 828 1553 mandata
844 1544 853 1561 ,
891 1516 1083 1551 monstraris.
1121 1515 1153 1549 lii
1173 1517 1177 1591 1

406 1583 541 1617 (piorum
564 1569 750 1615 deceptione
774 1576 858 1601 tuam
886 1566 1057 1612 nequitiam
1083 1577 1155 1611 pro-

407 1620 500 1657 disti,
524 1628 553 1653 et
575 1618 613 1652 ad
636 1617 777 1651 libellum
801 1616 902 1650 fratris
924 1623 953 1649 et
975 1613 1154 1660 coepiscopi
1174 1593 1178 1666 l

406 1670 466 1703 inei
489 1668 632 1704 Ioannis,
660 1667 712 1713 qui
736 1674 765 1700 tc
788 1664 980 1711 gravissimis
1003 1663 1156 1697 obiectio·
1175 1668 1178 1685 ¹

408 1718 506 1752 uilius
542 1716 713 1763 impetivit,
742 1715 773 1748 in
801 1713 972 1760 apostolica
999 1712 1073 1746 sede
1099 1724 1156 1746 se—

408 1767 549 1801 cundum
590 1777 726 1800 canones
763 1762 955 1810 respondere
989 1760 1133 1795 diffidens
1148 1788 1156 1802 ,

409 1817 530 1850 obiecta
554 1815 693 1849 firmasti.
720 1813 858 1847 Felicem
886 1823 1012 1858 quoqne
1046 1810 1158 1844 defen-

409 1878 511 1900 sorem
537 1864 757 1898 fidelissimum
780 1861 885 1902 nobis,
904 1860 1090 1895 necessitate
1113 1860 1159 1893 fa-

409 1916 512 1949 ciente
534 1914 634 1948 seritis
661 1913 885 1955 subsecutum,
913 1910 1077 1955 indignum
1098 1909 1159 1943 tuis

409 1963 559 1998 censuisti
576 1962 685 1997 oculis.
703 1962 768 1996 Eos
783 1972 909 2008 quoque
936 1967 1040 1994 tecum
1063 1958 1160 1993 literis

410 2014 471 2048 tuis
492 2012 727 2047 communicare
749 2018 882 2044 testatus
903 2021 948 2049 eS,
976 2020 1055 2055 quos
1083 2020 1161 2042 con-

409 2071 469 2097 stat
488 2062 671 2096 haereticos
693 2059 777 2102 Quid
797 2060 881 2094 enini
904 2065 978 2092 sunt
996 2057 1093 2101 aliud,
1107 2056 1160 2104 qui

413 2119 484 2159 post
509 2110 630 2144 obitum
658 2118 784 2144 sanctae
812 2107 982 2142 memoriae
1003 2106 1161 2141 Timothei

413 2161 451 2195 ad
479 2160 654 2194 Ecclesiam
678 2159 737 2193 sul)
761 2158 853 2192 Petro
877 2157 1021 2200 redeunt,
1044 2155 1091 2189 vel
1110 2155 1163 2201 qui

416 2223 449 2245 se
475 2222 510 2244 ex
539 2208 702 2242 catholicis
737 2207 840 2241 cidem
868 2206 1081 2246 tradiderunt,
1104 2205 1162 2238 nisi

413 2259 498 2306 qaod
523 2258 636 2293 Petrus
662 2257 701 2291 ali
724 2257 867 2290 universa
890 2255 1048 2294 Ecclesia,
1071 2262 1164 2300 atque

414 2321 428 2342 a
456 2317 483 2343 te
499 2308 599 2341 fuerat
622 2306 796 2340 iudicatus?
814 2304 902 2339 Habe
921 2316 993 2349 ergo
1016 2315 1087 2337 cum
1104 2303 1163 2344 liis,

413 2370 494 2404 quos
519 2356 654 2391 libenter
676 2354 896 2401 amplecteris,
925 2353 1100 2400 portionem
1127 2364 1165 2386 ex

415 2406 569 2441 sententia
598 2404 775 2452 praesenti,
798 2415 892 2450 quam
926 2414 980 2448 per
1011 2410 1083 2436 tuae
1110 2401 1164 2435 tibi

415 2456 589 2489 direximus
622 2453 786 2488 Ecclesiae
817 2452 1032 2486 defensorem:
1061 2462 1166 2485 sacer-

416 2505 511 2539 dotali
539 2504 659 2538 honore
687 2511 716 2537 et
737 2501 961 2536 communione
995 2500 1165 2541 catholica,

418 2566 475 2588 nec
514 2565 576 2588 non
611 2553 702 2586 etiam
730 2564 746 2586 a
775 2551 916 2585 fidelium
949 2561 1082 2583 numero
1113 2561 1166 2583 se-

418 2610 578 2648 gregatus,
599 2601 758 2636 sublatum
778 2600 831 2634 tibi
851 2610 979 2642 nomen,
1002 2606 1032 2633 et
1050 2610 1166 2632 muniis

635 2649 838 2684 sacerdotalis
880 2660 1016 2694 agnosce
1058 2647 1164 2681 Sancti

418 2701 554 2749 Spiritus
581 2699 714 2742 iudicio,
736 2706 768 2735 et
787 2698 958 2748 apostolica
984 2697 1166 2735 auctoritate

1238 578 1316 612 Data
1344 590 1362 611 v
1392 577 1514 612 kalend.
1542 576 1690 622 augusti,
1721 575 1876 610 Venautio
1900 574 1938 609 V.

1190 627 1227 662 C.
1255 640 1319 662 cos.

1230 684 1291 713 Dat.
1308 684 1354 713 die
1374 684 1410 713 28
1427 683 1506 720 iulii,
1529 691 1606 712 anno
1624 682 1740 712 Domini
1754 681 1823 719 484,
1841 679 1941 720 pontif.

1191 724 1300 754 Felicis
1318 733 1394 753 anno
1417 732 1447 753 11.

1517 792 1618 799 ——

1547 837 1586 872 lt.

1195 906 1357 946 Quomodo
1384 904 1440 949 qui
1459 904 1645 948 rebaptizati
1669 910 1754 942 sunt,
1776 903 1818 936 ad
1840 902 1944 935 Eccle-

1241 955 1319 987 siam
1342 953 1525 987 caihol='c‹1m
1548 953 1673 986 admitti
1692 954 1818 986 debeant
1841 953 1904 994 (l).

1464 1025 1677 1056 scanlalum

1193 1087 1219 1115 1.
1242 1083 1440 1123 Rebaptizatis
1460 1093 1517 1113 non
1535 1083 1591 1112 iiisi
1616 1092 1668 1121 per
1685 1081 1893 1120 poenitentiam
1910 1081 1944 1111 ad

1232 1125 1393 1154 Ecclesiam
1417 1123 1592 1153 catholicam
1621 1126 1700 1160 patet
1721 1131 1886 1160 regressus.
1907 1138 1947 1143 —

1231 1165 1260 1194 ⁶2.
1284 1164 1437 1203 Episcopis
1461 1167 1488 1192 et
1509 1162 1697 1201 rebaptizatis
1717 1161 1835 1190 clericis
1853 1170 1946 1199 iisqne

1233 1205 1268 1233 ad
1291 1204 1377 1233 tinem
1396 1203 1468 1231 vitae
1488 1202 1599 1240 agenda
1617 1206 1662 1230 est
1680 1201 1867 1240 poenitentia,
1882 1200 1946 1239 qui-

1233 1243 1289 1272 bus
1313 1251 1408 1281 usque
1437 1243 1471 1271 ad
1505 1251 1570 1271 euin
1600 1241 1677 1270 diem
1707 1244 1832 1278 negatur
1862 1249 1946 1269 com-

1234 1282 1344 1312 munio.
1374 1299 1414 1303 —
1438 1282 1479 1311 Ad
1510 1281 1671 1310 secundam
1702 1280 1885 1309 tinctionem.
1909 1296 1948 1301 —

1235 1323 1261 1352 3.
1281 1321 1478 1361 ltebaptizatis
1501 1319 1720 1359 poenitentibus
1743 1319 1773 1348 in
1795 1320 1853 1348 sine
1875 1319 1948 1348 vitae

1234 1362 1406 1391 conceditur
1427 1361 1584 1390 Viaticum.
1611 1377 1651 1382 —
1681 1359 1709 1388 lt.
1739 1358 1947 1398 Impuberibus

1235 1401 1290 1431 snb
1317 1410 1420 1431 maniis
1443 1400 1631 1439 impositione
1655 1399 1794 1428 reddatur
1816 1407 1948 1427 commu-

1234 1442 1293 1470 nio.
1318 1458 1359 1463 --
1381 1440 1417 1469 De
1448 1439 1673 1470 Catecliiiinenis
1703 1455 1744 1460 —
1764 1437 1798 1467 Et
1823 1438 1948 1467 caeteris

1234 1481 1431 1520 rebaptizatis.
1454 1497 1494 1502 —
1520 1480 1547 1508 5.
1568 1478 1652 1508 Extra
1672 1477 1834 1507 Ecclesiam
1853 1477 1949 1516 bapti-

1235 1521 1299 1557 zati,
1323 1530 1375 1549 seu
1391 1519 1572 1557 rebaptizati,
1591 1519 1626 1548 ad
1642 1518 1878 1547 ecclesiasticam
1895 1517 1950 1546 ini-

1235 1561 1326 1590 litiain
1350 1569 1407 1589 non
1432 1559 1632 1588 admittantur.
1653 1575 1694 1580 —
1714 1558 1741 1587 ὃ.
1760 1557 1947 1586 Poeiiitentes

1236 1600 1270 1629 ab
1293 1600 1377 1635 aliis,
1400 1608 1487 1638 quam
1511 1608 1525 1627 a
1549 1598 1612 1627 suis
1636 1598 1785 1636 episcopis
1804 1597 1846 1626 vcl
1867 1605 1948 1636 pres-

1236 1640 1343 1678 biteris
1367 1649 1424 1668 non
1447 1638 1657 1677 suscipiantur.

1175 1699 1178 1721 ¹
1197 1704 1358 1734 Dilectissimis
1373 1704 1395 1732 iii
1408 1703 1496 1732 Christo
1510 1702 1562 1731 Iesu
1580 1701 1696 1739 fratriliiis,
1713 1701 1824 1731 universis
1840 1701 1951 1741 cpiscopfs

1337 1753 1377 1783 per
1400 1743 1499 1772 diversas
1522 1743 1649 1781 provincias
1671 1742 1810 1771 constitutis.

1249 1810 1392 1851 Qualiter
1417 1809 1448 1842 iii
1470 1808 1617 1843 africanis
1640 1807 1821 1854 regionibus
1839 1806 1950 1842 astutia

1200 1859 1317 1894 diaboli
1344 1859 1489 1892 saevierit
1527 1857 1558 1891 iii
1589 1859 1755 1904 populum,
1789 1865 1883 1903 atque
1917 1855 1949 1890 id

1201 1909 1233 1943 in
1273 1908 1439 1954 multiplici
1476 1906 1664 1954 deceptione
1697 1906 1891 1953 proruperit,
1920 1914 1953 1940 ut

1201 1971 1263 1992 non
1294 1957 1388 1992 inodo
1420 1956 1532 2002 vulgus
1564 1958 1745 1997 incautum,
1781 1955 1837 1989 sed
1865 1955 1952 2001 ipsos

1201 2019 1328 2054 quoque
1364 2007 1394 2040 in
1433 2006 1543 2040 mortis
1577 2005 1732 2052 profunda
1769 2004 1954 2039 demerserit

1203 2057 1402 2095 sacerdotes,
1441 2055 1547 2089 nullus
1584 2067 1647 2089 non
1688 2054 1774 2088 orbis
1812 2053 1954 2099 gemuit,

1204 2106 1288 2140 nulla
1307 2114 1388 2140 terra
1413 2104 1554 2138 nescivit.
1569 2103 1664 2138 Unde
1687 2103 1716 2137 in
1734 2102 1844 2150 grandi
1865 2115 1952 2137 inoe-

1204 2167 1274 2190 rore
1313 2154 1430 2201 positi,
1464 2153 1664 2188 dissimulare
1686 2165 1747 2186 non
1783 2164 1952 2198 possumus

1206 2204 1404 2252 pereuntium
1439 2210 1531 2249 atque
1560 2215 1575 2236 a
1606 2202 1700 2236 nohis
1726 2200 1952 2247 exigendarum

1205 2254 1375 2288 discrimen
1410 2251 1598 2286 animarum.
1637 2251 1839 2297 Quapropter
1866 2262 1956 2284 com—

1209 2311 1318 2350 petens
1357 2300 1535 2336 adhibenda
1568 2307 1615 2335 est
1650 2300 1766 2335 talibus
1799 2299 1962 2334 medicina.

1206 2351 1406 2391 vulneribus,
1429 2362 1468 2384 ne
1490 2350 1658 2384 immatura
1674 2348 1804 2384 curandi
1828 2348 1958 2383 facilitas

1207 2400 1366 2436 mortifera
1399 2398 1497 2446 captis
1531 2407 1616 2445 peste
1647 2399 1723 2433 niliil
1753 2398 1869 2446 prosit,
1902 2397 1956 2432 scd

1206 2451 1335 2496 segnius
1357 2457 1453 2483 tracta
1477 2449 1653 2494 pernicies,
1681 2455 1767 2482 reatu
1790 2459 1853 2482 nou
1876 2446 1958 2493 legi-

1206 2500 1300 2534 timae
1326 2498 1498 2533 curationis
1524 2497 1659 2532 involvat
1686 2497 1800 2545 pariter
1821 2495 1959 2537 sauciOS,

1207 2557 1238 2584 et
1261 2547 1435 2582 medentes.

1258 2603 1288 2631 1.
1310 2597 1346 2631 In
1375 2596 1486 2643 primis
1508 2596 1614 2643 itaque
1635 2594 1791 2630 venientis
1818 2593 1858 2630 ad
1884 2605 1959 2635 vos,

1207 2655 1238 2683 et
1265 2645 1441 2681 remedium
1465 2645 1674 2693 postulantis,
1701 2643 1824 2679 solicite
1846 2643 1960 2678 discu-

1242 2708 1283 2745 (t)
1299 2708 1338 2735 Ex
1354 2715 1419 2735 mss.
1436 2707 1519 2735 edidit
1536 2706 1609 2734 card.
1631 2705 1732 2733 Curata.

1964 318 2017 346 An.
2039 316 2068 344 C.
2097 316 2148 344 48⁴

2027 2585 2174 2615 Rebi-plinus

1989 2635 2031 2650 non
2063 2625 2104 2649 nisi
2133 2633 2173 2655 pei·

1999 2665 2157 2696 poenitentiam
