2237 3127
756 542 1207 640 INDEX

452 730 719 777 NOMINUM
756 733 828 778 ET
864 734 1063 781 RERUM
1100 736 1545 786 PRAEClPUARUM

263 1080 416 1106 nummus
436 1083 586 1106 PAGtNAM
606 1084 750 1109 molenx
768 1096 817 1101 —
830 1088 850 1110 α
872 1088 1006 1112 muium
1028 1089 1212 1114 commum
1234 1100 1283 1106 —·
1305 1082 1322 1114 b
1343 1092 1515 1116 SECUNDAM
1536 1094 1719 1118 vestatum·

960 1451 995 1490 A

209 1553 358 1597 Aeacius,
379 1558 419 1590 91
448 1558 475 1590 b.
493 1556 572 1592 Eius
593 1569 726 1598 errores,
748 1559 823 1592 ibid.
841 1557 1016 1605 Depositio³
1031 1559 1314 1597 anathematizatio,
1337 1562 1382 1595 92
1401 1574 1421 1595 α
1443 1569 1471 1595 et
1494 1562 1521 1596 b.
1541 1559 1621 1594 Cum
1635 1573 1672 1595 eo
1698 1574 1759 1596 non

309 1606 623 1647 communicandum,
650 1610 717 1641 108
745 1609 772 1641 b.
801 1608 902 1649 Quani
923 1609 1061 1655 henigne
1088 1621 1160 1643 cum
1189 1622 1226 1644 eo
1248 1618 1353 1644 actum
1377 1611 1428 1654 sit⁷
1460 1613 1572 1644 1150.
1601 1610 1680 1645 Eius
1703 1624 1761 1644 no-

308 1667 381 1689 men
403 1668 418 1688 a
444 1655 579 1702 Dipticis
606 1656 811 1697 abolendum,
840 1661 905 1691 127
934 1660 962 1691 b.

209 1703 367 1739 Actardus
384 1703 590 1740 Hannieticae
612 1706 773 1740 Ecclesiae
796 1706 943 1741 diuturna
965 1706 1152 1754 captivitatis
1174 1707 1299 1743 miseria
1326 1717 1494 1755 quassatus
1526 1708 1604 1749 suit,
1635 1711 1698 1742 551
1727 1721 1757 1742 a.

308 1753 443 1788 Pallium
463 1755 489 1788 ei
517 1755 713 1798 conceditur,
741 1758 816 1789 ibid.
841 1757 868 1789 b.

209 1801 291 1836 Aeto
317 1802 499 1850 Episcopus
525 1804 677 1839 Teatinus
713 1804 910 1851 privilegium
944 1805 1063 1840 obtinet
1091 1818 1106 1840 a
1133 1806 1264 1841 Nicolao
1291 1806 1318 1839 II
1345 1806 1406 1840 ΡΙ).
1435 1819 1498 1853 quo
1530 1807 1758 1842 confirmantur

308 1852 392 1887 hona
415 1852 577 1888 Ecclesiae
599 1866 691 1894 suae3
710 1855 779 1888 eius
798 1854 913 1888 limites
935 1855 1135 1901 assignantur
1156 1864 1186 1890 et
1207 1856 1309 1902 aliqua
1333 1856 1535 1890 demetantur
1555 1869 1611 1903 pro
1629 1869 1757 1892 eorum-

308 1901 379 1936 dem
408 1903 513 1949 quiete
541 1916 576 1938 ac
603 1903 756 1945 libertate,
785 1905 854 1937 655
882 1917 912 1938 a.

209 1949 387 1986 Adalardus
409 1951 666 1999 archiepiscopus
688 1952 884 1987 Turonensis
909 1953 1181 1988 confirmationem
1195 1953 1315 1989 obtinet
1332 1954 1568 2002 privilegiorum
1594 1954 1756 1990 Ecclesiae

310 2001 369 2035 sibi
393 2002 593 2042 commissae,
617 2005 687 2036 559
716 2004 744 2045 b,
768 2004 837 2036 560
864 2016 894 2036 α.

209 2048 368 2085 Adalbero
385 2051 641 2098 archiepiscopus
653 2051 821 2086 Ptemensis
833 2051 982 2086 nonnulla
996 2052 1077 2086 bona
1092 2052 1283 2087 monasterio
1296 2052 1502 2087 Mosomieusi
1519 2053 1626 2094 donat,
1641 2056 1710 2088 4⁶28
1725 2056 1752 2088 b.

307 2099 393 2134 Haec
416 2100 498 2134 bona
521 2101 712 2136 monasterio
738 2101 810 2135 huic
832 2101 1060 2135 confirmantur
1081 2116 1095 2136 a
1124 2102 1157 2136 S.
1181 2102 1276 2140 Sede,
1306 2104 1374 2136 429
1403 2115 1433 2136 a.

207 2148 398 2184 Adalbertus
419 2149 478 2193 (S.)
512 2150 681 2197 episcopus
702 2150 872 2195 pragensis
895 2152 1118 2185 monasterium
1142 2151 1380 2185 Breunovieuse
1409 2150 1528 2190 fundat,
1552 2153 1616 2184 4611
1645 2163 1674 2184 α.
1698 2151 1756 2185 Di-

307 2199 443 2245 gnitates
469 2207 499 2233 et
523 2200 684 2246 privilegia
708 2199 878 2233 Adalherto
906 2200 1037 2246 eiusque
1060 2200 1299 2235 successoribus
1325 2212 1488 2238 concessa,
1512 2203 1585 2234 ibid.
1608 2202 1635 2234 b.

207 2247 397 2294 Adalgarius
423 2248 680 2296 archiepiscopus
702 2248 954 2295 Hamburgensis
976 2250 1095 2284 obtinet
1114 2262 1127 2283 a
1151 2249 1383 2284 Formosopt).
1399 2249 1665 2284 adiudicatiouem
1682 2249 1756 2283 Bre-

306 2299 425 2332 mensis
446 2297 607 2333 Ecclesiae
630 2299 661 2333 in
688 2298 916 2344 suffraganeam
940 2299 1168 2345 archiepiscopi
1191 2298 1403 2339 coloniensis,
1430 2311 1465 2333 ea
1501 2308 1603 2333 tamen
1642 2298 1755 2332 condi-

305 2347 404 2388 tione,
429 2355 460 2381 ut
482 2347 715 2394 Hamburgensi
738 2347 900 2382 Ecclesiae
922 2348 1120 2394 suffragetur,
1140 2360 1240 2395 usque
1265 2348 1342 2382 dum
1371 2348 1448 2383 haec
1469 2347 1681 2394 episcopalem
1704 2359 1755 2381 se-

307 2395 379 2431 dem
403 2397 557 2441 instituat,
586 2400 650 2432 571
678 2410 698 2432 a
724 2405 754 2431 et
781 2399 809 2437 b,
834 2399 904 2431 572
931 2410 961 2431 α.

207 2444 278 2480 Ado
303 2446 560 2493 archiepiscopus
581 2446 772 2481 Viennensis
801 2446 936 2492 postulat
964 2454 997 2480 ut
1020 2446 1224 2480 confirmetur
1242 2446 1290 2481 ius
1312 2445 1503 2481 Viennensis
1524 2445 1684 2480 Ecclesiae
1703 2458 1755 2480 su-

306 2508 361 2542 per
383 2503 516 2542 quatuor
533 2496 692 2530 Ecclesias
713 2495 773 2531 sibi
801 2495 969 2536 subiectas,
994 2499 1064 2530 550
1091 2509 1120 2530 α.
1145 2495 1197 2530 lus
1225 2496 1284 2530 hoc
1311 2496 1339 2530 ei
1365 2495 1551 2530 conceditur
1572 2496 1641 2529 siue
1665 2507 1755 2541 prae-

305 2545 423 2580 iudicio
441 2545 603 2580 Ecclesiae
623 2545 887 2585 Dareiitasiensis‚
917 2546 990 2578 ibid.
1019 2558 1037 2579 α
1065 2553 1094 2579 et
1116 2547 1144 2579 b.

207 2593 399 2640 Agaunense
417 2595 642 2630 monasterium
666 2608 680 2629 a
703 2606 902 2642 quacumque
918 2594 1016 2629 laicali
1033 2603 1063 2629 et
1078 2593 1290 2629 ecclesiastica
1306 2601 1457 2640 potestate
1471 2593 1631 2633 eximitur,
1648 2594 1719 2627 584
1734 2605 1755 2627 α

308 2651 339 2678 et
365 2656 424 2689 seq.

207 2692 315 2740 Agnes
335 2693 513 2740 imperatrix
543 2693 622 2728 bona
646 2693 798 2728 nonnulla
819 2693 1007 2728 monasterio
1030 2692 1064 2727 S.
1090 2693 1206 2728 Mariae
1224 2692 1263 2727 ad
1286 2691 1440 2727 Malianas
1462 2691 1570 2734 donat,
1595 2693 1664 2726 652
1693 2703 1724 2726 α.

328 2751 402 2782 Bull.
422 2750 499 2781 [lom.
525 2752 577 2782 t'ol.
600 2752 622 2781 I.
942 2751 1021 2780 850
1045 2756 1056 2758 *-
