2237 3127
796 323 894 346 lNDEx
920 321 1076 344 INtTIALts

152 379 273 417 Notum
296 393 455 429 cupimuS,
479 382 559 414 585.

152 431 271 466 Notum
300 443 368 466 esse
390 431 546 467 volumus,
571 429 654 471 449,
677 429 759 469 454.

153 480 271 516 Notum
294 482 347 524 sit,
367 481 450 522 528,
479 481 561 518 548,
587 478 670 521 446,
697 478 780 511 572.

152 529 305 565 Noverint
335 537 395 563 tam
426 527 553 575 posteri,
578 528 660 561 584.

153 578 283 613 Noverit
304 585 504 619 cunctorum,
528 578 610 611 428.

153 627 282 663 Noverit
303 635 416 667 vestra,
440 627 522 660 626.

152 675 282 712 Nullum
305 677 336 711 in
358 675 512 715 Ecclesia,
538 675 622 708 548.

520 743 549 779 Ο

154 818 289 855 Occasio
315 815 512 864 specialium,
535 816 594 849 65.

155 868 269 903 Omnis
290 866 481 909 admonitio,
505 866 562 898 48.

155 917 260 952 Omne
282 915 475 958 aedificium,
498 915 582 947 577.

156 966 289 1001 Omnem
313 964 454 1011 quidem,
483 966 540 996 77.

155 1014 316 1050 Omnibus
342 1012 483 1059 quidem,
507 1013 588 1049 544,
613 1012 699 1044 565.

156 1063 253 1099 Omni
274 1063 333 1098 Dei
355 1062 530 1099 Ecclesiae,
557 1061 639 1093 552.

157 1112 378 1159 Omnipotenti
401 1110 481 1151 Deo,
504 1110 587 1146 256,
611 1109 693 1142 659.

157 1161 311 1197 Omnium
336 1160 487 1199 fidelium,
514 1160 596 1192 279.

158 1210 304 1258 Oportet,
327 1209 407 1243 bene
430 1207 638 1249 merentibus,
662 1207 743 1240 570.

159 1259 303 1307 Oportet,
327 1259 419 1292 iustis
441 1256 699 1302 supplicantium,
721 1257 804 1288 441.

160 1309 368 1355 Optassemus
394 1306 535 1353 quidem,
562 1307 617 1339 75.

159 1358 350 1405 Optavcram
375 1356 535 1402 equidem,
559 1355 642 1388 288.

160 1407 189 1442 O
211 1419 305 1454 quam
331 1406 411 1440 bona
435 1411 481 1439 est
500 1403 652 1443 charitas,
678 1403 758 1441 165,
782 1402 864 1435 548.

161 1456 264 1491 Officii
289 1455 400 1495 nostri,
429 1455 512 1495 488,
541 1454 622 1490 588,
646 1453 729 1492 659,
757 1451 840 1484 654.

162 1505 310 1540 Officium
338 1502 551 1546 sacerdotale,
579 1502 661 1535 609.

527 1571 553 1606 Ρ

162 1646 334 1683 Pastoralis
356 1643 580 1681 solicitudinis,
604 1644 687 1682 511,
709 1642 793 1682 655,
817 1641 898 1674 650.

164 1697 352 1732 Petitionem
372 1702 518 1732 vestram,
543 1693 624 1726 556.

163 1745 338 1781 petitiones
359 1752 440 1783 tuas,
464 1744 548 1776 405.

164 1796 220 1830 Pia
239 1793 456 1835 solicitudine,
479 1792 561 1825 585.

166 1845 241 1879 Piae
266 1842 435 1891 postulatio
459 1839 638 1880 voluntatis,
666 1841 745 1872 165.

165 1894 380 1929 Plurimorum
405 1890 515 1929 relatu,
538 1891 595 1923 88.

167 1941 346 1977 Pontiticali
371 1938 565 1976 discretioni,
592 1939 674 1970 257.

168 1991 328 2027 Pontifieii
352 1989 448 2024 nostri
471 2000 557 2027 cura,
580 1987 662 2020 476.

168 2041 341 2087 Postquam
364 2039 401 2072 B.
425 2038 530 2078 Petro,
558 2037 640 2071 469.

169 2090 248 2125 Post
271 2088 482 2136 propheticas,
507 2088 587 2118 122.

171 2139 344 2186 Postquam
368 2137 472 2178 enim,
495 2136 577 2169 545.

171 2188 345 2234 Postquam
365 2185 488 2220 hostilis
503 2183 648 2230 impietas
665 2183 746 2224 161,
765 2188 796 2216 et
814 2182 924 2215 iterum

221 2239 345 2271 ibidem.

173 2287 347 2334 Postquam
370 2284 476 2319 literas
499 2283 556 2317 86.

173 2336 383 2380 Praeceptum
407 2332 515 2372 nostri,
538 2332 621 2366 652.

175 2384 363 2419 Praesulum
390 2382 570 2425 aut-toritas,
600 2381 681 2414 110.

176 2434 392 2469 probabilium
415 2431 660 2476 Sacrorumque,
683 2429 765 2462 294.

176 2482 377 2530 Protoplasto
398 2480 522 2527 generis
544 2480 686 2526 humani,
713 2478 795 2512 455.

538 2558 568 2601 Q

179 2644 408 2689 Quaecumque
433 2640 472 2676 ad
496 2638 635 2679 laudem,
656 2638 739 2672 242.

180 2693 326 2737 Qualiter
347 2700 454 2727 contra
476 2689 570 2725 Sedis
588 2687 801 2736 Apostolicae‚
825 2685 883 2720 86.

1577 303 1641 337 701

948 376 1090 417 Qualiter
1116 373 1283 412 Dominus,
1311 375 1392 406 257.

948 425 1090 466 Qualiter
1106 425 1134 458 in
1160 423 1313 457 Africanis
1336 420 1530 468 regionibus,
1551 420 1610 454 92.

948 475 1050 515 Quam
1074 472 1283 515 laudabiliter,
1307 474 1362 505 54.

913 548 916 551 -
949 523 1051 564 Quam
1079 525 1117 557 sit
1136 521 1360 560 necessarium,
1386 521 1467 559 168,
1493 519 1573 552 171.

949 572 1102 613 Quamvis
1124 583 1171 608 ea,
1196 574 1250 603 72.

949 621 1100 662 Quamvis
1124 620 1245 666 piorum
1269 618 1411 660 Putrum,
1434 618 1515 650 641.

948 670 1099 711 Quamvis
1122 669 1332 713 singulorum,
1357 669 1438 701 521.

949 718 1085 760 Quando
1099 719 1135 752 ad
1152 729 1198 758 ca,
1219 720 1295 757 175,
1318 719 1394 755 174,
1416 716 1494 759 175,
1513 715 1595 754 507,
1615 712 1709 782 558q

948 768 1073 809 Quanta
1097 766 1278 800 fraternitati
1302 773 1384 808 tuae,
1407 766 1463 798 50.

949 817 1148 862 Quamquam
1173 816 1325 858 notitiam,
1351 817 1408 847 81.

950 866 1150 911 Quamquam
1174 865 1306 911 priscae,
1331 866 1412 905 1180,
1437 863 1518 905 182,
1544 861 1624 894 184.

952 915 1076 956 Quanto
1096 926 1152 948 nos
1179 914 1314 959 piorum,
1338 914 1418 947 567.

952 964 1111 1005 Quantum
1137 974 1192 1009 pro
1214 962 1326 996 Divina
1352 959 1502 1008 potentia,
1527 959 1608 993 150.

952 1012 1061 1054 Questi
1085 1013 1171 1055 estis,
1195 1013 1276 1045 501.

953 1062 1033 1102 Quia
1055 1068 1182 1095 auctore
1209 1061 1288 1100 Deo,
1311 1061 1395 1093 611.

953 1111 1034 1152 Quia
1061 1110 1340 1156 Burdegalensem,
1369 1110 1450 1142 540.

953 1159 1034 1201 Quia
1056 1158 1178 1193 divinae
1205 1159 1357 1204 largitate,
1385 1158 1466 1191 618.

904 1224 909 1227 ·
953 1209 1034 1250 Quia
1058 1209 1159 1253 igitur,
1184 1211 1265 1242 555.

954 1258 1033 1299 Quia
1061 1258 1092 1290 iu
1120 1258 1287 1292 commissa
1316 1256 1418 1299 nobis,
1442 1256 1523 1290 656.

954 1307 1036 1348 Quia
1059 1306 1150 1350 iuste,
1173 1308 1255 1339 277.

955 1356 1048 1397 Quia,
1072 1356 1142 1389 licet
1166 1355 1298 1400 indigni,
1326 1356 1409 1397 419,
1425 1355 1507 1388 459.

956 1405 1036 1446 Quia
1059 1405 1151 1438 vestri
1175 1404 1306 1450 accepti,
1333 1405 1417 1447 462,
1445 1404 1528 1438 495.

956 1454 1157 1500 Quicumque
1181 1453 1280 1496 dona,
1303 1454 1385 1486 258.

956 1503 1108 1549 Quisquis
1128 1502 1312 1540 Dominum,
1336 1504 1418 1542 504,
1442 1502 1525 1536 508.

956 1551 1048 1593 Quod
1075 1551 1249 1598 propulsis,
1279 1553 1360 1585 574.

957 1600 1048 1642 Quod
1072 1609 1262 1640 reverenter,
1287 1602 1368 1635 550.

958 1650 1116 1691 Quoniam
1138 1650 1326 1696 apostolica,
1356 1651 1438 1683 546.

959 1699 1116 1740 Quoniam
1139 1699 1342 1745 apostolicae,
1367 1700 1450 1740 291,
1472 1699 1556 1731 470.

961 1749 1117 1789 Quoniam
1152 1748 1356 1783 concedenda
1392 1746 1488 1785 sunt:
1517 1747 1599 1784 452,
1627 1742 1721 1784 456,Ι

1011 1800 1093 1841 455,
1116 1799 1198 1831 487.

962 1847 1118 1887 Quoniam
1142 1847 1244 1880 divina
1267 1852 1439 1888 aunuente,
1468 1845 1551 1878 505.

962 1896 1118 1936 Quoniam
1143 1908 1180 1929 ex
1205 1896 1385 1940 affostolica,
1409 1895 1490 1927 280.

962 1945 1119 1986 Quoniam
1143 1945 1366 1990 gratissimum,
1394 1945 1476 1977 445.

963 1994 1119 2035 Quoniam
1148 1993 1384 2041 Omnipotentis
1423 1990 1587 2038 dignatio,
1624 1989 1671 2023 64

1014 2044 1096 2082 648,
1121 2045 1202 2077 658.

965 2092 1123 2133 Quoniam
1143 2092 1266 2136 omnis,
1290 2094 1372 2126 507.

966 2142 1123 2183 Quoniam
1147 2142 1302 2185 omnium,
1325 2141 1408 2175 466.

965 2195 1122 2237 Quoniam
1146 2195 1302 2242 pestiferis
1328 2187 1491 2237 doctrinis,
1519 2194 1577 2227 89.

966 2249 1124 2290 Quoniam
1149 2249 1197 2295 pia
1220 2248 1435 2289 solicitudiue,
1459 2249 1541 2282 595.

967 2303 1124 2345 Quoniam
1153 2302 1340 2348 primitivam
1364 2301 1551 2343 Ecclesiam,
1580 2299 1661 2333 156.

968 2357 1126 2399 Quoniam
1149 2368 1285 2403 semper,
1309 2358 1393 2395 258,
1420 2357 1504 2397 244,
1531 2356 1615 2395 252,
1637 2352 1721 2393 555,

1019 2413 1101 2454 558,
1125 2413 1208 2451 598,
1236 2413 1318 2449 416,
1343 2411 1424 2449 458,
1448 2410 1532 2449 465,
1560 2409 1642 2441 610.

969 2464 1127 2507 Quoniam
1149 2464 1174 2498 si
1196 2463 1286 2510 quid,
1308 2465 1392 2507 282,
1415 2464 1497 2497 570.

970 2518 1127 2561 Quotiens
1164 2517 1238 2559 illa,
1271 2519 1354 2557 542,
1390 2518 1478 2561 555,
1515 2516 1599 2560 575,
1633 2516 1718 2555 454,

1020 2575 1104 2607 482.

971 2627 1127 2677 Quotiens
1152 2625 1191 2661 ad
1218 2624 1407 2672 profectum,
1428 2624 1513 2658 412.

972 2682 1128 2726 Quotiens
1155 2680 1196 2715 ita
1217 2679 1359 2726 contigit,
1381 2680 1464 2713 576.
