2237 3127
202 226 252 255 Au.
269 224 318 255 Ch.
334 223 386 297 2‘22

204 1292 254 1319 An.
272 1290 320 1320 Ch.
334 1291 386 1319 222

211 2431 264 2462 An.
280 2430 327 2460 Ch.
341 2430 394 2460 230

449 211 495 244 50

398 273 483 321 Aug.
505 281 535 309 et
556 271 599 308 M.
621 271 776 308 Conlatini
798 269 941 313 Adventi
963 269 1002 304 ad
1028 268 1070 304 M.
1088 269 1155 304 An·-

399 324 509 360 relium
536 322 734 358 Antoninum
761 320 803 355 IV
830 329 861 355 et
883 319 926 354 M.
955 318 1032 353 Aur.
1055 319 1154 354 Seve—

400 386 469 409 rum
493 385 573 408 coss.
608 371 695 407 Fecit
739 370 954 406 ordinationes
1000 369 1153 416 quinque,

399 424 516 472 quibus
547 422 661 457 creavit
680 421 847 468 episcopos
880 428 962 464 octo,
992 419 1154 467 presbyte-

400 487 451 508 ros
473 472 643 516 sexdecim,
663 471 813 506 diaconos
846 478 990 518 quatuor.
1020 467 1155 504 Atexan-

400 523 446 558 dri
474 522 671 569 imperatoris
694 522 782 555 iussu
812 532 828 554 e
854 522 990 555 fenestra
1026 518 1152 561 domus,

400 573 430 607 in
450 584 511 620 qua
532 570 1040 617 custodiebatur,praecipitatu&
1057 577 1152 616 atque

400 622 430 656 in
466 629 595 670 puteum
634 622 811 659 demersus,
847 620 993 655 victoriae
1034 619 1152 655 trium-

400 671 499 719 phum
526 672 701 718 promeruit
725 671 777 705 die
805 672 845 704 12
869 669 1019 711 octobris,
1039 669 1152 705 biduo-

398 734 460 769 que
500 730 569 769 post
605 722 770 769 depositus
809 730 855 756 est
899 721 942 754 in⁴
963 722 1153 758 coemeterio

398 771 573 819 Calepodii‚
601 772 647 807 via
674 771 816 814 Aurelia,
842 783 882 806 111
906 770 944 805 ab
983 769 1060 806 urbe
1082 773 1153 808 mil-

398 821 499 858 liario.
526 821 655 858 Vaeavit
680 822 773 858 sedes
795 821 863 857 dies
886 833 930 855 v1.

615 972 651 1021 S.
690 972 890 1025 URBANUS
928 974 940 1022 Ι

658 1071 769 1107 ΡΑΡΑ
804 1071 905 1107 XVHI

464 1162 558 1193 Anno
572 1169 640 1192 aere
669 1158 782 1191 Christi
802 1169 910 1191 comm.
930 1157 1087 1192 CCXXII.

450 1236 610 1280 Urbanus,
646 1235 771 1270 natione
805 1248 968 1281 romanus,
999 1248 1036 1271 ex
1071 1243 1156 1284 patre

401 1287 570 1327 Pontiano,
593 1286 710 1321 electus
733 1286 783 1320 die
811 1286 970 1321 dominica
993 1288 1039 1321 ΞΟ
1073 1295 1158 1322 octo-

403 1339 477 1374 bris.
506 1337 578 1372 Fuit
604 1335 664 1371 sub
690 1336 822 1383 imperio
850 1337 1021 1372 Alexandri
1046 1350 1060 1371 a
1086 1350 1157 1372 eon-

403 1390 506 1425 sulatn
533 1388 570 1423 C.
596 1385 685 1421 Marii
716 1387 841 1422 Maximi
869 1388 897 1422 II
923 1397 953 1423 et
985 1387 1021 1422 L.
1050 1387 1156 1422 Roscii

402 1440 523 1474 s'Eliani
547 1437 584 1472 ad
604 1436 641 1470 L.
664 1434 787 1472 Yirium
815 1438 997 1484 Agricolam
1022 1447 1053 1472 et
1081 1438 1155 1473 Sex.

404 1489 527 1524 Catium
551 1487 787 1522 Clementinum
812 1501 894 1523 eos&
921 1488 1073 1536 Quinque
1104 1500 1157 1522 or-

404 1538 621 1574 dinationibus
660 1538 775 1572 creavit
802 1537 1000 1586 presbyteros
1032 1550 1158 1579 novem,

404 1589 554 1624 diaconos
579 1586 732 1634 quinque,
756 1589 926 1635 episcopos
954 1600 1010 1634 per
1037 1588 1157 1623 diversa

405 1639 472 1674 loca
519 1646 601 1673 octo.
636 1634 821 1685 Martyrium
879 1638 975 1672 subiit
1001 1641 1049 1673 23
1074 1638 1159 1682 maii,

405 1701 488 1724 anno
515 1690 599 1728 ⁶230,
626 1685 788 1733 biduoque
817 1696 886 1735 post
914 1688 1074 1734 depositus
1114 1697 1160 1723 ost

406 1739 435 1773 in
487 1735 677 1773 coemeterio
717 1737 917 1780 Praetextati,
951 1738 996 1773 via
1044 1737 1160 1784 Appia,

406 1788 579 1824 numeratis
615 1799 630 1820 a
675 1799 804 1823 romano
832 1789 1011 1835 pontificatu
1040 1788 1078 1822 ad
1103 1787 1161 1823 de-

407 1839 574 1886 positionis
605 1836 688 1872 diem
716 1849 789 1872 ann.
818 1851 877 1878 vn,
906 1851 1005 1873 mens.
1036 1851 1101 1882 vri,
1129 1836 1159 1872 d.

406 1901 444 1930 v;
463 1889 501 1923 ab
519 1887 719 1923 ordinatione
734 1900 810 1923 vero·
826 1888 998 1936 episcopali
1014 1896 1159 1935 suscepta

406 1950 481 1973 anit.
508 1950 581 1979 vni,
604 1950 704 1973 mens.
730 1950 766 1979 ιι,
795 1938 825 1973 d.
849 1951 884 1974 11.
916 1938 1045 1974 Vaeavit
1071 1939 1161 1974 sedes

408 1988 475 2024 dles
497 2000 569 2024 xxx.

673 2219 785 2254 PAPA
811 2219 888 2255 x1x

476 2295 568 2329 Anno
581 2306 671 2330 aerae
685 2294 799 2330 Clu-iso·
817 2306 925 2329 comm,
951 2294 1100 2330 CCXXX.

458 2369 645 2411 Pontianus,
673 2371 801 2406 natione
825 2383 984 2416 romanus,
1012 2383 1051 2406 ex
1074 2379 1162 2417 patre

409 2418 596 2467 Calpurnio,
615 2420 734 2455 electus
757 2421 798 2464 (si
822 2420 974 2467 temporis
993 2421 1162 2455 vacationis

409 2470 492 2505 sedis
510 2470 548 2504 ab
569 2469 737 2505 Anastasio
762 2471 879 2517 positae
903 2471 979 2505 ratio
1002 2470 1162 2515 habeatur)

410 2520 460 2554 die
482 2521 528 2554 25
552 2519 640 2559 iunii,
674 2521 838 2555 ordinatus
861 2532 932 2554 vero
960 2522 1005 2555 29
1038 2522 1161 2566 augusti

411 2569 552 2605 eiusdem
592 2569 665 2604 anni
693 2572 775 2605 250.
808 2569 1030 2604 Pontificatum
1059 2571 1163 2604 admi-

411 2619 551 2655 nistravit
597 2618 657 2655 sub
701 2619 881 2656 Alexandro
921 2627 951 2655 et
991 2619 1164 2656 Maximino

1023 215 1109 238 VlTAE
1131 214 1333 239 PONTIFICUM

1196 270 1345 315 impp.‚a
1370 266 1477 302 Civica
1511 260 1703 313 Pompeiano
1729 274 1760 302 et
1789 265 1950 302 Feliciano

1196 318 1234 352 ad
1261 318 1415 352 Severum
1444 324 1473 350 et
1495 315 1724 358 Quinctianum
1752 329 1833 352 coss.
1861 314 1951 351 Fecit

1196 368 1274 402 duas
1313 366 1529 402 ordinationes
1579 365 1834 413 presbyterorum
1879 377 1952 404 sex,

1196 416 1402 452 diaconorum
1441 416 1594 464 quinque,
1635 417 1858 464 episcoporum
1896 427 1951 463 per

1195 468 1317 502 diversa
1340 466 1408 502 loca
1442 479 1510 501 sex.
1532 464 1566 499 In
1591 465 1737 500 Sardinia
1760 466 1874 507 insula,
1889 479 1952 513 quo

1197 518 1296 552 suerat
1326 518 1356 551 in
1384 516 1513 552 exilium
1541 516 1739 563 deportatus,
1766 515 1949 563 martyrium

1197 579 1308 616 passus
1335 575 1382 602 est
1401 569 1423 601 5
1449 565 1509 601 kal.
1540 565 1730 611 novembris,
1756 577 1840 600 anno
1868 567 1954 608 255,

1197 617 1375 664 pontificiae
1403 629 1475 652 vero
1513 628 1588 652 suae
1622 616 1707 651 sedis
1745 615 1784 650 ab
1823 614 1953 650 ordina-

1197 669 1280 702 tione
1307 679 1339 708 v,
1374 679 1474 702 mens,
1502 678 1539 708 11,
1567 666 1598 701 d.
1626 679 1662 701 11.
1690 666 1815 714 Corpus
1842 665 1909 701 eius
1936 678 1953 701 a

1196 717 1231 752 B.
1249 717 1388 752 Fabiano
1404 730 1476 752 eum
1499 717 1584 751 ciero
1608 729 1663 764 per
1687 718 1791 750 navim
1814 714 1953 751 Romam

1197 768 1379 803 translatum
1408 767 1437 801 in
1467 767 1658 802 coemeterio
1674 765 1801 808 calixti,
1824 767 1871 800 via
1886 767 1953 814 Ap-

1197 818 1257 866 pia,
1284 817 1448 865 sepultum
1471 824 1528 852 est.
1557 816 1684 852 Vacavit
1706 816 1799 852 sedes
1826 816 1895 852 dies
1921 828 1950 852 x.

1425 974 1461 1023 S.
1501 973 1731 1024 ANTHERUS

1481 1069 1592 1104 PAPA
1620 1069 1680 1104 XX

1247 1151 1339 1183 Anno
1350 1160 1439 1184 aerae
1453 1151 1566 1184 Christi
1589 1161 1696 1183 comm.
1715 1148 1856 1183 CCXXX
1864 1149 1900 1184 V.

1247 1227 1420 1269 Antherus,
1453 1228 1580 1263 natione
1614 1240 1759 1275 graecus,
1793 1239 1832 1262 ex
1866 1235 1955 1274 patre

1198 1278 1348 1323 Romulo,
1376 1278 1538 1313 ordinatus
1560 1290 1710 1313 romanus
1732 1277 1881 1313 Pontifex
1903 1277 1956 1312 dio

1200 1330 1357 1365 dominica
1391 1330 1438 1362 22
1465 1328 1662 1371 novembris3
1685 1330 1797 1376 vixque
1825 1341 1956 1364 emenso

1201 1380 1295 1415 unius
1322 1381 1439 1415 mensis
1467 1388 1497 1414 et
1524 1380 1647 1414 dierum
1678 1382 1721 1414 10
1745 1378 1859 1426 spatio,
1891 1391 1955 1426 quo

1202 1443 1262 1465 una
1290 1431 1488 1466 ordinatione
1515 1431 1700 1478 episcopum
1735 1441 1833 1474 unu-m
1870 1441 1958 1465 crea-

1201 1482 1255 1520 vit,
1284 1481 1430 1529 martyrio
1459 1489 1627 1515 coronatus
1667 1489 1725 1515 est.
1754 1479 1878 1525 Corpus
1905 1492 1958 1515 se-

1202 1530 1325 1577 pultum
1349 1532 1379 1565 in
1404 1531 1593 1565 coemeterio
1609 1530 1734 1569 Calixti,
1766 1529 1811 1562 via
1838 1528 1957 1577 Appia,

1203 1585 1223 1614 5
1264 1593 1364 1616 nonas
1405 1581 1560 1621 ianuarii;
1602 1581 1800 1615 reconditum
1838 1578 1956 1615 deinde

1202 1638 1248 1664 est
1276 1631 1305 1665 in
1335 1629 1468 1665 ecclesia
1495 1630 1529 1665 S.
1558 1630 1699 1665 Silvestri
1734 1631 1773 1665 de
1800 1626 1911 1676 Capite
1938 1641 1955 1665 a

1202 1679 1302 1715 Paulo
1324 1681 1337 1715 I
1364 1680 1529 1721 pontifice,
1557 1681 1609 1728 qui
1639 1680 1807 1715 ecelesiam
1831 1679 1915 1714 illam
1937 1692 1954 1714 a

1203 1729 1366 1777 Stephano
1392 1730 1434 1764 HI
1462 1730 1556 1765 fratre
1583 1743 1598 1764 a
1626 1727 1840 1765 fundamentis
1867 1729 1953 1764 domi

1203 1792 1278 1815 suae
1304 1781 1481 1816 inchoatam
1510 1780 1650 1828 perfecit.
1692 1778 1820 1816 Vaeavit
1864 1780 1957 1816 sedes

1204 1830 1287 1866 diem
1315 1843 1426 1866 unum.

1438 1963 1474 2013 S.
1512 1964 1723 2015 FABMNUS

1403 2051 1407 2055 ⁹
1471 2058 1583 2094 PAPA
1616 2059 1691 2094 XXI

1234 2142 1326 2175 Anno
1353 2153 1443 2177 aerae
1463 2142 1578 2177 Christi
1594 2155 1702 2177 comm.
1723 2142 1865 2177 CCXXX
1874 2142 1927 2177 VI.

1257 2218 1427 2260 Fabianus,
1450 2220 1579 2254 natione
1606 2231 1769 2263 romanus,
1796 2230 1834 2254 ex
1867 2225 1955 2265 patre

1205 2268 1313 2311 Fabio,
1351 2269 1449 2304 altero
1483 2278 1552 2316 post
1579 2269 1710 2305 Antheri
1746 2268 1867 2304 obitum
1891 2267 1955 2308 die,

1206 2319 1321 2354 indicio
1363 2319 1594 2366 supervolantis
1621 2319 1802 2360 columbae,
1843 2317 1956 2353 Ponti-

1205 2369 1254 2403 fex
1280 2368 1407 2415 eligitur
1432 2381 1516 2403 aimo
1543 2373 1627 2409 256,
1655 2377 1685 2404 et
1707 2369 1870 2403 ordinatur
1902 2367 1957 2402 die

1205 2419 1364 2455 dominica
1393 2420 1432 2452 11
1475 2418 1654 2454 decembris
1693 2418 1835 2454 eiusdem
1867 2416 1954 2451 anni.

1205 2469 1295 2504 Sedit
1333 2481 1406 2504 ann.
1441 2480 1511 2508 xm,
1551 2482 1653 2504 mens.
1680 2480 1705 2513 1,
1731 2467 1761 2502 d.
1788 2480 1819 2502 x.
1884 2465 1960 2501 Fuit

1205 2527 1310 2554 autem
1345 2519 1538 2566 temporibus
1564 2518 1743 2562 Maximini,
1785 2515 1956 2554 Gordiani,

1205 2568 1343 2615 Philippi
1366 2577 1396 2603 et
1422 2569 1513 2604 Decii
1537 2569 1775 2617 imperatorum,
1794 2579 1810 2602 a
1841 2578 1959 2601 eonsu-

1206 2619 1268 2656 latu
1291 2618 1451 2655 Maximini
1487 2619 1570 2665 Aug.
1599 2626 1629 2654 et
1653 2617 1792 2653 Africani
1819 2617 1858 2652 ad
1894 2615 1959 2652 De·-

1965 212 2016 241 An.
2033 210 2082 240 ch.
2093 211 2146 241 255

1970 1237 2021 1265 An.
2039 1235 2088 1265 Ch.
2104 1235 2158 1265 235

1972 2229 2023 2257 Au.
2041 2227 2089 2257 Ch.
2101 2226 2155 2256 236
