2237 3127
210 309 260 336 An.
277 308 306 334 C.
327 305 390 333 ¹053

230 912 390 936 immunitatum

211 956 334 972 contento.

212 1649 286 1672 Abba·
303 1647 341 1671 snb
349 1649 395 1671 iure

212 1683 275 1706 Sedis
296 1685 395 1714 Aposto-

212 1720 277 1743 tiene.

473 293 541 328 (3⁶28

423 361 506 395 tibus
528 356 687 395 traditum3
711 351 840 400 permoti
864 350 993 398 proinde
1014 362 1158 396 compas-

423 410 509 443 sione
531 407 604 441 tanti
630 404 756 451 piaculi,
790 411 819 436 et
845 400 999 445 compulsi
1027 399 1157 442 dolore,

423 456 587 504 apostolica
609 453 789 489 auctoritate
812 450 1017 497 providimus,
1042 460 1158 482 mona-

422 507 515 540 sterio
538 504 590 538 tibi
624 502 791 537 commisso
819 499 898 533 idem
934 497 1156 532 monasterium

421 555 549 597 sociare,
577 560 729 599 quatenus
747 563 761 584 a
785 549 937 596 praesenti
962 547 1098 581 secunda
1117 547 1156 580 in-

420 604 566 642 dictione,
593 611 684 648 atque
711 601 738 633 in
769 607 951 645 perpetuum
982 598 1056 639 (sic)
1083 608 1098 629 a
1129 603 1157 629 te

418 654 542 699 tuisque
575 649 807 685 suecessoribus
829 660 899 681 eum
929 646 982 680 tibi
1012 645 1157 678 omuibus

419 702 447 735 in
477 702 596 746 integro
623 697 856 733 subiacentibus
887 697 1082 742 disponatur,
1109 701 1156 728 at-

418 763 479 797 que
505 762 574 784 cum
599 748 653 782 Dei
686 749 796 781 timore
829 754 972 791 regatur,
1005 753 1034 778 et
1057 753 1157 777 vestro

418 800 618 834 coniunctum
639 797 787 831 subsistat
810 795 1008 831 monasterio:
1024 793 1062 826 ita
1079 801 1109 826 ut
1126 793 1155 826 in

418 849 528 883 eodem
552 846 716 882 venerabili
734 846 800 880 loco
817 845 952 879 Domino
971 844 1036 877 Deo
1051 850 1157 876 nostro

417 898 526 933 laudes
548 896 707 931 exsolvere
728 895 876 929 debeatis.
901 892 1023 927 Nullam
1046 904 1099 926 vos
1115 904 1157 925 ra-

418 949 535 982 tionem
563 945 674 980 exinde
697 944 742 979 vel
766 945 793 978 ei
817 942 1066 990 pertinentibus,
1100 942 1156 975 nisi

418 998 475 1032 soli
497 997 576 1036 Deo,
599 1008 633 1029 ac
668 1002 789 1029 nostrae
816 992 989 1027 auctoritati
1024 991 1158 1026 solven-

420 1047 489 1081 dam
513 1045 686 1080 statuimus.
724 1043 851 1077 Fabriea
879 1042 987 1081 etiam,
1022 1054 1075 1076 seu
1109 1040 1159 1074 lu-

419 1095 619 1130 minariorum
647 1092 843 1127 concinnatio
867 1091 1076 1125 indifferenter
1105 1102 1159 1124 vo-

418 1145 467 1179 bis
499 1145 566 1178 sine
599 1143 694 1177 dnbio
723 1140 961 1189 procurantibus
996 1140 1156 1174 ellieiatur.

419 1193 509 1228 Nulla
533 1192 662 1240 proinde
684 1192 714 1225 in
737 1190 934 1225 exsolvendis
960 1190 1027 1224 Deo
1055 1188 1157 1223 laudi—

419 1243 489 1282 bus,
510 1243 556 1276 vel
580 1242 610 1275 in
633 1241 807 1275 luminariis
828 1239 1054 1274 concinnandis
1074 1250 1158 1272 mora

420 1292 596 1339 proveniat:
615 1290 670 1325 sed
685 1290 795 1324 devota
814 1289 992 1323 sinceritate
1013 1300 1160 1335 peragere

420 1342 574 1384 festinate,
597 1352 634 1374 ne
662 1352 716 1387 per
743 1340 884 1373 incautae
919 1339 1058 1372 desidiae
1090 1337 1159 1372 eul-

420 1403 490 1437 pam
520 1389 626 1424 iudicii
649 1401 702 1423 vos
729 1388 822 1422 suturi
859 1396 960 1422 metus
990 1388 1158 1422 concutiat.

420 1440 529 1474 Potius
552 1438 709 1473 elaborare.
736 1438 868 1477 studete,
905 1445 936 1471 ut
964 1437 1067 1471 divina
1092 1436 1160 1483 pla-

422 1497 509 1523 cetur
530 1496 631 1523 vestro
654 1495 763 1522 conatu
797 1487 977 1523 elementia,
1001 1486 1161 1533 possitque

423 1550 550 1573 manere
572 1538 648 1580 hoc,
670 1537 752 1584 quod
775 1549 790 1571 a
814 1536 903 1582 nobis
930 1536 1008 1570 iusta
1041 1535 1161 1569 delibe-

424 1588 541 1622 ratione
563 1587 721 1621 decretnm
757 1595 812 1626 est,
841 1583 952 1619 suturis
979 1585 1161 1619 inconvulse

424 1637 645 1683 perpetuisque
667 1635 870 1682 temporibus.
894 1635 1095 1669 Consecratio
1115 1642 1162 1668 ta-

423 1698 494 1720 men
523 1685 643 1720 abbatis
669 1685 727 1719 loci
758 1685 874 1731 ipsius,
899 1696 915 1718 a
939 1684 1024 1718 vobis
1046 1696 1163 1718 secun-

424 1735 496 1769 dum
524 1735 623 1769 Denm
648 1734 760 1771 electi,
795 1745 919 1779 semper
945 1741 1126 1779 expectetur
1147 1745 1162 1767 a

425 1792 527 1818 nostra
550 1784 715 1829 apostolica
738 1784 831 1824 sede,
853 1782 912 1816 sub
938 1783 1028 1816 cuius
1055 1784 1163 1816 existat

424 1833 501 1867 iure.
536 1833 692 1866 Numerus
718 1840 818 1866 autem
848 1832 1070 1866 monachorum
1100 1831 1164 1865 ibi—

426 1882 494 1916 dem
521 1882 652 1915 Domino
680 1882 900 1915 serviturorum
925 1889 1027 1915 tantus
1042 1893 1165 1927 semper

425 1933 545 1974 existat,
569 1939 704 1978 quantus
725 1931 896 1965 seeundum
917 1930 975 1964 loci
992 1943 1082 1977 posse
1100 1932 1166 1964 sul'-

426 1981 517 2023 ficiat,
545 1993 636 2027 quam
665 1980 870 2014 duodecimus
898 1981 970 2023 (sic),
997 1980 1050 2026 qui
1073 1980 1164 2014 etiam

426 2029 598 2063 secuudum
634 2031 734 2075 ipsum
773 2041 862 2074 posse
891 2028 1023 2062 babeant
1051 2029 1164 2063 victum

427 2087 453 2111 et
479 2081 634 2116 vestitum,
658 2086 689 2112 ut
712 2078 794 2112 nulla
814 2079 843 2112 in
868 2087 1050 2124 perpetuum
1071 2078 1166 2112 dix-ini

427 2129 540 2161 ⁴servitii
569 2127 754 2173 negligentia
782 2127 831 2161 sit.
859 2127 926 2161 Hoc
946 2129 1029 2162 enim
1053 2127 1090 2161 ad
1110 2140 1168 2161 au-

428 2185 610 2219 gumentum
641 2180 700 2218 isis)
720 2184 750 2210 et
776 2177 1003 2210 incrementum
1027 2177 1167 2211 eiusdem

430 2226 588 2259 liw‘tesiae
611 2225 751 2265 fecimus,
781 2233 813 2259 ut
835 2238 871 2259 ex
893 2226 1082 2260 abundantia
1116 2239 1168 2260 ve-

429 2275 482 2309 stri
508 2275 683 2308 monasterii
705 2275 772 2309 eius
792 2285 954 2321 paupertas
975 2275 1168 2321 suppleatur,

430 2332 459 2357 et
482 2333 541 2357 tam
566 2323 656 2357 nobis
676 2336 768 2370 quam
793 2324 879 2358 vobis
903 2326 1074 2370 vestrisque
1101 2337 1169 2358 suc-

430 2373 607 2406 cessoribus
622 2385 741 2407 merces
757 2381 882 2408 aeterna
904 2374 1060 2408 reddatur.
1084 2373 1170 2409 Bene

430 2422 538 2456 valete.

732 2483 794 2506 1,Εο
821 2484 867 2506 ΡΡ.

432 2531 667 2555 ιιιιεειιιεοιιυιᾼ
681 2532 798 2555 nonum
817 2534 919 2556 PLENA
931 2524 1103 2557 ESTTERRTD
1117 2524 1168 2567 (l).

468 2600 506 2631 (i)
523 2599 591 2625 ilaec
605 2599 630 2625 in
646 2599 728 2633 sigillo
744 2599 866 2634 plumbeo
886 2601 982 2635 scripta
1003 2601 1134 2635 leguntur,
1148 2602 1171 2627 in

434 2647 486 2672 qno
507 2646 555 2664 non
577 2639 667 2665 adesse
690 2640 812 2674 imagines
835 2640 875 2667 Ss.
899 2641 1078 2675 apostolorum
1105 2642 1173 2668 Petri

435 2682 460 2705 et
477 2677 557 2711 Pauli,
573 2682 649 2713 atque
670 2678 726 2706 loco
752 2679 784 2706 fili
809 2680 884 2706 seriei
909 2680 1042 2715 pelliceam
1068 2681 1174 2716 ligulam

1002 296 1080 318 nnn.
1088 296 1100 316 λ
1107 295 1186 317 Rutu
1211 294 1279 316 ROM
1286 293 1373 315 ANUM

1504 343 1639 380 XXXV.

1233 419 1436 462 Prioileyz'mn
1462 429 1557 450 eremo
1584 418 1618 451 S.
1649 417 1735 450 Petri
1762 416 1913 450 Dami'am'

1282 480 1451 502 concessum
1478 480 1496 501 a
1522 468 1615 500 Leone
1638 467 1703 499 ΡΡ.
1728 467 1775 499 IX
1797 467 1858 509 (l).

1466 544 1678 576 SUMMARIUM

1198 606 1610 637 Exordium.—Consirmatio
1627 606 1717 635 eremi
1730 605 1813 635 Petro
1829 610 1857 635 et
1877 615 1946 635 sue-

1237 647 1422 684 cessoribns;
1444 657 1518 686 quae
1542 647 1633 676 libera
1664 655 1781 684 semper
1803 656 1816 675 a
1836 646 1943 675 cuius-

1237 697 1363 726 cumque
1387 696 1528 726 personae
1547 691 1575 716 et
1593 686 1752 715 cuiuslibet
1775 685 1946 715 monasterii

1238 727 1440 757 iurisdictione
1460 727 1634 756 declaratur.
1644 726 1781 755 —Plebs
1795 726 1822 755 S.
1839 725 1945 755 Mariae

1238 768 1266 797 in
1288 767 1406 796 Viueole
1425 767 1519 796 eidem
1538 766 1720 795 conceditur.
1742 783 1782 788 —
1799 765 1861 803 lpsa
1879 774 1946 794 vero

1238 816 1355 836 eremus
1379 807 1414 836 ab
1437 807 1516 835 omni
1536 806 1667 836 molestia
1687 806 1778 835 libera
1804 806 1863 834 fore
1886 810 1947 834 sta-

1238 848 1336 877 tuitur.
1365 864 1404 869 —
1427 847 1510 876 Salvo
1530 851 1626 876 tamen
1650 847 1713 875 iure
1732 846 1873 875 laicorum
1894 844 1945 883 qui

1237 896 1300 917 eam
1324 887 1529 916 condiderunt.
1552 902 1592 908 —
1616 886 1778 915 Anathema
1801 886 1832 915 in
1856 885 1947 914 viola-

1239 932 1315 957 tores
1338 931 1392 956 eto.
1818 938 1825 946 ·

1299 1003 1347 1031 Leo
1364 1002 1503 1038 episcopus
1523 1009 1618 1031 servus
1637 1008 1776 1030 servorum
1793 1001 1849 1030 Dei.

1248 1066 1447 1112 Apostolicae
1469 1066 1553 1100 sedis
1580 1065 1730 1112 competit
1752 1063 1944 1105 auctoritati,

1199 1125 1228 1150 et
1251 1116 1390 1162 legaliter
1411 1116 1551 1150 ordinata
1579 1123 1726 1159 statuere,
1749 1124 1779 1149 et
1800 1114 1868 1148 Deo
1887 1126 1947 1148 se-

1200 1166 1259 1200 mel
1283 1165 1385 1200 oblata
1401 1193 1408 1205 ,
1440 1173 1473 1199 ut
1498 1164 1680 1199 inconvulsa
1703 1172 1886 1203 serventur,
1914 1163 1945 1197 iu

1201 1224 1359 1261 posterum
1398 1214 1575 1261 providere2
1615 1226 1652 1248 ne
1686 1213 1770 1261 quod
1805 1213 1945 1260 priorum

1200 1264 1310 1299 devota
1340 1264 1405 1298 Deo
1441 1264 1539 1311 pietas
1566 1264 1714 1307 inchoat,
1747 1262 1946 1309 sequentium

1203 1315 1346 1360 pravitas,
1369 1314 1530 1359 sacrilega,
1557 1312 1641 1360 quod
1656 1312 1747 1356 absit,
1773 1311 1947 1347 temeritate

1201 1363 1370 1398 subvertat.
1398 1364 1598 1409 Quapropter
1616 1375 1769 1400 eremum,
1792 1374 1873 1409 quae
1897 1361 1948 1395 di-

1201 1414 1282 1447 citur
1308 1412 1395 1457 Ocri,
1423 1414 1453 1447 in
1475 1413 1596 1447 Saxena
1624 1412 1768 1446 videlicet
1790 1411 1948 1446 territorio

1201 1463 1387 1502 constituta,
1423 1463 1494 1502 tibi,
1528 1462 1619 1496 Petre
1655 1461 1827 1505 Damiaue,
1865 1460 1950 1508 prior

1202 1512 1342 1546 eiusdem
1369 1512 1476 1551 eremi,
1496 1513 1619 1558 tuisque
1634 1511 1873 1545 successoribus
1888 1509 1948 1544 ad-

1203 1562 1396 1601 iudicamus,
1419 1570 1449 1596 et
1468 1562 1564 1608 ipsam
1585 1573 1724 1595 eremum
1745 1561 1775 1594 in
1789 1573 1848 1595 suo
1867 1567 1949 1594 statu

1205 1612 1381 1658 persistere,
1403 1619 1433 1645 et
1455 1611 1484 1644 in
1510 1618 1695 1657 perpetuum
1720 1610 1820 1644 valere
1842 1609 1949 1644 decer-

1205 1662 1319 1694 nimus.
1354 1659 1419 1694 Nec
1441 1660 1531 1694 liceat
1559 1659 1611 1693 ulli
1647 1660 1847 1699 mortalium,
1884 1671 1948 1694 non

1206 1722 1327 1756 parvae,
1341 1722 1403 1744 non
1420 1722 1549 1755 magnae
1566 1721 1729 1756 personae,
1747 1709 1844 1755 ipsam
1855 1721 1952 1756 quan-

1204 1760 1307 1806 doque
1328 1771 1468 1794 eremum
1496 1759 1534 1793 ad
1557 1759 1674 1793 saeculi
1702 1759 1767 1793 iura
1796 1757 1950 1804 redigere,

1206 1810 1251 1843 vel
1274 1808 1365 1842 alicui
1393 1821 1520 1855 prorsus
1542 1808 1733 1843 monasterio
1767 1807 1948 1854 subiugare.

1205 1858 1298 1892 Enim
1321 1870 1393 1893 vero
1416 1858 1609 1904 praedictum
1636 1858 1739 1892 locum
1765 1870 1819 1904 per
1841 1865 1953 1892 semet-

1207 1909 1308 1954 ipsum
1331 1907 1457 1954 quidem
1478 1907 1543 1941 fieri
1568 1907 1803 1948 monasterium,
1825 1907 1850 1941 si
1877 1919 1951 1941 con-

1207 1968 1317 2003 gruum
1341 1957 1441 1991 visum
1465 1956 1568 2000 fuerit,
1589 1969 1649 1991 non
1677 1956 1862 1990 abnuimus:
1892 1955 1951 1991 iuri

1207 2019 1279 2041 vero
1313 2006 1441 2041 alterius
1477 2006 1655 2041 monasterii
1684 2005 1815 2046 subiici,
1842 2005 1953 2040 omni-

1207 2056 1308 2090 modis
1329 2056 1542 2102 probibemus.
1567 2055 1634 2089 Non
1654 2055 1736 2089 enim
1757 2055 1951 2102 ignoramus,

1207 2106 1279 2152 quia
1307 2105 1487 2139 huiusmodi
1526 2105 1725 2152 suppositio,
1766 2105 1971 2151 plerumque·

1209 2155 1266 2189 loci
1313 2163 1359 2189 est
1394 2154 1513 2201 absque
1560 2155 1718 2188 dubietate
1764 2153 1950 2189 destructio.

1208 2204 1375 2238 Sancimus
1403 2205 1519 2243 etiam,
1555 2212 1587 2238 ut
1617 2203 1740 2250 plebem
1775 2203 1810 2238 S.
1837 2202 1955 2238 Mariae

1211 2254 1342 2300 positam
1372 2254 1400 2286 in
1436 2254 1526 2293 loeo,
1565 2254 1616 2300 qui
1651 2253 1766 2287 dicitur
1797 2252 1954 2294 vineole,

1211 2302 1347 2348 praefata·
1366 2314 1491 2337 eremus
1515 2311 1664 2349 perpetuo
1697 2303 1761 2336 iure
1785 2302 1953 2347 possideat.

1209 2351 1272 2386 Sed
1292 2359 1321 2386 et
1349 2352 1484 2399 praedia,
1507 2353 1531 2386 si
1556 2364 1642 2386 nunc
1672 2359 1761 2393 sunt,
1790 2353 1836 2386 vel
1864 2351 1956 2385 dein-

1211 2414 1284 2447 ceps
1305 2402 1496 2448 acquisitura
1512 2410 1568 2441 est,
1588 2401 1705 2448 absque
1728 2401 1840 2435 iniusta
1856 2401 1956 2436 cuius-

1211 2463 1346 2498 cumque
1369 2451 1509 2485 molestia
1538 2451 1643 2497 quiete
1673 2459 1703 2485 et
1733 2449 1958 2498 tranquillitate

1210 2521 1353 2548 adhibitam
1373 2529 1441 2554 esse,
1457 2523 1550 2549 asserit
1566 2522 1595 2548 P.
1613 2521 1781 2549 Montl'aucon
1796 2521 1847 2548 loc.
1863 2528 1960 2556 supra-

1212 2563 1255 2589 cit.
1275 2562 1414 2588 Caeterum
1440 2563 1524 2597 primo
1544 2562 1584 2588 sui
1601 2561 1771 2597 pontificatus
1794 2569 1863 2588 anno
1893 2561 1960 2588 10119

1212 2602 1303 2629 datum
1319 2610 1333 2628 a
1349 2602 1435 2629 Leone
1451 2602 1500 2628 hoc
1510 2601 1627 2637 diploma
1638 2609 1670 2628 ex
1683 2601 1741 2636 ipso
1749 2600 1960 2628 contextueviu-

1213 2643 1290 2668 citur.

1248 2682 1287 2718 (1)
1307 2681 1377 2708 Edit.
1396 2681 1468 2709 initio
1485 2686 1549 2709 tom.
1567 2690 1597 2709 ιιι
1613 2682 1732 2718 Operum
1751 2681 1881 2710 Damiani.

1972 277 2022 308 An.
2040 278 2069 307 C.
2090 276 2155 305 ¹05&

1978 1093 2105 1117 Exordium.

2022 1383 2164 1406 Confirmatio

1981 1419 2052 1442 eremi
2098 1420 2165 1442 Petro

1982 1459 2004 1478 et
2021 1455 2164 1478 suecessori-

1980 1491 2030 1523 bus,
2039 1499 2094 1522 qino
2103 1490 2165 1514 libe-

1981 1535 2005 1550 n
2030 1535 2119 1559 semper
2153 1535 2166 1550 ι

1992 1564 2151 1595 cuiuscumque

1981 1607 2091 1630 pennum
2145 1602 2168 1623 et

1982 1635 2100 1658 cuiuslibet
2113 1643 2165 1658 mo-

1982 1672 2074 1695 nasterii
2091 1671 2165 1694 turtu-

1982 1708 2083 1731 dietiono
2121 1707 2166 1731 d·-

1983 1743 2088 1767 etur-tur.

1985 2209 2051 2234 Plebs
2060 2211 2083 2234 S.
2094 2211 2169 2235 1111·ὶο

1986 2245 2116 2275 ἱιιΝἰιιεοΙο
2136 2248 2169 2270 ei-

1985 2280 2035 2304 dem
2079 2291 2167 2307 conce-

1985 2317 2052 2342 ditur.
