2237 3127
176 340 225 362 An.
257 336 282 362 c
306 338 356 365 31111

438 330 506 366 1ῧῦ

430 398 529 431 nalem
542 406 611 429 cam
624 389 824 430 constituisse,
846 396 872 424 et
886 388 1024 433 assiqnat
1037 388 1131 420 cidem

429 446 577 480 basilicae
595 442 764 487 parochiae
786 441 860 485 fines
880 445 906 472 et
924 449 990 471 eam
1005 436 1130 470 diversis

430 493 572 528 donariis
594 492 689 525 dorzat
716 491 751 524 de
772 500 826 522 suo
846 487 989 521 vestiario
1012 486 1073 530 (4).

647 555 864 590 smmARmM

380 622 511 653 'l'ermini
542 619 715 661 parrochiae
748 618 887 648 basilicae
913 616 1129 656 Apostolorum.

419 661 546 691 -Bona
565 658 818 690 eidcmEcclesiae
837 657 1129 687 aloanneconcessa.

376 725 491 757 loannes
512 727 654 763 episcopas
675 731 772 753 servus
792 729 930 752 servornm
954 722 1000 750 Dei
1023 721 1131 750 dilectis

426 773 491 801 fillis
511 770 705 802 cardinalibus,
727 770 755 797 et
773 767 880 797 clericis
909 766 1040 795 Ecclesiae
1066 766 1130 801 Apo-

426 817 560 846 stolorum
577 816 707 852 perpetuo
726 814 755 842 in
774 812 877 842 Christi
896 811 1008 841 servitio
1021 817 1131 839 manen·

425 862 499 891 tibus
525 857 584 900 (2).

429 925 590 967 Quoniam
627 921 815 971 primitivam
853 919 1026 955 Ecclesiam
1062 926 1132 966 post

381 975 635 1010 incarnationem
662 971 779 1008 Christi
808 969 975 1004 duodecim
996 968 1131 1015 apostoli

384 1023 618 1070 praedicatione
656 1022 889 1056 illustraverunt
921 1026 952 1052 et
984 1017 1133 1064 operibus

382 1073 617 1111 stabiliverunt,
640 1072 720 1105 sicut
748 1069 779 1103 in
802 1068 924 1103 actibus
949 1066 1131 1102 eorumdem

384 1123 508 1169 legitur,
527 1120 644 1168 quibus
653 1127 717 1154 erat
734 1130 788 1153 cor
807 1129 904 1151 unum
920 1124 951 1151 et
966 1116 997 1150 in
1015 1115 1132 1150 eisdem

384 1179 472 1205 erant
487 1170 547 1205 illis
562 1169 668 1204 omnia
683 1166 863 1202 communia
885 1177 920 1200 ac
944 1177 1000 1212 pro
1016 1164 1133 1199 Christi

385 1221 444 1255 lide
462 1220 600 1266 legitime
623 1218 820 1252 decertantes
839 1214 975 1261 gloriose
994 1213 1132 1248 coronati

385 1278 473 1308 sunt,
508 1267 623 1314 placuit
649 1266 727 1301 mihi
745 1263 878 1299 Iohanni
906 1263 993 1297 urbis
1015 1262 1134 1296 Romae

387 1318 576 1353 liumilliimo
606 1315 743 1363 pontilici
764 1313 941 1348 Ecclesiam
964 1310 1134 1346 duodecim

386 1367 611 1415 Apostolorum
627 1364 813 1400 confirmare
825 1365 879 1406 (5),
889 1373 980 1408 quam
988 1360 1136 1406 Pelagius

392 1429 468 1464 papa
496 1416 596 1451 bonae
614 1426 708 1449 mem.
722 1412 945 1460 praedecessor
960 1422 1049 1444 meus
1065 1417 1136 1444 ante

390 1466 541 1513 palatium
561 1463 737 1499 Constantii
759 1461 945 1495 initiaverat.
961 1459 1024 1493 Sed
1038 1466 1136 1492 morte

393 1522 590 1560 praeventus,
609 1513 786 1547 inchoatam
797 1509 928 1556 reliquid
942 1511 998 1552 (4).
1014 1507 1137 1542 Deinde

393 1564 489 1611 patris
510 1562 608 1597 nostri
628 1561 753 1607 incepta
773 1566 936 1606 captantes
963 1557 1047 1604 quod
1071 1557 1137 1603 ipse

392 1613 514 1647 dimisit
529 1612 625 1657 gratia
640 1610 824 1657 opitulante‚
838 1608 884 1642 vel
902 1609 945 1651 (ὅ)
963 1606 1137 1654 perfectum

394 1674 492 1710 usqne
520 1662 613 1695 finem
641 1658 839 1694 adduximus.
867 1656 956 1690 Hanc
988 1656 1081 1690 etiam
1109 1663 1138 1689 et

394 1713 423 1746 in
451 1710 544 1746 natali
568 1708 781 1755 apostolorum
809 1705 947 1752 Philippi
969 1713 1000 1739 et
1020 1703 1137 1744 Iacobi,

393 1760 477 1808 quod
501 1759 590 1794 estin
606 1758 665 1792 kal.
683 1757 755 1791 maii
771 1755 809 1790 ad
826 1755 978 1789 honorem
997 1753 1138 1788 omnium

393 1809 605 1857 apostolorum
623 1807 771 1842 decenter
785 1804 976 1839 dedicatam.
998 1802 1139 1837 Titulum

393 1857 584 1894 cardinalem
612 1856 694 1891 illam
732 1853 953 1889 constituimus
988 1864 1046 1887 nec
1077 1863 1139 1885 non

395 1917 425 1943 ct
463 1906 659 1955 parrochiam
701 1904 782 1939 sicut
823 1902 918 1937 ceteri
946 1901 1025 1936 tituli
1053 1900 1141 1935 urbis

395 1957 513 1992 habent
535 1956 573 1990 de
600 1955 679 1989 aliis.
703 1953 741 1987 Et
763 1952 801 1987 de
815 1952 884 1986 aliis
899 1951 1085 1997 colligentes
1096 1949 1142 1984 sic

395 2014 479 2041 tanta
511 2014 541 2040 et
570 2013 633 2039 tam
666 2001 839 2037 honorabili
872 2000 1018 2035 basilicae
1045 2007 1140 2034 ratam

396 2064 426 2090 et
447 2056 667 2090 inconcussam
706 2051 926 2086 deliberamus.
955 2049 1025 2084 Non
1059 2048 1141 2083 enim

396 2105 597 2139 laudaremur
623 2103 649 2137 si
672 2102 772 2136 solum
796 2100 828 2134 in
844 2099 976 2134 edificiis
994 2098 1143 2133 extollen-

397 2155 446 2188 dis
471 2152 747 2191 laboravissemus„
763 2157 793 2184 et
815 2149 890 2183 alias
912 2148 1081 2193 dignitates
1091 2158 1145 2181 ec-

398 2202 588 2238 clesiasticas
610 2201 638 2236 ei
660 2212 723 2234 non
752 2198 1001 2246 provideremus.
1022 2196 1144 2231 ldcirco

400 2259 546 2299 presente
556 2258 585 2285 et
597 2249 812 2285 consentiente
825 2248 954 2282 fratrum
966 2254 1144 2281 nostrorum

345 2295 371 2342 ”,-
401 2309 473 2336 cetu
495 2311 597 2335 novae
610 2299 754 2333 basilicae
775 2308 956 2332 concessam
971 2294 1147 2330 etattribu-

325 2369 331 2381 ι
403 2359 463 2385 tam
478 2348 673 2396 parrochiam
696 2347 952 2381 determinamus.
966 2344 1009 2379 Ita
1024 2356 1099 2379 sane
1113 2351 1147 2378 ut

402 2400 506 2434 omnis
528 2400 572 2443 (6)
598 2396 756 2444 cappellae
781 2394 985 2434 constitutae,
1004 2393 1052 2428 vel
1075 2405 1148 2428 con-

404 2447 592 2492 stituendae⁷
605 2455 636 2481 et
659 2445 794 2493 populus
806 2472 814 2485 ,
829 2444 883 2491 qui
897 2442 975 2477 infra
996 2442 1148 2477 terminos

405 2499 480 2532 istos
507 2494 820 2544 comprehenduntur
846 2491 1037 2540 apostolicae
1064 2491 1148 2526 basi-

441 2571 479 2606 (t)
495 2569 596 2598 Placuit
604 2568 720 2605 diploma
731 2567 837 2599 referre,
850 2569 929 2601 prout
939 2565 1034 2600 legitur
1043 2565 1069 2592 in
1085 2573 1150 2600 apo-

359 2610 367 2618 *
405 2606 507 2642 crypho
516 2605 597 2633 ‹ritato
607 2612 641 2632 ne
655 2607 779 2665 corrupta
794 2610 808 2629 a
824 2601 898 2629 nobis
913 2601 1056 2635 antiquitas
1072 2601 1149 2627 vidc—

755 2637 856 2664 iblioth.
869 2636 1058 2662 Vallicellianae
1082 2636 1148 2669 sign.

407 2677 455 2703 1111.
477 2677 505 2702 C.
524 2684 550 2701 n.
567 2676 611 2706 20,
630 2683 655 2710 p.
677 2675 720 2700 δᾶ.
759 2673 797 2707 (5)
823 2672 996 2699 Consumare.
1033 2671 1073 2707 (st)
1098 2672 1151 2699 Re-

405 2712 491 2749 liquit.
522 2712 562 2748 (5)
578 2710 631 2738 Ad.

406 2646 490 2669 retur.
523 2642 563 2675 (³2.)
588 2639 627 2667 Ex
651 2646 715 2666 mss.

685 2710 726 2746 (fi)
743 2709 852 2738 Omnes.

1882 284 1914 296 ‘-

975 331 1164 357 BULLARIUM
1189 330 1353 354 ROMANUM

1173 385 1253 420 licae
1271 384 1310 419 de
1332 382 1517 432 parrochiali
1539 381 1607 416 iure
1628 379 1778 427 deinceps
1793 380 1917 428 penitus

1174 433 1395 481 respondeant.
1423 431 1578 467 Videlicet
1598 442 1615 465 a
1628 430 1677 464 via
1699 429 1752 464 ubi
1774 437 1820 464 est
1837 429 1917 465 calix

1174 495 1367 518 marmoreus
1389 490 1419 517 et
1444 481 1525 528 lapis
1560 490 1754 514 marmoreus
1784 490 1918 524 magnus

1174 532 1204 566 in
1232 531 1380 579 gradibus
1406 538 1573 565 excavatus
1599 540 1670 563 curn
1692 526 1840 562 omnibus
1857 527 1917 563 do-

1174 581 1278 616 mibus
1305 589 1377 615 ante
1398 591 1442 620 se,
1470 586 1501 613 et
1522 577 1594 612 inde
1620 577 1681 612 itur
1707 577 1791 612 iuxta
1812 576 1916 612 eccle-

1172 631 1251 665 siam
1273 629 1380 665 Sancti
1402 627 1540 663 Marcelli
1562 635 1593 662 et
1612 625 1790 662 declinatur
1809 625 1849 660 ad
1869 625 1917 660 le-

1173 692 1241 714 vam
1264 687 1334 714 ante
1356 677 1519 713 ecclesiam
1541 676 1674 711 Sanctae
1691 675 1818 718 Mariae,
1835 687 1917 722 quae

1172 737 1219 763 est
1247 729 1278 763 in
1300 728 1348 762 via
1375 727 1434 761 lata
1456 734 1485 761 et
1506 725 1579 760 inde
1601 733 1685 760 recto
1707 724 1818 759 itinere
1844 736 1913 771 pro-

1173 777 1299 812 ducitur
1329 788 1385 824 per
1421 776 1502 809 viam
1537 786 1616 822 quae
1649 781 1695 809 est
1720 773 1781 814 snb
1809 781 1915 808 monte

1172 827 1306 873 Tarpeio
1329 837 1427 872 usque
1449 824 1487 860 ad
1514 836 1620 859 arcum
1635 822 1918 870 Clagentariorum,

1173 884 1204 911 et
1230 875 1302 910 inde
1324 875 1386 909 itur
1407 874 1438 909 in
1463 874 1543 908 viam
1570 872 1608 907 ad
1635 872 1733 907 levam
1758 884 1812 918 per
1838 871 1916 906 viam

1174 937 1264 960 secus
1285 924 1410 962 Ortum,
1433 923 1486 970 qui
1507 922 1621 957 dicitur
1647 921 1799 956 mirabilis
1824 929 1918 968 atque

1176 986 1230 1021 per
1262 973 1377 1009 scalam
1399 972 1593 1007 Mortuorum
1621 970 1655 1005 fit
1682 982 1832 1006 ascensus
1862 982 1918 1017 per

1175 1035 1280 1058 cavam
1306 1022 1423 1057 Montis
1449 1033 1549 1069 usque
1571 1029 1642 1055 ante
1667 1019 1806 1055 caballos
1827 1030 1918 1053 mar-

1176 1084 1299 1107 moreos
1322 1078 1403 1106 recta
1428 1083 1475 1106 via
1501 1082 1548 1105 ac.
1567 1082 1610 1104 m.
1634 1077 1763 1104 vertitur
1783 1076 1856 1104 ante
1873 1080 1921 1103 ar-

1176 1133 1247 1156 cum
1269 1121 1377 1161 Pacis,
1400 1119 1515 1155 deinde
1535 1119 1574 1154 ad
1594 1118 1750 1154 dexteram
1774 1117 1919 1153 extendi-

1176 1178 1227 1204 tur
1248 1171 1331 1205 iuxta
1360 1170 1439 1204 latus
1461 1169 1576 1204 Montis
1597 1180 1691 1215 super
1713 1166 1868 1203 Catricam
1890 1175 1920 1201 et

1177 1219 1288 1254 exinde
1310 1219 1466 1254 derivatur
1487 1230 1542 1265 per
1563 1217 1702 1252 Calicem
1723 1217 1839 1251 Montis
1864 1227 1920 1250 us-

1177 1280 1238 1315 que
1264 1267 1301 1302 ad
1319 1268 1433 1302 Ortum
1456 1267 1589 1301 Veneris
1613 1273 1644 1301 et
1669 1265 1784 1300 deinde
1806 1265 1868 1299 itur
1888 1265 1920 1299 in

1178 1317 1259 1351 viam
1286 1316 1438 1351 Salariam
1467 1323 1498 1350 et
1524 1315 1624 1350 exitur
1652 1314 1683 1349 in
1710 1314 1894 1349 pincianam
1911 1340 1919 1352 ,

1179 1365 1294 1400 deinde
1338 1365 1540 1400 descenditur
1577 1376 1632 1412 per
1669 1363 1789 1399 silicem
1820 1370 1851 1399 et
1887 1362 1922 1396 fit

1179 1415 1325 1449 transitus
1358 1427 1454 1462 super
1486 1413 1617 1448 formam
1640 1412 1802 1459 Virginem
1834 1412 1922 1447 iuxta

1179 1464 1430 1498 Monumentum.
1447 1463 1487 1497 Et
1508 1462 1622 1497 deinde
1640 1463 1832 1497 convertitur
1845 1462 1922 1497 citra
1944 1493 1946 1495 ,

1179 1513 1310 1547 eandem
1333 1513 1464 1547 formam
1482 1512 1632 1547 continuo
1655 1523 1753 1558 usque
1779 1511 1854 1546 illuc
1868 1510 1920 1545 ubi

1179 1562 1294 1597 dicitur
1332 1561 1483 1597 Cannella
1517 1560 1660 1596 eiusdem
1708 1559 1836 1595 formae.
1883 1558 1923 1594 Et

1180 1611 1291 1646 exinde
1305 1611 1499 1657 recolligitur
1511 1622 1567 1657 per
1579 1609 1716 1644 viculum
1724 1609 1924 1656 Capralicum

1180 1673 1252 1695 cum
1281 1660 1399 1704 insula,
1433 1668 1463 1694 ct
1489 1659 1569 1694 casis
1596 1671 1634 1693 ex
1660 1666 1795 1705 utroque
1830 1658 1925 1693 latere

1182 1710 1250 1744 viae
1276 1709 1314 1744 ad
1349 1709 1522 1756 praefatum
1548 1707 1686 1743 Calicem
1712 1719 1925 1742 marmoreum

1182 1766 1211 1793 et
1233 1758 1368 1805 lapidem
1388 1759 1420 1792 in
1443 1757 1593 1804 gradibus
1619 1766 1811 1792 excavatum.
1835 1756 1927 1791 Insu-

1183 1819 1238 1855 per
1256 1819 1293 1842 ex
1314 1819 1402 1842 sacro
1423 1815 1530 1842 nostro
1550 1806 1684 1841 vestario
1705 1806 1782 1841 haec
1799 1805 1927 1840 donaria

1182 1856 1391 1901 contulimus,
1419 1856 1568 1891 videlicet
1593 1867 1719 1891 crucem
1742 1867 1835 1889 unam
1864 1866 1928 1890 au·-

1183 1918 1266 1940 ream
1282 1913 1467 1952 pensantem
1490 1905 1583 1939 libras
1603 1917 1669 1949 sex,
1685 1904 1814 1939 calicem
1830 1916 1926 1939 unum

1185 1962 1368 2002 pensantem
1393 1954 1487 1989 libras
1513 1954 1601 1989 duas.
1629 1953 1751 1989 Calices
1778 1953 1858 1988 duos
1883 1964 1930 1988 ar-

1184 2012 1315 2050 genteos
1336 2011 1504 2051 pensantes
1530 2003 1625 2038 libras
1643 2010 1801 2050 quattuor.
1818 2001 1929 2037 Vestes

1185 2065 1310 2101 quoque
1321 2052 1436 2087 sericas
1450 2064 1521 2087 cum
1537 2052 1616 2087 albis
1631 2060 1661 2087 61
1677 2064 1751 2087 auro
1765 2058 1929 2087 contextas

1185 2110 1329 2150 quatuor,
1352 2101 1441 2136 libris
1462 2101 1556 2137 etiam
1567 2100 1674 2136 multis
1695 2112 1731 2135 ac
1752 2101 1845 2135 variis
1859 2112 1929 2135 eam

1185 2152 1336 2187 adornare
1358 2151 1547 2186 curavimus.
1570 2150 1638 2185 Hiis
1661 2149 1813 2185 ecclesiae
1837 2149 1930 2197 Apo-

1186 2201 1337 2236 stolorum
1359 2200 1475 2234 nostris
1500 2199 1645 2234 manibus
1666 2198 1811 2234 conditae
1826 2207 1856 2234 et
1870 2198 1930 2234 de·-

1187 2250 1327 2285 dificatae
1350 2248 1598 2296 parrochialibus
1626 2248 1766 2284 terminis
1794 2248 1931 2292 statutis,

1187 2311 1223 2335 ac
1250 2299 1388 2334 donariis
1411 2298 1587 2345 impartitis,
1612 2310 1649 2333 ex
1667 2305 1754 2345 parte
1775 2297 1835 2332 Dei
1855 2308 1932 2332 om-

1188 2348 1360 2396 nipotentis
1377 2355 1408 2383 et
1429 2347 1535 2382 beatae
1556 2346 1683 2388 Mariae,
1698 2354 1730 2382 et
1747 2346 1931 2382 auctoritate

1187 2397 1400 2446 apostolorum
1434 2397 1520 2431 Petri
1546 2409 1582 2432 ac
1608 2395 1698 2431 Pauli
1724 2403 1755 2432 et
1788 2395 1932 2431 omnium

1188 2447 1402 2495 apostolorum
1430 2445 1684 2481 benedictionem
1724 2453 1862 2480 nostram
1902 2453 1933 2479 et

1189 2508 1317 2532 suorum
1340 2503 1539 2543 peccatorum
1558 2494 1775 2530 remissionem
1795 2493 1932 2541 Capituli

1189 2546 1283 2581 huius
1303 2545 1515 2600 ac'privilegii
1536 2543 1788 2580 observatoribus
1813 2550 1934 2579 610011-

1189 2594 1366 2630 diutoribus
1388 2594 1621 2630 condonamus:
1645 2592 1934 2628 contradicentibus

1190 2652 1293 2680 autem
1315 2652 1346 2678 et
1373 2642 1672 2691 praevaricatoribus
1693 2642 1803 2677 cadem
1824 2649 1934 2677 aucto-

1192 2693 1279 2729 ritate
1313 2705 1413 2741 usquc
1450 2692 1488 2728 ad
1529 2691 1774 2728 satisfactionem
1811 2690 1934 2726 Dathan

1945 314 1998 342 An.
2020 314 2046 341 C.
2074 313 2124 340 560

1987 1824 2044 1845 lione
2069 1823 2138 1845 eidem

1954 1857 2068 1881 Ecclesiae

1956 1895 2036 1917 Ioanne

1957 1938 2027 1954 cesse.

2127 1866 2139 1879 8

2079 1902 2132 1916 ἱῦῐν
