2237 3127
108 309 160 336 An.
184 308 211 336 C.
238 308 288 336 595

126 1592 266 1615 confirmatio

104 1629 288 1651 constitutionum

103 1664 128 1684 nl»
148 1665 289 1694 imperatori-

103 1698 142 1719 lms
157 1708 195 1729 pro
209 1708 232 1722 ea
246 1701 283 1722 Ec-

107 1736 159 1757 haia
171 1736 287 1760 factarum.

103 2526 223 2549 Anathamn
233 2533 288 2548 eou-

103 2567 134 2583 tia
168 2562 288 2584 violatores

104 2596 214 2627 privilegii
242 2597 287 2619 liu-

105 2640 144 2655 tttl.

911 313 936 336 S.
965 313 1179 337 GREGORIUSI
1206 314 1256 337 PP.

1758 309 1826 340 163

317 363 412 401 liceat
433 363 683 413 archiepiscopis
721 373 849 402 sanctae
879 365 1075 402 Ravennatis
1119 368 1158 403 tis
1184 368 1347 403 Ecclesiae
1370 368 1487 404 ditione
1511 381 1547 404 ex
1579 369 1628 404 his
1651 372 1874 419 suprascriptis

317 413 494 459 Ecclesiae,
521 415 559 450 ad
587 415 691 463 ipsum
720 415 954 463 episcopatum,
982 416 1074 451 etad

319 463 419 510 ipsam
464 464 641 499 Ecclesiam
692 464 869 500 secundum
910 465 1074 511 antiquam

316 513 584 548 consuetudinem
612 525 667 560 pro
680 513 896 560 descriptione
920 514 1072 555 facienda,

316 569 412 609 atque
439 561 594 598 electione
627 562 759 596 missum
797 562 1021 603 transmittere,
1043 570 1074 597 et

315 611 422 658 ipsum
445 611 582 647 electum
605 623 643 645 ex
665 622 752 645 more
787 610 948 655 investire,
979 618 1010 645 et
1031 611 1073 645 li-

315 659 391 695 bere
412 667 506 707 atque
528 659 712 695 solemniter
738 671 935 694 consecrare.
959 659 1023 694 Sed
1042 661 1073 694 et

314 708 400 743 istud
422 708 583 744 censendo
604 715 677 743 tuae
704 707 879 749 dilectioni,
906 708 1071 743 carissime

313 757 410 792 frater
442 765 473 792 et
515 757 572 798 fili,
609 757 650 792 ob
684 759 920 804 perversitatem
949 757 1071 792 futurae

312 806 429 852 gentis,
456 814 486 841 et
507 806 723 842 Ecclesiarum
746 807 804 841 Dei
829 806 1070 851 desolationem,

311 867 407 901 quam
430 855 630 902 appropiare,
649 863 680 890 et
696 855 759 890 fere
774 855 804 890 in
819 856 986 890 liminibus
1000 868 1070 890 esse

310 903 470 949 videmus,
491 905 730 949 confirmamus,
753 912 784 939 et
810 905 870 940 sub
891 905 990 939 divini
1019 905 1070 939 iu—

311 952 384 987 dicii
421 953 631 989 obtestatione
665 954 896 1001 praecipimus,
934 962 967 988 ut
990 954 1067 988 nulli

311 1014 453 1049 unquam
488 1015 711 1037 successorum
738 1015 882 1038 meorum
912 1003 1003 1038 liceat
1030 1003 1068 1038 ad

311 1051 418 1098 ipsum
446 1052 664 1098 episcopatum
695 1064 752 1099 pro
785 1052 1001 1099 descriptione
1023 1052 1069 1087 fa-

310 1100 422 1135 cienda
446 1101 509 1135 sive
531 1101 700 1142 electione,
735 1109 790 1136 aut
816 1101 936 1148 aliquid
959 1109 1067 1136 contra

311 1149 577 1184 consuetudinem
611 1150 769 1197 exigendo
800 1163 895 1186 suum
930 1151 1067 1197 legatum

310 1198 537 1244 transmittere,
549 1207 601 1234 aut
620 1212 676 1247 per
694 1199 874 1235 ministrum
892 1200 1067 1247 publicum,

310 1248 358 1282 vel
387 1260 442 1295 per
468 1249 643 1295 quamlibet
679 1260 847 1296 personam
877 1249 978 1296 ipsam
1006 1249 1068 1284 Ec-

304 1296 442 1337 ;rlesiam
469 1309 636 1344 occupare,
657 1305 712 1332 aut
737 1298 779 1332 ibi
806 1298 993 1345 episcopum
1017 1299 1068 1332 in-

303 1345 419 1380 debite
441 1358 637 1388 consecrare,
660 1354 714 1382 aut
736 1347 777 1382 ibi
802 1348 920 1394 aliquid
948 1347 1067 1395 absque

310 1394 508 1430 Ravennatis
529 1396 688 1431 Ecclesiae
721 1396 881 1443 pontificis
908 1409 1067 1431 consensu

311 1444 469 1479 ordinare.
493 1445 576 1487 Quia
598 1444 822 1485 abominabile,
845 1453 877 1479 et
903 1446 1068 1480 nefandis-

301 1493 438 1540 simum,
461 1501 492 1528 et
518 1495 604 1529 omni
634 1493 743 1529 fraude
770 1494 995 1540 dignissimum
1019 1503 1066 1529 at-

310 1554 372 1589 que
397 1543 617 1590 plenissimum
640 1543 739 1578 semel
766 1556 953 1578 concessum
976 1555 1067 1579 revo-

311 1592 375 1626 cari
398 1591 515 1627 denuo.
538 1592 778 1627 Confirmamus
801 1594 930 1634 interea,
949 1600 979 1627 et
1001 1605 1068 1628 cor-

311 1641 501 1676 roboramus
529 1654 641 1676 omncs
675 1642 919 1677 constitutiones
952 1643 984 1676 in
1012 1654 1067 1676 ea-

310 1690 383 1732 dem
410 1690 553 1726 Ecclesia
588 1703 605 1725 a
633 1691 783 1738 piissimis
825 1691 1067 1738 imperatoribus

309 1740 417 1781 factas,
431 1748 462 1775 et
489 1741 529 1775 ita
557 1740 760 1776 decernimus
781 1740 820 1775 ab
843 1741 991 1775 omnibus
1006 1741 1066 1775 ob-

309 1789 490 1832 servandas,
514 1790 596 1824 sicut
628 1798 794 1837 praecepta
817 1790 912 1824 liuius
940 1798 1066 1824 sanctae

309 1838 475 1874 Romanae
495 1839 656 1873 Ecclesiae
679 1839 792 1873 tradita
814 1839 934 1873 scilicet
961 1839 1000 1873 de
1027 1839 1067 1873 ci-

309 1887 460 1923 vitatibus
477 1915 486 1932 ,
509 1888 662 1930 castellis,
689 1888 788 1932 villis,
815 1888 907 1929 vicis,
942 1887 1065 1933 viculis,

310 1937 418 1983 pratis,
447 1937 583 1984 pascuis,
625 1937 757 1983 campis,
792 1936 891 1976 silvis,
918 1937 1065 1979 salicetis,

310 1985 430 2029 fundis,
453 1985 621 2026 casalibus,
638 1994 669 2020 et
691 1986 730 2020 dc
744 1985 894 2021 omnibus
917 1986 1065 2033 publicis,

309 2046 347 2069 ac
381 2035 509 2082 privatis
548 2035 607 2069 sibi
650 2036 822 2070 concessis.
863 2035 908 2069 Dc
945 2036 1066 2070 colonis

308 2096 383 2119 vero
405 2096 501 2131 super
527 2091 641 2118 terram
664 2084 806 2119 eiusdem
835 2085 998 2120 Ecclesiae
1013 2085 1066 2119 ha-

310 2132 498 2174 bitantibus,
525 2140 557 2167 et
578 2133 616 2167 de
639 2145 749 2168 eorum
765 2134 914 2180 angariis,
938 2134 1067 2169 redditi-

310 2182 383 2227 bus,
405 2183 540 2230 placitis,
559 2183 623 2217 sive
646 2183 910 2228 districtionibus,
933 2184 1014 2218 sicut
1034 2183 1064 2218 in

308 2232 498 2278 praeceptis,
520 2239 551 2265 et
573 2232 745 2278 privilegiis
769 2233 916 2277 vidimus,
936 2240 967 2267 et
989 2233 1064 2279 legi-

309 2292 391 2315 mus.
420 2280 466 2315 De
494 2281 700 2316 familiaribus
723 2294 796 2317 vero
823 2294 859 2317 ac
881 2282 1018 2322 famulis,
1034 2290 1065 2316 et

310 2330 350 2364 de
370 2338 497 2364 centum
520 2342 675 2365 annorum
700 2331 1002 2378 praescriptionibus
1021 2344 1067 2366 rc-

310 2390 381 2413 rum
403 2378 517 2413 babeat
545 2378 611 2426 ipsa
643 2379 786 2415 Ecclesia
808 2389 916 2415 sancta
939 2381 1066 2415 Raven-

311 2439 381 2471 nas,
407 2435 438 2462 et
460 2428 565 2462 omnia
588 2430 776 2464 monasteria
792 2430 872 2471 eius,
892 2430 975 2465 sicut
989 2430 1066 2465 baec

310 2476 439 2524 antiqua
466 2476 578 2511 Roma.
602 2477 687 2512 Ilaec
709 2479 813 2513 omnia
835 2487 866 2514 ct
883 2479 940 2513 alia
957 2480 1064 2519 multa,

311 2538 392 2574 quae
418 2534 527 2561 sancta
554 2526 722 2561 Ravennas
748 2528 891 2563 Ecclesia
913 2530 1065 2573 continet,

310 2584 492 2623 praecepta,
522 2583 554 2610 ct
589 2575 750 2623 privilegia
784 2578 1011 2613 confirmamus
1037 2587 1066 2613 ct

309 2624 495 2660 confirmata
527 2625 785 2661 corroboramus.
818 2627 852 2661 Si
872 2628 946 2674 quis
969 2640 1065 2672 vcro,

312 2673 402 2722 quod
424 2686 489 2710 non
510 2674 684 2720 credimus,
705 2675 824 2725 aliquid
837 2676 876 2713 de
898 2676 1067 2713 Ravenna-

1116 417 1302 452 subtrahere
1325 419 1500 459 tentaverit,
1530 419 1576 453 vel
1605 419 1635 453 in
1664 419 1770 466 aliquo
1793 433 1871 456 con-

1117 473 1162 501 tra
1186 466 1245 501 hoc
1281 474 1424 502 nostrum
1455 468 1658 515 privilegium
1690 469 1871 512 molestare,

1115 515 1293 550 diminuere
1322 517 1489 551 temerario
1520 529 1598 552 ausu
1632 520 1871 565 praesumserit,

1115 563 1192 598 sciat
1213 576 1246 599 se
1262 576 1299 598 ex
1323 573 1409 611 parte
1429 566 1487 599 Dei
1504 567 1730 613 omnipotentis
1749 576 1779 602 et
1804 582 1874 603 sau-

1114 619 1237 647 ctorum
1261 621 1437 648 trecentum
1459 614 1569 649 decem
1593 623 1624 650 et
1645 623 1716 651 octo
1729 617 1871 657 Patrum,

1114 673 1172 696 nec
1195 674 1256 696 non
1285 670 1315 696 et
1338 670 1463 697 nostrae
1488 664 1715 700 mediocritatis
1737 669 1874 701 auctori-

1114 716 1187 754 tate,
1209 718 1240 745 et
1261 719 1389 746 sanctae
1408 712 1519 759 synodi
1544 725 1691 749 romanae
1714 717 1872 761 praesenti

1113 758 1287 794 indictione
1309 768 1518 807 congregatae
1535 763 1744 798 anatheniatis
1761 765 1872 800 vincu-

1113 807 1151 842 lis
1173 808 1371 853 innodatum,
1399 818 1429 844 et
1451 822 1522 844 cum
1548 811 1623 846 Iuda
1644 812 1794 848 traditore
1810 814 1873 849 Do-

1113 857 1189 891 mini
1214 858 1311 892 nostri
1340 858 1411 893 Iesu
1440 858 1558 894 Cbristi
1581 862 1719 895 aeternis
1747 863 1872 909 suppli-

1112 906 1169 940 ciis
1196 906 1395 953 deputatum.
1424 907 1486 949 Qui
1514 921 1588 943 vero
1612 910 1794 945 observator
1814 924 1870 946 ex-

1113 956 1221 996 titerit,
1244 956 1500 992 benedictionem
1523 969 1539 992 a
1561 958 1630 993 Deo
1653 959 1745 994 Patre
1763 969 1791 994 et
1811 961 1868 995 Do-

1111 1004 1198 1039 mino
1225 1013 1334 1040 nostro
1377 1005 1448 1040 Iesu
1492 1006 1640 1047 Christo,
1680 1015 1710 1042 et
1748 1008 1871 1055 Spiritu

1111 1053 1229 1089 Sancto
1255 1054 1419 1102 Paraclyto
1442 1055 1473 1090 in
1487 1064 1676 1103 perpetuum
1699 1069 1872 1105 consequa-

1112 1110 1172 1137 tur.
1201 1102 1288 1138 Bene
1317 1104 1429 1139 valete.

1161 1152 1233 1187 Dat.
1273 1165 1348 1187 non.
1377 1153 1480 1188 kalen.
1517 1153 1639 1201 aprilis,
1658 1155 1791 1199 Romae,
1815 1168 1870 1202 per

1111 1213 1223 1237 manus
1246 1201 1376 1237 Ioannis
1402 1202 1550 1243 Levitae,
1582 1211 1612 1238 et
1646 1212 1774 1240 sanctae
1804 1206 1871 1241 Ro-

1110 1263 1221 1286 manae
1242 1251 1405 1287 Ecclesiae
1432 1251 1678 1287 bibliothecarii.

1109 1307 1171 1337 Dat.
1190 1309 1236 1338 die
1254 1308 1292 1338 ⁶24
1315 1309 1413 1338 martii
1437 1317 1514 1338 anno
1532 1308 1649 1339 Domini
1671 1309 1866 1348 595,Grego-

1149 1348 1186 1377 rii
1202 1348 1257 1377 PP.
1275 1357 1351 1378 anno
1367 1357 1393 1385 v,
1411 1358 1460 1387 quo
1478 1358 1548 1377 anno
1571 1349 1661 1378 habita
1682 1350 1736 1388 fuit
1748 1359 1867 1386 seinana

1149 1388 1274 1425 synodus,
1297 1388 1325 1417 in
1348 1398 1399 1427 qua
1426 1388 1581 1418 Μαι-ιήἱαηο
1603 1389 1721 1428 pallium
1750 1398 1864 1419 conces-

1149 1437 1209 1456 sum
1230 1431 1279 1456 est.

1444 1533 1528 1568 VIII.

1115 1606 1230 1650 Viyt'lt'o
1256 1606 1434 1639 Arelatensi
1458 1606 1534 1639 vices
1567 1605 1755 1649 apostolicae
1787 1605 1866 1638 seclis

1157 1656 1191 1688 in
1235 1667 1329 1700 rayno
1371 1655 1556 1688 childeberti
1575 1655 1707 1688 iunioris
1737 1655 1869 1688 Austra-

1158 1706 1272 1737 tt‘orttm
1293 1705 1374 1748 rreyt's
1401 1705 1555 1737 coneedit:
1577 1704 1789 1747 nonnullaque
1806 1715 1870 1736 mo-

1156 1760 1205 1786 net
1226 1755 1262 1786 (Ic
1283 1755 1454 1787 simoniaca
1492 1754 1560 1786 labe
1587 1753 1782 1797 prohibenda
1796 1779 1806 1796 ,
1832 1765 1868 1786 ac

1153 1803 1249 1847 pallii
1268 1815 1326 1836 usu
1348 1806 1406 1846 (l).

1382 1871 1597 1902 SUMMARIUM

1108 1934 1300 1965 Prooemium.
1315 1951 1357 1957 —
1371 1933 1530 1964 Vinculum
1554 1932 1719 1962 charitatis.
1730 1932 1863 1961 —Pallii

1147 1974 1311 2004 concessio.
1332 1991 1373 1996 —
1396 1973 1467 2003 Cum
1500 1974 1595 2003 honor
1626 1973 1741 2006 crescit,
1775 1972 1863 2001 debet

1147 2015 1235 2044 etiam
1255 2014 1413 2043 solicitudo
1434 2012 1687 2052 proficere—De
1703 2012 1866 2041 ordinatio-

1147 2054 1295 2083 nIbus.—
1309 2053 1507 2083 Sacerdotalis
1541 2052 1612 2082 ordo
1644 2052 1725 2091 intus
1754 2051 1864 2080 cadens

1147 2094 1218 2123 foris
1237 2094 1287 2123 (liu
1307 2097 1385 2122 stare
1403 2102 1461 2122 non
1477 2095 1583 2130 potest.
1599 2108 1641 2114 —
1657 2091 1696 2120 De
1715 2091 1865 2120 Simonia-

1147 2133 1251 2162 cis.——
1266 2132 1397 2162 Simonia
1416 2132 1511 2171 prima
1532 2131 1674 2161 haeresis.
1692 2147 1732 2152 —
1749 2130 1789 2159 De
1811 2130 1866 2159 lai—

1148 2173 1192 2202 cis
1215 2182 1274 2202 non
1291 2172 1388 2201 subito
1415 2171 1598 2201 ordinandis.
1615 2187 1655 2192 —
1672 2169 1776 2199 Vicum
1797 2178 1868 2208 apo-

1147 2212 1317 2242 stolicarum
1337 2211 1494 2249 delegatio,
1510 2227 1550 2232 —
1573 2210 1612 2239 De
1635 2209 1717 2248 pallii
1742 2218 1808 2238 usu.
1827 2225 1868 2230 —

1146 2252 1185 2282 De
1204 2252 1305 2281 causis
1328 2252 1536 2291 episcoporum
1555 2249 1770 2279 examinandis.

1198 2318 1342 2354 Gregorius
1360 2317 1459 2352 Vigitio
1479 2316 1605 2352 episcopo
1625 2314 1778 2343 Arelatensi

1157 2380 1185 2415 Ο
1200 2385 1295 2427 quam
1317 2380 1401 2415 bona
1422 2387 1471 2414 est
1497 2379 1622 2422 caritas,
1643 2389 1723 2424 quac
1751 2376 1866 2410 absen-

1107 2430 1149 2465 tia
1173 2442 1228 2477 per
1250 2430 1432 2476 imaginem,
1456 2428 1634 2476 praesentia
1656 2426 1866 2471 sibimetipsis

1108 2480 1234 2515 exhibet
1256 2491 1311 2526 per
1337 2490 1489 2518 amorem,
1509 2477 1608 2512 divisa
1631 2476 1710 2515 unit,
1733 2475 1863 2511 confusa

1107 2529 1245 2569 ordinat,
1268 2528 1443 2575 inaequalia
1465 2527 1573 2566 sociat,
1596 2525 1778 2572 imperfecta
1793 2536 1866 2558 con-

1107 2585 1257 2613 summat.
1279 2578 1384 2619 Quam
1402 2585 1484 2611 recte
1504 2575 1701 2622 praedicator
1716 2573 1865 2621 egregius

1109 2627 1271 2662 vinculum
1295 2626 1498 2673 perfectionis
1525 2632 1630 2659 vocat:
1657 2624 1732 2672 quia
1765 2623 1865 2657 virtu-

1145 2689 1184 2724 (t)
1201 2688 1315 2723 Registr.
1334 2687 1378 2714 tib.
1396 2695 1424 2720 v,
1446 2687 1496 2723 Ep.
1517 2693 1575 2714 ιιιι.

1894 308 1946 336 An.
1975 308 2002 336 C.
2028 308 2079 336 52³5

1924 2380 2064 2402 Prnoemiuni.

1892 2572 1938 2591 Vim
1948 2571 2004 2591 ntum
2027 2572 2075 2594 vlia.

1890 2612 1963 2629 rituti}
