2237 3127
207 313 257 340 Au,
280 312 309 340 C.
335 314 389 341 526

226 636 234 645 ,ν
264 626 387 647 obediontia

219 663 243 683 ab
261 663 371 691 vprscopit

218 709 221 719 i
263 699 385 727 prestanda.

260 890 385 912 aitrdendo

201 926 226 946 «ιλ
265 925 385 947 «ancilium

201 960 286 989 quitando
321 961 386 983 stiorit

201 996 226 1016 «h
244 996 315 1018 Ani-clv
331 1004 385 1018 con-

469 304 540 341 15¹1!ss

1001 311 1189 336 BULLARIUM
1214 312 1378 337 ROMANUM

418 372 574 411 universa,
595 380 675 417 quae
700 366 767 403 Deo
786 366 928 416 placeant
949 379 1040 414 posse
1066 379 1161 402 com·-
1201 379 1277 413 ruga
1299 376 1329 403 et
1355 366 1476 403 macula
1495 379 1678 415 permanere
1703 369 1755 411 (a).
1776 366 1863 404 Deus
1890 381 1944 405 vos

417 421 520 467 plcre;
555 427 585 454 et
619 418 752 452 maxime
783 429 854 452 cum
890 416 1045 463 gloriosus
1076 415 1160 451 filius

415 477 521 503 noster
564 466 788 501 Childebertus
838 478 893 501 rex
943 465 1159 500 testimonium

416 518 514 552 bonae
548 515 759 551 conscientiae
795 527 853 563 pro
885 515 1052 550 christiana
1084 526 1159 550 suae

414 566 585 600 voluntatis
617 565 783 600 devotione
835 564 1004 612 perhibuit.
1026 564 1160 610 Oportet

413 627 488 661 ergo
510 614 694 649 charitatem
729 622 863 649 vestram
890 613 918 648 ei
945 613 978 647 in
999 613 1158 655 omnibus,

412 676 492 710 quae
513 663 643 698 servatis
664 675 719 710 per
743 670 856 698 cuncta
878 662 1054 698 canonibus
1073 662 1159 697 salu-

413 713 510 748 briter
530 713 706 748 secundum
728 720 906 748 nostrorum
933 712 1058 747 delinita
1086 724 1159 747 ma-

413 762 514 796 iorum
548 773 604 809 pro
639 770 744 796 nostra
770 762 953 797 auctoritate
983 761 1157 803 censuerit,

413 811 563 858 praebere
597 810 806 846 obedientiam
844 818 1085 858 competentem.
1118 810 1158 845 Et

412 861 484 907 quia
512 860 643 895 omnino
670 873 798 896 necesse
824 868 882 901 est,
910 867 943 894 ut
977 872 1033 906 pro
1054 859 1158 894 diver-

411 911 453 944 sis
474 922 546 945 cum
570 909 715 944 fratribus
741 910 809 944 Deo
828 909 951 944 iuvante
977 909 1156 954 tractandis,

411 960 545 999 statutis,
577 959 719 1006 aptisque
754 959 949 1006 temporibus
987 958 1157 1005 episcopo--

412 1021 481 1042 rum
506 1008 661 1056 synodum
676 1007 787 1043 debeat
808 1019 1014 1054 congregare,
1041 1007 1156 1042 idcirco

412 1058 569 1104 praesenti
592 1057 776 1092 auctoritate
797 1069 975 1100 censemus,
998 1064 1032 1091 ut
1051 1056 1156 1091 nullus

412 1106 467 1140 ubi
493 1114 547 1141 aut
569 1106 696 1153 quando
735 1106 949 1150 constituerit,
983 1117 1016 1140 se
1043 1105 1156 1140 audeat

411 1167 572 1193 excusare,
596 1164 724 1202 excepta
736 1155 925 1190 infirmitatis
943 1167 1047 1194 causa,
1061 1167 1154 1202 quam

412 1205 550 1239 bumana
573 1216 634 1238 non
663 1212 762 1250 potest
783 1204 899 1239 evitare
920 1203 1081 1249 fragilitas,
1103 1212 1156 1238 aut

411 1261 495 1289 certe
522 1265 615 1300 quem
638 1252 752 1299 dignae
773 1253 983 1288 excusationis
1006 1253 1082 1287 ratio
1110 1252 1156 1287 se-

410 1303 487 1338 cerit
516 1315 577 1337 non
605 1303 723 1337 venire.
759 1301 916 1337 Omnibus
949 1301 1155 1337 nihilominus

410 1352 606 1393 scientibus,
636 1351 721 1398 quod
755 1351 900 1387 Christus
929 1351 1097 1391 Dominus,
1125 1359 1155 1386 et

409 1401 551 1436 Salvator
577 1409 684 1436 noster
705 1401 756 1448 pia
790 1401 985 1435 institutione
1013 1413 1155 1445 pronun-

409 1451 483 1491 ciat,
506 1450 630 1485 dieens:
650 1450 732 1492 Quia
758 1450 783 1485 si
812 1450 874 1485 duo
901 1462 937 1485 ex
968 1449 1056 1484 vobis
1077 1462 1155 1485 con-

410 1500 565 1534 senserint
579 1508 813 1546 superterram,
826 1499 864 1534 de
879 1500 964 1534 omni
984 1510 1028 1543 rc,
1044 1511 1155 1545 quam-

410 1560 545 1595 cumque
570 1549 736 1596 petierint,
768 1548 821 1584 fiet
853 1548 913 1583 illis
933 1561 950 1583 a
971 1547 1064 1583 Patre
1085 1560 1155 1583 meo

411 1598 465 1645 qui
488 1605 535 1633 est
563 1598 593 1632 in
615 1598 713 1633 coelis
735 1602 785 1642 (a).
813 1597 1090 1639 Quemadmodum
1105 1609 1156 1632 au-

409 1655 472 1681 tem
496 1648 568 1694 quis
589 1647 662 1691 sibi,
685 1659 764 1694 quae
786 1647 934 1694 postulat,
949 1646 1048 1681 eredit
1063 1659 1154 1694 posse

409 1696 552 1740 concedi,
579 1696 605 1731 si
644 1692 894 1741 congregationis
933 1696 1003 1743 quis
1029 1705 1154 1731 sanctae

410 1754 622 1789 conventum,
663 1745 714 1779 ubi
753 1745 908 1780 Dominus
946 1746 1154 1792 praesentiam

410 1807 499 1829 suam
522 1794 667 1842 promisit
689 1794 791 1829 modis
805 1793 952 1829 omnibus
965 1794 1154 1835 adfuturam,

410 1844 478 1879 sine
499 1843 601 1891 aliqua
623 1852 724 1879 rectae
755 1843 966 1878 excusationis
992 1856 1086 1878 causa
1109 1843 1155 1878 vi-

411 1901 476 1927 tare
498 1892 686 1928 crediderit?
705 1892 769 1927 Sed
790 1893 871 1928 sicut
887 1892 1011 1939 praefati
1033 1905 1154 1934 sumus,

410 1943 437 1977 si
465 1942 545 1977 iusta
572 1954 665 1977 causa
691 1942 777 1977 illum
814 1942 852 1977 ad
879 1942 1041 1990 Synodum
1064 1942 1155 1977 fuerit

412 2004 477 2026 non
505 1992 622 2032 venire,
643 2003 701 2038 pro
721 2003 755 2026 se
777 2000 829 2026 aut
854 1992 1081 2039 presbyterum,
1101 2000 1154 2026 aut

413 2040 582 2075 diaconum
601 2040 757 2075 destinare
783 2053 847 2076 non
873 2040 1010 2076 differat:
1039 2049 1155 2088 quate-

412 2102 473 2124 nus
499 2102 579 2137 quae
601 2089 717 2125 fuerint
731 2090 911 2135 constituta,
933 2102 989 2137 per
1006 2103 1060 2126 eos
1081 2103 1155 2137 pos-

411 2140 451 2173 sit
469 2151 642 2185 agnoscere
676 2148 706 2174 et
732 2139 858 2174 delinita
884 2139 1054 2187 complere.
1080 2140 1153 2174 Pari

412 2190 595 2223 auctoritate
634 2188 835 2230 mandantes,
872 2196 906 2224 ut
949 2189 1056 2224 nullus
1087 2189 1156 2224 sine

411 2237 561 2284 praedicti
596 2237 725 2272 formata
763 2238 802 2273 ad
837 2238 1055 2285 longinquiora
1087 2238 1155 2273 loca

411 2286 525 2321 audeat
546 2286 716 2334 proficisci:
745 2288 927 2334 praesertim
949 2288 1020 2334 quia
1047 2295 1076 2323 et
1100 2287 1156 2323 de-

412 2348 571 2370 cessorum
608 2343 786 2371 nostrorum
819 2337 1039 2372 decessoribus
1071 2337 1155 2382 eius,

411 2384 529 2432 quibus
546 2386 630 2419 vices
651 2397 723 2420 suas
756 2386 952 2420 commisisse
983 2387 1156 2433 praeteritis

413 2434 607 2481 temporibus
629 2434 820 2481 releguntur,
842 2437 887 2469 sic
908 2434 1062 2470 definiunt
1090 2445 1155 2471 sta-

411 2491 493 2525 tuta;
516 2492 549 2518 ut
571 2483 620 2517 his
640 2484 788 2519 omnibus
809 2483 986 2519 obedientia
1007 2484 1074 2520 Deo
1096 2485 1155 2531 pla-

413 2532 473 2567 cita
495 2532 670 2578 custoditis,
687 2545 745 2581 pax
756 2532 970 2568 Ecclesiarum
985 2534 1086 2568 stabili
1102 2534 1156 2569 lir-

411 2582 519 2616 mitate
542 2582 699 2629 persistat,
727 2591 757 2618 et
783 2584 866 2617 sicut
884 2582 993 2617 doctor
1013 2584 1154 2629 gentium

411 2630 484 2664 dicit
508 2631 688 2676 Apostolus,
710 2631 851 2669 Ecclesia
887 2631 945 2668 Dei
966 2633 1065 2681 possit
1085 2634 1154 2669 sine

446 2690 656 2726 mamma&

1200 415 1374 452 incolumes
1395 417 1560 459 custodiat,
1583 417 1691 452 fratres
1712 417 1873 453 carissimi.

1418 581 1670 631 PELAGlUS
1717 581 1731 630 l

1479 668 1573 698 PAPA
1595 668 1664 698 LXII

1270 732 1364 765 Anno
1389 742 1478 765 aerae
1509 730 1622 764 Christi
1641 743 1747 765 comm.
1767 731 1868 767 DLV.

1200 805 1384 892 Pelagius,
1400 845 1527 880 natione
1543 858 1702 891 romanus⁷
1716 846 1799 882 filius
1813 847 1941 883 Ioannis

1198 894 1372 935 Vicariani,
1407 895 1525 930 electus
1556 894 1608 930 die
1640 897 1683 930 16
1717 896 1826 943 aprilis
1856 909 1940 932 anno

1199 946 1280 985 555,
1301 943 1464 979 ordinatur
1488 944 1629 991 pontifex
1649 945 1804 980 maximus
1818 945 1869 980 die
1882 946 1940 981 do-

1197 993 1312 1028 minica
1337 994 1480 1039 sequenti
1499 995 1543 1028 18
1560 993 1678 1029 mensis
1700 994 1855 1034 eiusdem,
1869 1005 1941 1042 post

1197 1053 1282 1077 cons.
1305 1042 1411 1077 Basilii
1438 1042 1503 1078 iun.
1543 1050 1653 1090 quater
1678 1050 1708 1078 et
1730 1043 1846 1078 decies.
1880 1043 1941 1079 Se-

1196 1091 1243 1125 dit
1267 1104 1367 1127 annos
1392 1103 1438 1133 ιν,
1460 1103 1560 1127 mens.
1586 1105 1622 1133 x,
1656 1092 1724 1127 dies
1750 1105 1851 1134 xvm,
1882 1093 1941 1128 sub

1196 1140 1368 1176 Iustiniano
1405 1141 1487 1187 Aug.
1518 1141 1650 1176 Duabus
1689 1141 1941 1177 ordinationibus

1196 1190 1311 1224 creavit
1331 1190 1527 1238 presbyteros
1548 1190 1655 1237 viginti
1693 1203 1759 1232 sex,
1791 1191 1941 1226 diaconos

1197 1250 1321 1283 novem,
1344 1239 1511 1286 episcopos
1536 1251 1592 1286 per
1625 1239 1747 1275 diversa
1768 1240 1837 1275 loca
1859 1253 1941 1287 qua-

1196 1286 1337 1333 draginta
1363 1299 1487 1329 novem;
1514 1288 1591 1323 obiit
1612 1288 1664 1323 die
1697 1291 1719 1322 2
1740 1289 1841 1323 martii
1858 1301 1942 1325 anno

1197 1337 1279 1381 560,
1301 1344 1372 1383 post
1407 1336 1607 1372 consulatum
1632 1337 1741 1372 Basilii
1779 1337 1845 1372 iun.
1868 1350 1940 1378 xlx,

1195 1386 1400 1433 sepultusque
1438 1393 1485 1421 est
1510 1386 1542 1421 in
1580 1386 1708 1422 basilica
1736 1386 1773 1421 B.
1807 1387 1892 1423 Petri
1919 1391 1941 1422 4

1196 1447 1294 1469 nonas
1336 1434 1477 1470 eiusdem
1519 1436 1648 1471 mensis.
1688 1435 1817 1472 Vacavit
1848 1436 1940 1472 sedes

1196 1496 1321 1519 menses
1341 1496 1392 1526 111,
1420 1484 1489 1520 dies
1509 1497 1592 1519 xxv.

1195 1614 1346 1658 Sapaudo
1367 1614 1539 1648 Arelatensi
1557 1615 1635 1648 vices
1660 1614 1844 1660 apostolicae
1862 1615 1940 1649 sedis

1244 1664 1276 1696 in
1312 1663 1419 1697 Gallia
1444 1664 1575 1708 deleyat,
1605 1665 1755 1709 palliique
1775 1676 1864 1699 usam
1880 1665 1940 1698 im-

1239 1713 1373 1757 pertitur
1398 1713 1455 1756 (4).

1458 1781 1671 1813 SUMMARIUM
1799 1825 1801 1828 Α

1195 1843 1341 1883 Antiquos
1359 1852 1422 1874 mos
1440 1844 1639 1874 constituendi
1664 1845 1788 1875 vicarios
1819 1850 1940 1884 aposto-

1234 1884 1306 1914 licos
1323 1893 1376 1922 per
1401 1884 1575 1922 provincias.
1603 1901 1644 1906 —
1669 1884 1709 1914 Ex
1739 1895 1772 1915 ea
1801 1885 1940 1923 dignitate

1234 1923 1347 1953 relucet
1374 1924 1516 1962 primatus
1546 1932 1684 1954 romanae
1714 1924 1875 1954 Ecclesiae.
1902 1941 1942 1948 —

1234 1962 1388 2002 Sapaudus
1399 1963 1525 1993 vicarius
1538 1964 1715 2002 apostolicae
1734 1964 1822 1994 sedis.
1832 1964 1940 1994 —Ad-

1235 2003 1360 2032 hortatio
1382 2003 1418 2032 ad
1448 2003 1593 2032 eumdem.
1610 2020 1650 2026 —
1668 2003 1826 2034 Concessio
1849 2004 1940 2043 pallii.

1233 2041 1318 2072 —De
1329 2041 1496 2072 obedientia
1509 2042 1545 2072 ab
1561 2043 1707 2083 episcopis
1718 2044 1744 2073 ei
1757 2043 1940 2083 praestanda.

1281 2108 1461 2138 Dilectissimo
1479 2107 1564 2138 fratri
1582 2109 1702 2145 Sapaudo
1719 2110 1853 2146 Pelagius.

1243 2179 1398 2214 Malorum
1421 2187 1612 2220 nostrorum,
1627 2187 1777 2227 operante
1798 2180 1857 2216 Dei
1878 2181 1941 2216 mi-

1195 2229 1373 2271 sericordia,
1410 2229 1575 2276 cupientes
1596 2229 1759 2265 inhaerere
1786 2230 1940 2277 vestigiis,

1195 2286 1226 2313 et
1250 2290 1359 2313 eorum
1385 2285 1473 2313 actus
1499 2277 1605 2313 divino
1627 2278 1784 2315 iuvamine
1810 2279 1843 2314 in
1864 2291 1941 2314 om-

1184 2327 1289 2362 inibus
1310 2327 1435 2372 imitari,
1457 2327 1597 2363 charitati
1625 2336 1696 2363 tuae
1734 2340 1791 2377 per
1812 2328 1941 2364 univer-

1195 2389 1262 2412 sam
1287 2375 1434 2417 Galliam,
1461 2384 1585 2412 sanctae
1623 2377 1708 2413 sedis
1738 2377 1939 2426 apostolicae,

1196 2426 1244 2461 cui
1266 2424 1371 2460 divina
1383 2425 1480 2472 gratia
1496 2425 1720 2473 praesidemuS,
1734 2426 1940 2462 vieesfiniun-

1195 2475 1309 2522 gimus.
1343 2474 1412 2510 Hoc
1438 2474 1522 2510 enim
1557 2475 1751 2523 antiquitatis
1787 2476 1938 2512 memoria

1196 2524 1298 2565 docet,
1319 2523 1380 2559 hoc
1390 2523 1484 2559 etiam
1499 2532 1792 2560 romanatestantur
1811 2525 1938 2571 scrinia,

1196 2586 1212 2609 a
1233 2573 1350 2609 sanctis
1371 2573 1528 2616 Patribus,
1542 2582 1572 2609 et
1589 2574 1809 2610 decessoribus
1822 2575 1938 2610 nostris

1231 2693 1270 2730 (t)
1285 2692 1383 2731 Ephes.
1402 2693 1429 2723 ὅ.
1466 2693 1508 2731 (α)
1524 2694 1564 2722 Ex
1579 2694 1659 2723 Cone.
1676 2697 1740 2724 tom.
1758 2701 1796 2723 vr.

1977 313 2029 342 An.
2052 314 2079 342 C.
2107 315 2157 341 555

1968 2493 2076 2524 Antiqui-ts
2102 2501 2149 2515 mo·

1986 2529 2134 2552 constituendi

1966 2565 2062 2588 vicario·
2093 2572 2149 2595 apo-

1233 2623 1239 2629 ·
1431 2622 1437 2629 ‚
1902 2625 1908 2630 ¹
1965 2600 2057 2623 stolicos
2110 2609 2150 2631 per

1197 2631 1258 2658 tuis
1282 2622 1500 2659 decessoribus
1536 2636 1604 2659 esse
1628 2635 1826 2667 concessum,
1848 2632 1881 2660 ut
1901 2625 1939 2661 tl·
1965 2637 2100 2668 provincius.
