2237 3127
169 305 221 332 Au.
245 304 272 332 C.
298 305 349 332 (3119
1940 295 1996 323 An.
2019 293 2048 322 C.
2073 292 2125 320 649

426 300 499 336 200

377 367 496 402 viscera
520 361 755 399 misericordiae
785 361 914 397 coelesti
941 361 1026 408 gregi
1048 364 1148 428 con-i

380 422 560 451 numeraret
589 416 642 457 (a).
670 412 734 447 Sed
756 411 1028 458 longanimitatem
1055 409 1128 445 sub·
1145 439 1148 476 ὅ
1167 417 1337 444 struxeras,
1376 408 1478 443 Verba
1516 408 1602 443 enim
1643 408 1912 444 fraudulentorum

376 465 557 503 stinuimus,
597 474 656 497 nec
694 474 828 508 poenam
864 460 1049 503 infliximus,
1071 472 1126 494 ac-
1145 484 1148 512 ἔ
1168 459 1297 499 mollia,
1324 466 1354 493 et
1381 458 1496 492 feriunt
1531 458 1640 492 intima
1676 458 1832 493 viseerum
1859 463 1912 504 (a).

375 514 474 559 ceptis
515 511 763 546 misericorditer
808 510 959 558 precibus
999 508 1124 543 Phitani
1146 518 1148 525 ⁸
1167 508 1233 543 Nee
1254 507 1398 543 audivisti
1422 508 1599 542 dicentem:
1622 507 1684 549 Qui
1703 507 1780 543 fodit
1793 508 1914 543 foveam

375 562 528 609 episcopi,
551 569 582 596 et
603 561 713 607 Ignatii
737 560 861 595 diaconi
890 567 1014 594 tuorum
1041 570 1126 605 apo-
1169 557 1311 603 proximo
1338 556 1454 591 incidet
1487 557 1518 591 in
1545 569 1625 596 eam,
1666 564 1696 591 et
1735 558 1788 605 qui
1821 558 1915 592 volvit

948 305 1136 330 BULLARlUM
1164 305 1329 329 ROMANUM

1170 359 1344 407 periculum
1382 357 1489 404 adire,
1523 355 1609 406 quod
1635 357 1674 394 iis
1699 357 1914 395 fraudulenter

170 400 192 420 ln
220 398 351 427 longanimi-

169 439 244 459 tatem,
263 442 287 455 cc
311 434 350 454 rui-

184 469 325 492 serirordiam

168 507 298 535 propensior
323 507 350 525 λ-

169 542 275 570 postolira
312 541 350 561 Sc-

168 577 215 605 des,
241 584 303 606 quam
329 576 349 596 in

167 612 312 634 severitatem.

168 1173 245 1197 Pantu-
263 1174 352 1196 Romam

169 1214 260 1232 vocatus
278 1215 310 1231 est
329 1213 352 1231 ut

168 1253 191 1267 se
208 1245 234 1267 ab
259 1245 352 1267 obiectis

169 1285 310 1311 expurgat-eu

171 1618 213 1640 Sed
234 1621 354 1648 apocrisia-

173 1655 218 1676 rios
258 1657 355 1685 Aposto-

171 1689 227 1712 licae
294 1692 355 1714 Sedit

174 1726 279 1755 corrupit.

375 612 601 655 crisiariorum,
623 610 676 657 qui
700 610 835 644 maxime
850 609 1075 652 asseverarent,
1096 615 1127 642 et
1146 623 1148 638 2
1167 606 1316 654 lapidem,
1344 606 1374 640 iu
1401 606 1540 653 seipsum
1581 605 1677 641 volvit
1701 608 1751 651 (b).
1786 606 1910 653 Lingua

374 660 576 704 affirmarent,
602 659 759 694 eiusmodi
790 659 950 693 literarum
978 657 1126 692 involun-

375 710 486 745 tariam
509 722 578 745 esse
605 709 845 756 abreptionem,
867 720 926 743 nec
952 707 1066 742 mentis
1092 718 1127 742 ac

373 766 477 795 certae
507 759 680 794 sententiae
707 770 788 805 opus
809 769 879 792 esse
905 757 989 792 illam
1013 756 1127 791 absur-

374 808 505 843 ditatem
527 808 682 854 dogmatis
708 808 763 842 tui.
792 806 886 842 Unde
917 814 948 842 et
980 805 1127 841 dicebant

373 858 491 899 statim,
513 870 548 893 ac
570 858 638 892 sine
660 869 747 892 mora
768 868 784 891 a
807 857 914 904 peiore
929 855 1075 902 dogmate
1094 856 1125 890 in

374 1006 567 1049 nuissemus,
609 1006 700 1039 euius
727 1005 771 1039 rei
805 1016 899 1039 causa
931 1016 989 1039 nos
1013 1003 1126 1038 hortati

377 1063 463 1100 sunt,
495 1064 530 1090 ut
562 1055 618 1089 tibi
650 1054 903 1099 ostenderemus,
930 1065 989 1088 nos
1020 1065 1068 1093 ea,
1095 1054 1125 1087 in

375 1105 491 1152 quibus
526 1105 634 1150 lapsus
668 1116 714 1147 es,
740 1111 878 1148 notasse,
905 1102 991 1149 quod
1019 1103 1127 1149 utique

375 1166 432 1202 per
445 1153 663 1201 apocrisiarios
684 1161 810 1187 nostros
832 1151 965 1187 fecimus
991 1152 1127 1198 rigorem

378 1203 509 1238 canonis
542 1214 598 1250 per
633 1203 793 1237 caritatem
820 1201 1012 1242 omittentes,
1035 1208 1128 1248 teque

376 1253 580 1288 adhortantes
602 1264 663 1287 non
686 1259 790 1286 tamen
808 1250 1038 1298 praecipientes
1058 1262 1128 1284 om-

378 1302 455 1337 nino
481 1309 629 1349 tanquam
665 1301 806 1335 subiecto
840 1300 915 1335 huic
939 1299 1129 1347 apostolicae

378 1351 459 1395 sedi,
484 1360 516 1386 ut
537 1351 599 1386 huc
622 1351 756 1391 venires,
783 1358 876 1396 teque
897 1349 1047 1384 canonice
1068 1361 1128 1383 ex—

379 1412 530 1449 purgares
544 1400 583 1435 de
598 1400 658 1441 his,
673 1412 754 1447 quae
768 1400 856 1434 initio
879 1399 1046 1433 creationis
1057 1406 1128 1433 tuae

379 1462 444 1485 non
467 1450 518 1497 pie
540 1450 686 1485 docuisti.
710 1449 772 1484 Sed
795 1448 984 1490 curavimus,
1017 1448 1128 1494 inquit,

379 1499 588 1547 Babylonem,
623 1506 653 1533 et
679 1511 742 1533 non
764 1505 811 1532 est
837 1505 941 1532 sanata
965 1499 1019 1541 (b):
1048 1509 1129 1543 quo-

380 1548 465 1583 niam
497 1548 636 1594 pervenit
659 1560 759 1595 usque
780 1547 819 1582 ad
846 1546 953 1581 coelos
979 1546 1128 1580 iudicium

381 1598 461 1633 eius.
495 1598 566 1633 Non
602 1598 704 1632 solum
732 1597 817 1631 enim
844 1596 911 1643 ipse
937 1596 1131 1630 incorrectus

380 1647 536 1687 mansisti,
560 1647 616 1682 sed
638 1654 829 1681 memoratos
842 1645 1061 1692 apocrisiarios
1073 1657 1131 1679 no-

382 1705 465 1732 stros
499 1696 672 1743 decepisti,
701 1695 793 1741 idque
825 1706 899 1740 erga
930 1705 985 1728 eos
1018 1693 1130 1737 fecisti,

381 1745 465 1794 quod
479 1753 601 1781 astutus
612 1756 745 1792 serpens
758 1744 832 1778 fecit
853 1743 1003 1777 adversus
1016 1743 1130 1783 Adam,

381 1796 577 1830 desertorem
601 1806 662 1829 uua
688 1806 798 1829 secum
824 1805 896 1828 eum
923 1793 1131 1832 constituens,

381 1847 434 1893 qui
463 1858 481 1880 a
502 1844 640 1879 Domino
675 1843 858 1878 mandatum
885 1850 1058 1889 acceperat.
1084 1841 1131 1876 Tu

383 1894 469 1930 enim
501 1893 598 1929 simili
620 1893 714 1928 modo
743 1901 776 1927 ut
801 1904 932 1938 serpens
958 1904 1012 1926 eos
1040 1891 1133 1925 indu·

383 1944 456 1978 xisti
471 1956 506 1978 ac
522 1943 715 1990 persuasisti,
731 1951 763 1976 ut
775 1941 981 1976 extenderent
992 1953 1133 1985 manum,

385 2005 422 2028 ac
445 2005 501 2041 pro
523 2004 560 2027 eo
579 2000 613 2027 ut
633 2000 782 2039 caperent
802 1991 841 2025 de
862 1991 979 2038 scripto
1014 1999 1133 2029 nostro,

385 2042 425 2078 ad
463 2051 492 2077 te
524 2042 556 2076 in
592 2041 723 2076 modum
751 2041 902 2075 formulae
936 2040 1045 2083 misso,
1071 2051 1134 2074 non

385 2092 503 2127 malum
518 2091 689 2139 quendam,
708 2099 737 2126 et
759 2091 975 2138 promiscuum
993 2097 1134 2135 gustum,

387 2149 423 2176 ut
450 2141 536 2181 illic,
569 2140 651 2175 idest
677 2140 716 2175 de
737 2140 822 2186 ligno
854 2139 1134 2185 transgressionis,

385 2190 442 2225 sed
465 2202 589 2238 puram,
615 2198 647 2225 et
667 2190 822 2225 sinceram
856 2197 1040 2224 sanctorum
1074 2188 1136 2222 Pa·-

387 2247 471 2274 trum
497 2239 751 2274 consessionem:
790 2239 871 2273 hanc
909 2238 992 2273 enim
1026 2237 1075 2285 pie
1108 2237 1135 2272 ei

389 2289 509 2335 scripto
537 2288 729 2322 inseruimus
751 2287 790 2322 ad
811 2288 935 2322 animae
968 2295 1039 2322 tuae
1066 2299 1138 2322 cor-

389 2339 578 2373 rectionem:
606 2345 640 2371 tu
661 2349 728 2372 eam
751 2349 768 2372 a
790 2345 820 2372 te
842 2337 996 2383 repulisti,
1017 2348 1138 2384 proque

389 2399 426 2422 ea
452 2386 628 2422 adulterine
650 2386 811 2421 subiecisti
837 2386 1040 2421 absurditatis
1067 2394 1138 2420 tuae

389 2436 577 2480 doctrinam,
604 2448 667 2483 quo
689 2447 816 2470 manum
839 2435 1032 2479 adiicerent,
1059 2447 1138 2482 quac

389 2487 520 2521 omnino
537 2485 591 2520 tibi
615 2497 677 2520 non
692 2485 894 2532 profueruut3
918 2484 1041 2520 tametsi
1055 2486 1139 2519 visus

390 2547 425 2570 es
445 2547 500 2570 eos
523 2535 646 2570 irretire
668 2535 775 2569 multis
789 2534 987 2568 sermonibus
1005 2542 1035 2569 et
1053 2533 1141 2568 blan-

391 2584 477 2619 ditiis
504 2584 658 2619 labiorum
683 2584 860 2631 protraxisti
883 2595 951 2624 eos,
972 2591 1003 2618 at
1030 2583 1072 2617 illi
1100 2583 1142 2618 le-

392 2635 485 2669 vitate
507 2634 578 2668 elati
601 2634 702 2669 secuti
724 2641 809 2675 suut,
825 2634 1002 2670 nescientes
1019 2633 1140 2669 animae

427 2690 468 2727 (a)
484 2692 546 2718 Luc.
571 2692 610 2718 ¹5.
650 2690 689 2727 (b)
705 2691 798 2719 terem.
817 2691 861 2719 51.

1167 667 1254 691 enim.
1275 655 1409 690 mendax
1432 655 1498 690 odit
1520 655 1695 690 veritatem:
1718 668 1753 690 os
1776 669 1847 691 vero
1865 657 1915 691 in-

1166 705 1357 740 custoditum
1385 705 1458 739 facit
1484 705 1601 740 ruinas.
1628 704 1797 747 Quomodo
1819 706 1916 752 igitur

1166 767 1239 790 cum
1277 755 1354 789 haec
1389 755 1579 801 perpetraris
1617 754 1650 789 in
1691 755 1797 802 ipsos,
1824 763 1854 790 et
1881 755 1911 790 iu

1167 804 1347 851 exemplum
1360 803 1511 839 formulae
1527 804 1755 851 praescriptum
1775 817 1792 839 a
1813 804 1915 845 nobis,

1146 861 1197 904 3⁸¹
1226 866 1280 900 per
1312 853 1396 900 ipsos
1423 853 1460 887 ad
1494 861 1523 889 te
1549 853 1680 888 missum
1716 853 1853 895 hortatu,
1880 862 1915 889 ut

373 907 488 942 melius
502 907 708 942 mutationem
732 907 763 940 in
786 913 816 940 te
837 906 921 947 fore,
944 905 969 940 si
991 912 1022 940 te
1040 905 1125 939 iuxta
1147 909 1148 952 ζ

373 956 501 992 illorum
526 956 719 1003 postulatum
746 955 786 990 de
812 967 850 990 eo
876 962 1018 990 amanter
1054 953 1149 989 mo-³

1168 902 1287 937 dietum
1310 910 1368 943 est,
1384 911 1508 937 tuorum
1531 903 1817 949 apocrisiariorum,
1839 915 1918 938 con-

1168 953 1295 987 stituisti
1322 952 1359 986 ad
1383 965 1440 986 nos
1462 952 1612 997 scribere,
1640 961 1668 987 te
1696 952 1798 998 ipsum
1821 952 1917 987 deci-

1169 1001 1270 1049 piens,
1294 1014 1355 1036 non
1379 1001 1470 1036 uobis
1496 1001 1664 1049 obrepens.
1692 1001 1811 1037 Idcirco
1838 1014 1915 1037 cer-

1169 1051 1264 1086 tiores
1291 1051 1422 1086 facimus
1450 1059 1562 1097 patres,
1590 1051 1644 1098 qui
1672 1051 1789 1099 ubique
1811 1059 1918 1086 terra-

1168 1113 1238 1135 rum
1274 1108 1358 1145 suut,
1386 1100 1470 1147 quod
1497 1113 1544 1145 ea,
1571 1112 1650 1148 quae
1683 1101 1746 1136 visa
1779 1108 1852 1136 sunt
1878 1101 1917 1136 ad

1168 1149 1315 1184 effectum
1339 1150 1558 1197 perducentes,
1581 1150 1665 1187 omni
1693 1149 1798 1185 studio
1812 1163 1919 1197 expo-

1168 1199 1290 1233 suimus
1317 1207 1456 1234 nostram
1482 1199 1514 1234 in
1543 1199 1679 1234 Domino
1713 1200 1818 1234 tidem.
1853 1199 1918 1234 Sed

1168 1248 1240 1282 audi
1268 1248 1342 1295 quid
1369 1249 1517 1295 princeps
1543 1248 1756 1295 apostolorum
1784 1248 1823 1283 ad
1845 1261 1919 1283 eum

1169 1296 1264 1341 dicat,
1291 1297 1344 1344 qui
1372 1297 1534 1332 veritatem
1555 1305 1622 1332 erat
1644 1297 1829 1333 frustratus:
1852 1297 1920 1333 Cur

1170 1346 1300 1381 tentavit
1329 1346 1463 1381 Satanas
1489 1359 1542 1382 cor
1578 1354 1679 1391 tuum,
1721 1347 1846 1382 mentiri
1887 1355 1916 1382 te

1169 1395 1302 1442 Spiritui
1321 1396 1459 1431 Sancto?
1485 1399 1522 1440 (c)
1544 1396 1615 1431 Non
1636 1408 1670 1431 es
1692 1396 1843 1431 mentitus
1858 1396 1920 1432 ho-

1170 1445 1323 1486 miuibus,
1350 1445 1406 1480 sed
1429 1446 1507 1480 Deo.
1527 1446 1572 1480 Ac
1598 1446 1699 1481 simile
1726 1446 1844 1493 aliquid
1871 1446 1920 1481 se-

1170 1495 1240 1528 cisti
1275 1495 1316 1535 ei,
1347 1495 1400 1541 qui
1430 1507 1485 1541 per
1521 1495 1702 1529 Samuelem
1731 1495 1920 1542 prophetam

1170 1543 1289 1577 audivit
1315 1555 1332 1578 a
1358 1544 1512 1578 Domino:
1539 1543 1626 1578 Haec
1659 1544 1737 1578 dicit
1762 1544 1921 1579 Dominus

1171 1592 1377 1628 exercituum.
1406 1592 1564 1627 Recensui
1601 1605 1821 1640 quaecumque
1848 1594 1922 1629 fecit

1171 1641 1301 1676 Amalec
1324 1641 1442 1676 Israeli.
1465 1642 1556 1677 Nunc
1577 1654 1652 1688 ergo
1674 1642 1763 1687 vade,
1792 1650 1823 1677 et
1845 1655 1921 1690 per-

1172 1698 1242 1725 cute
1294 1690 1447 1733 Amalec,
1493 1699 1524 1726 et
1569 1691 1722 1726 demolire
1774 1693 1922 1728 universa

1172 1740 1240 1774 eius
1263 1742 1314 1784 (d).
1338 1741 1400 1782 Qui
1428 1753 1499 1775 cum
1527 1753 1591 1775 non
1617 1740 1776 1776 obedisset
1801 1753 1838 1776 ac
1865 1741 1923 1776 di-

1172 1789 1269 1824 xisset
1309 1789 1449 1824 Samueli
1481 1791 1568 1837 quasi
1604 1802 1661 1837 per
1694 1790 1924 1837 impudentiam

1173 1839 1313 1884 glorians
1328 1838 1359 1872 in
1376 1840 1624 1885 transgressione
1638 1851 1709 1874 sua:
1733 1840 1926 1875 Benedictus

1173 1896 1206 1922 tu
1248 1888 1405 1928 Domino,
1446 1889 1574 1936 implevi
1614 1889 1745 1924 verbum
1783 1889 1923 1924 Domini.

1175 1937 1324 1984 Dixitque
1350 1937 1492 1973 Samuel:
1520 1938 1561 1973 Et
1587 1950 1667 1986 quae
1694 1946 1741 1973 est
1762 1939 1839 1974 haec
1864 1951 1924 1974 vox

1174 1999 1318 2033 gregum,
1349 1999 1429 2033 quae
1457 1995 1582 2023 resonat
1609 1988 1639 2022 in
1666 1987 1794 2023 auribus
1821 1988 1924 2023 meis?

1175 2036 1339 2083 Numquid
1376 2037 1442 2071 vult
1474 2037 1630 2072 Dominus
1669 2038 1849 2072 holocausta
1890 2045 1922 2073 et

1176 2085 1329 2129 victimas,
1356 2093 1387 2120 et
1408 2098 1471 2120 non
1495 2087 1600 2133 potius
1620 2095 1655 2121 ut
1677 2087 1842 2122 obediatur
1855 2087 1924 2121 voci

1176 2135 1330 2170 Domini?
1346 2135 1455 2169 Melior
1470 2143 1517 2170 est
1530 2136 1615 2171 enim
1631 2136 1810 2172 obedientia
1825 2148 1920 2183 quam

1178 2185 1315 2226 victima,
1334 2193 1365 2219 et
1385 2185 1561 2220 auscultare
1582 2186 1680 2232 magis
1698 2197 1793 2232 quam
1811 2185 1924 2220 offerre

1177 2233 1304 2280 adipem
1323 2234 1472 2269 arietum:
1491 2234 1638 2281 quoniam
1652 2236 1740 2285 quasi
1756 2243 1922 2282 peccatum

1178 2283 1328 2318 ariolandi
1367 2292 1414 2318 est
1447 2295 1634 2331 repugnare.
1673 2284 1735 2319 Pro
1774 2296 1811 2319 eo
1848 2296 1924 2331 ergo

1179 2332 1266 2380 quod
1287 2332 1426 2368 abiecisti
1453 2346 1631 2368 sermonem
1657 2332 1926 2374 Domini,abiecit

1180 2391 1209 2417 te
1234 2382 1391 2417 Dominus
1417 2395 1456 2417 ne
1474 2383 1517 2418 sis
1540 2395 1602 2418 rex.
1623 2382 1774 2430 Dixitque
1795 2382 1870 2418 Saul
1887 2382 1926 2417 ad

1179 2431 1383 2467 Samuelem:
1417 2431 1566 2467 Peccavit
1601 2432 1673 2479 quia
1698 2432 1943 2480 praevaricatus-

1180 2493 1249 2516 sum
1276 2493 1453 2516 sermonem
1481 2481 1619 2523 Domini,
1646 2489 1677 2516 et
1703 2481 1795 2516 verba
1810 2489 1860 2516 tua
1876 2484 1922 2526 (e).
1951 2489 2029 2512 Paulus
2051 2496 2134 2519 pecc.-

1950 2528 2073 2585 {QJZK
2099 2528 2133 2548 ‘⁵‘

1181 2530 1222 2565 At
1249 2538 1280 2565 tu
1307 2530 1374 2566 eius
1400 2530 1527 2578 quidem
1552 2530 1831 2577 transgressionem
1855 2531 1928 2565 imi-

1182 2588 1264 2615 tatus
1297 2592 1348 2625 05,
1383 2580 1614 2615 confessionem
1644 2592 1718 2615 vero
1750 2588 1929 2626 transgres-

1218 2655 1255 2690 (a)
1271 2654 1400 2682 Proverb.
1427 2655 1453 2681 7.

1183 2690 1284 2727 ()Act
1311 2691 1324 2704 p
1491 2655 1529 2689 (b)
1551 2655 1679 2681 Proverb.
1710 2656 1739 2681 16
1767 2655 1839 2681 iuxta
1860 2662 1927 2682 Lxx,

1194 2699 1207 2715 C
1288 2711 1293 2717 .
1311 2701 1337 2718 o.

1375 2690 1413 2727 (d)
1433 2691 1456 2717 ¹.
1477 2691 1540 2726 Reg.
1562 2691 1602 2717 15.
1641 2690 1720 2735 (131.
1737 2691 1802 2727 Reg.
1823 2691 1863 2718 15.

1971 1001 2127 1022 Pei-versorum

1943 1036 2044 1058 fallaciae
2087 1042 2129 1065 pu-

1943 1071 2068 1094 blicundao.
