2237 3127
43 333 97 361 An.
118 332 148 361 C.
175 332 227 362 453

57 685 209 715 Suspicionem

43 728 85 742 nnn
103 725 224 751 roceptoca

43 764 66 778 w
84 757 164 787 Synodi
190 766 226 779 re-

43 796 115 814 movet
137 794 160 815 S.
183 794 226 816 Leo

43 836 66 850 ex
85 829 178 857 pristino
200 837 226 850 u-

43 865 117 886 nituit„
143 873 223 887 autore.

52 1229 80 1251 Ex
100 1228 212 1259 epistolis

66 1481 78 1501 ,Α
86 1479 201 1509 pprobatio

60 1516 226 1538 (almiri-:lonen-

41 1552 71 1574 sis
88 1551 178 1581 Synndi.

80 2524 193 2545 nammatio

67 2565 199 2581 sectatorum

42 2597 92 2625 Eun¹
99 2595 170 2616 eta-tis

44 2631 146 2653 nost-uri

204 2598 225 2617 et

922 330 945 352 S.
976 330 1064 351 [1301
1095 330 1142 351 t't‘.

1705 318 1748 349 77

297 386 332 416 tis
357 390 384 415 et
400 385 542 415 Dioscori.
559 401 598 406 —-
618 383 655 413 De
687 383 802 413 statutis
827 383 856 412 in
878 382 1005 412 Nic-aena
1050 383 1098 417 ius
1132 383 1265 429 abnegat
1291 382 1462 416 veritatem.
1498 381 1545 416 De
1580 381 1703 416 Cttstot'i
1728 382 1797 416 alis

296 425 412 465 Synodo
436 425 597 454 servandis.
611 424 740 459 —Quae
754 432 897 452 canonum
921 432 1005 452 reve-

294 465 390 495 rentia
409 465 486 505 apud
506 464 612 495 Sedem
630 463 836 502 Apostolicam.

252 553 301 581 Leo
321 552 460 589 episcopus
480 552 590 580 sanctae
610 550 710 584 Synodo
731 549 800 585 apud
813 549 1007 578 chalcedonem

300 676 438 712 Omnem
463 675 589 722 quidem
613 674 840 708 fraternitatem
871 681 1003 709 vestram
1024 670 1027 723 l

255 739 348 761 nosse
376 738 438 760 non
465 724 589 770 ambigo
625 723 842 757 definitionem
879 726 1026 757 sanetae*

252 775 385 822 Synodi,
408 786 487 821 quae
509 773 549 807 ob
571 773 844 807 confirmationem
875 772 945 806 fidei
971 773 1001 806 in
1024 762 1026 784 ¹

252 822 504 860 Cltalcedonensi
528 823 652 857 civitate
675 822 828 856 velt-brata
858 830 915 866 est,
938 829 1003 855 toto

250 873 346 908 corde
373 885 423 907 me
453 872 549 906 fuisse
572 872 792 918 complexum:
816 871 889 917 qnia
918 870 1002 905 nulla

252 923 374 957 sinebat
396 922 485 961 ratio,
517 929 549 954 nt
575 921 626 968 qni
660 921 809 954 unitatem
833 920 1002 954 catholicae

255 972 327 1006 {idei
350 971 492 1006 dolebam
517 971 555 1005 ab
589 971 752 1004 haereticis
773 970 869 1004 fuisse
888 969 1003 1004 turba-

254 1029 327 1061 tam,
352 1034 413 1055 non
441 1020 617 1055 exultanter
644 1020 674 1053 in
697 1020 854 1065 integrum
874 1019 1002 1054 rediisse

255 1071 435 1117 gauderem.
463 1070 531 1104 Hoc
550 1078 651 1104 antem
676 1081 739 1103 non
762 1068 916 1103 solumab
934 1069 1002 1115 ipso

253 1121 450 1155 beatissimae
465 1119 683 1154 consensionis
697 1118 820 1162 effectu,
834 1118 888 1152 sed
908 1118 1000 1152 etiam

254 1182 291 1204 ex
329 1169 471 1216 epistolis
504 1169 605 1213 meis,
644 1181 721 1216 quas
755 1175 824 1215 post
865 1167 999 1202 reditum

250 1232 394 1253 meorum
423 1218 461 1253 ad
505 1217 874 1264 Constantinopolitanae
915 1217 1001 1251 urbis

248 1269 421 1303 antistitem
446 1267 531 1312 dedi,
559 1268 742 1315 potuissetis
764 1279 947 1312 agnoscere,
974 1267 999 1300 si

251 1318 342 1353 vobis
364 1318 604 1364 responsionem
628 1317 712 1351 sedis
734 1316 923 1363 apostolieae
939 1328 1003 1349 ma-

251 1368 398 1402 nifestare
418 1368 575 1401 voluisset.
600 1366 645 1400 Ne
668 1379 742 1411 ergo
766 1378 821 1412 per
848 1366 1001 1411 malignos

253 1417 440 1464 interpretes
482 1416 654 1450 dubitabile
699 1416 858 1455 videatur,
896 1424 998 1449 utrum

251 1479 331 1513 qnae
354 1467 382 1500 in
406 1466 535 1513 Synodo
562 1464 811 1500 Cbalcedonensi
843 1477 897 1511 per
919 1477 997 1498 nna<

249 1516 422 1550 nimitatem
453 1524 587 1549 vestram
614 1515 652 1550 de
685 1515 746 1548 title
774 1522 887 1548 statuta
915 1523 998 1555 sunt,

248 1565 438 1613 approbem,
463 1565 538 1599 liaeo
565 1564 603 1599 ad
618 1577 729 1599 omnes
752 1563 863 1598 fratres
886 1572 915 1598 et
930 1576 1000 1598 coe-

249 1615 399 1662 piscopos
420 1622 557 1654 nostros,
594 1615 647 1661 qui
677 1613 838 1661 praedicto
865 1614 1021 1649 concilio²

251 1664 471 1705 interfuerunt,
500 1664 615 1711 scripta
643 1663 754 1707 direxi,
776 1676 856 1710 qnae
883 1660 1021 1709 glorio-J

249 1715 394 1748 sissimus
415 1721 446 1748 et
476 1713 742 1748 clementissimus
771 1713 918 1759 princeps
946 1709 1022 1756 (si-²

249 1771 302 1798 cut
324 1762 477 1810 poposcit)
501 1763 530 1796 in
556 1763 696 1797 notitiam
721 1771 853 1796 vestram
878 1763 1000 1797 mittere

251 1825 307 1860 pro
328 1812 500 1847 catholicae
521 1812 594 1846 fidei
618 1824 725 1846 amore
753 1811 944 1857 dignabitur,
967 1821 1001 1846 nt
1021 1852 1022 1858 ἵ

249 1870 280 1896 et
307 1862 440 1897 fraterna
473 1861 670 1904 universitas,
697 1869 725 1895 et
754 1862 896 1895 omnium
919 1860 999 1896 fide-

250 1911 327 1946 lium
360 1911 453 1946 corda
488 1918 691 1957 cognoscant,
722 1923 769 1945 me
800 1923 863 1945 non
897 1910 1022 1945 solum'

251 1974 306 2008 per
343 1961 468 2000 fratres,
489 1961 556 2007 ,qui
589 1961 687 1995 vicem
722 1972 823 1994 meam
852 1956 1023 2007 exequuti]

249 2018 335 2054 sunt,
357 2010 410 2045 sed
447 2010 539 2044 etiam
570 2022 624 2057 per
654 2010 915 2057 approbationem
940 2006 1023 2056 gre-2

250 2069 368 2094 storum
408 2059 617 2107 synodalium,
646 2061 801 2106 propriam
838 2051 1024 2094 vobiscum*

251 2109 360 2144 iniisse
382 2110 582 2151 sententiam,
607 2109 636 2143 in
665 2109 729 2143 sola
758 2109 901 2143 videlicet
929 2109 1024 2143 tidei’

251 2171 343 2194 eausa
366 2158 460 2206 (quod
484 2171 577 2206 saepe
593 2158 762 2193 dicendum
787 2162 857 2202 esu,
875 2167 1003 2206 propter

251 2221 345 2256 qnam
368 2208 513 2255 generale
527 2208 707 2248 concilium,
730 2217 759 2243 et
779 2220 816 2242 ex
837 2205 1024 2255 praecepto}

252 2258 493 2292 christianornm
519 2258 708 2305 principum,
731 2266 760 2292 et
788 2270 825 2292 ex
845 2253 1025 2301 consensu}

253 2307 442 2354 apostolicae
469 2308 551 2341 sedis
576 2308 901 2354 placuitcongregari:
919 2303 1025 2357 dan1-{

256 2358 334 2391 natis
359 2356 534 2401 haereticis,
557 2357 610 2404 qui
630 2357 655 2391 si
684 2357 796 2404 corrigi
816 2357 1002 2396 volnissent,

255 2406 337 2440 nulla
367 2406 490 2452 penitus
525 2406 672 2441 resideret
699 2406 738 2440 de
766 2419 834 2441 vera
875 2406 1026 2440 Domini:

256 2455 359 2489 Nostri
383 2456 450 2490 lesu
466 2455 582 2490 Christi
601 2456 816 2491 incarnatione
839 2456 1003 2490 dubitatio.

256 2505 347 2539 Unde
382 2505 407 2539 si
442 2506 512 2552 quis
539 2517 678 2552 unquam
714 2518 810 2541 ausus
838 2505 931 2540 suerit
957 2505 1027 2560 vel}

256 2554 387 2589 Nestorii
422 2554 582 2600 perfidiam
617 2555 716 2599 tueri,
744 2555 790 2590 vel
821 2555 1027 2602 Entvelietis}

256 2616 290 2636 aa
318 2603 459 2639 Dioscori
487 2605 617 2651 impium
645 2604 757 2650 dogma
781 2605 963 2643 defendere,
989 2610 1027 2646 a}

255 2653 478 2688 catholicorum
502 2654 725 2689 communione
752 2662 928 2694 resecetur3
949 2666 1006 2688 nec
1024 2654 1029 2708 'j

256 2702 369 2738 babeat
394 2703 463 2738 eius
484 2703 624 2752 corporis
649 2704 936 2753 participationem,
950 2715 1007 2738 cu-
1025 2710 1029 2734 ἴ

567 600 686 628 habitae.
1025 590 1028 668 t

1047 445 1173 479 quoque
1196 440 1376 467 sauctorum
1406 432 1535 466 Patruni
1560 431 1694 474 statutis,
1716 444 1795 478 quae
1836 439 1855 451 '¹'

1049 482 1079 516 in
1117 481 1245 528 Synodo
1290 481 1428 515 Nicaena
1462 480 1695 515 inviolabilibus
1723 489 1796 514 sunt

1048 530 1106 565 fixa
1134 530 1280 574 decretis,
1312 531 1540 565 observantiam
1576 537 1694 564 vestrae
1721 542 1795 564 san-

1047 581 1160 614 ctitatis
1182 579 1349 623 admoneo,
1373 588 1405 613 ut
1427 580 1494 614 iura
1516 579 1732 623 ecclesiarum,
1755 579 1794 613 si-

1047 637 1099 663 cut
1133 629 1171 663 ab
1198 628 1260 663 illis
1286 641 1425 663 cccxv-m
1467 628 1606 675 patribus
1644 629 1794 663 divinitus

1046 678 1196 724 inspirata
1219 686 1302 720 sunt,
1321 678 1462 712 ordinata
1481 686 1700 724 permaneant,
1717 678 1792 712 nihil

1045 727 1183 761 alienum
1216 727 1377 773 improbus
1409 727 1545 761 ambitus
1572 727 1792 774 concupiscat,

1024 816 1026 819 Ι
1047 789 1102 810 nec
1125 789 1180 823 per
1201 776 1329 811 alterius
1352 776 1604 811 imminutionem
1627 789 1718 811 suum
1740 777 1792 810 ati-

1024 826 1115 872 ,qnis
1149 833 1277 872 quaerat
1304 834 1518 872 augmentum.
1553 825 1793 867 Quantumlibet

1044 876 1128 910 enim
1151 875 1266 909 exortis
1285 875 1548 910 assentationibus
1570 887 1637 909 sese
1661 875 1792 909 instruat

1045 925 1190 959 vanitatis
1217 925 1307 959 elatio
1334 933 1363 959 et
1385 924 1544 970 appetitus
1578 937 1652 959 suos
1678 924 1793 958 eonci—

1044 973 1157 1008 liorum
1185 975 1329 1008 aestimet
1355 974 1483 1008 nemine
1506 973 1713 1017 roborandos,
1737 974 1792 1007 in-

1045 1024 1166 1058 firmnm
1201 1031 1294 1070 atque
1337 1023 1457 1057 irritum
1494 1023 1552 1057 erit
1590 1022 1740 1070 quicquid
1775 1035 1792 1057 a

1045 1073 1278 1119 praedictorum
1313 1073 1442 1107 Patrum
1469 1072 1644 1107 canonibus
1667 1072 1792 1107 discre-

1045 1123 1134 1169 parit.
1164 1123 1307 1164 Quorum
1343 1122 1461 1167 regulis
1495 1121 1666 1169 apostolica
1700 1121 1791 1156 sedes

1042 1185 1135 1219 qnam
1164 1181 1342 1207 reverenter
1361 1180 1475 1211 utatur,
1499 1172 1687 1218 scriptorum
1705 1183 1792 1205 meo-

1043 1235 1123 1265 rum,
1159 1222 1273 1269 quibus
1301 1221 1640 1267 Constantinopolitani
1667 1221 1793 1255 antisti-

1043 1271 1080 1305 tis
1114 1281 1244 1306 conatus
1269 1271 1381 1317 repuli,
1412 1271 1523 1317 poterit
1560 1270 1708 1305 sanctitas
1737 1282 1790 1304 ve—

1041 1329 1101 1354 stra
1130 1321 1263 1355 lectione
1297 1333 1500 1366 cognoscere,
1530 1332 1591 1360 me,
1622 1319 1792 1354 auxiliante

1041 1370 1190 1414 Domino,
1219 1379 1247 1404 et
1280 1370 1451 1404 catholicae
1480 1369 1564 1407 fidei,
1587 1378 1617 1403 et
1645 1377 1792 1415 paterna-

1043 1433 1109 1453 rum
1134 1420 1336 1454 traditionum
1357 1432 1424 1453 esse,
1448 1419 1624 1453 custodem.
1646 1419 1725 1453 Data
1741 1431 1790 1452 xit

1042 1469 1190 1503 kalendas
1218 1469 1337 1516 aprilis,
1365 1468 1512 1514 Opilione
1534 1468 1570 1502 V.
1600 1468 1636 1502 C.
1665 1480 1729 1502 cos.

1096 1526 1158 1557 Dat.
1183 1527 1229 1557 die.
1252 1526 1286 1555 ⁹21
1309 1527 1414 1562 martii,
1433 1535 1509 1555 anno
1528 1525 1643 1555 Domini
1657 1525 1726 1562 453,

1224 1566 1328 1606 pontif.
1353 1566 1441 1596 Leon.
1459 1575 1534 1595 anno
1554 1574 1612 1595 xm.

1360 1687 1476 1722 XVIII.

1044 1765 1089 1798 De
1123 1766 1315 1807 mutieribus,
1342 1777 1419 1809 quae
1452 1771 1581 1808 tempore
1608 1763 1794 1808 captivitatis

1092 1816 1253 1858 coninynm
1277 1827 1400 1847 snorwn
1423 1815 1494 1847 aliis
1517 1820 1694 1857 nupserunt,
1714 1814 1794 1857 prio·

1093 1867 1175 1897 ribus
1191 1865 1218 1897 si
1238 1865 1274 1896 (le
1296 1864 1470 1908 captivitate
1492 1864 1625 1902 redeant,
1648 1864 1796 1907 copulan-

1094 1915 1154 1952 dir,
1177 1921 1202 1945 el
1230 1916 1265 1947 (Ic
1291 1914 1455 1958 baptizatis
1477 1914 1516 1945 ab
1547 1913 1705 1945 haereticis
1726 1913 1794 1945 sola

1093 1964 1231 2008 Spiritus
1254 1963 1362 1996 Sancti
1384 1962 1573 1995 invocatione
1593 1962 1769 2007 firmandis.

1311 2044 1525 2075 SUIIMARIUM

1045 2113 1072 2143 1.
1107 2112 1280 2148 Foeminae,
1303 2120 1378 2150 quae
1410 2111 1503 2149 captis
1535 2110 1605 2140 viris
1629 2113 1795 2149 nupserunt

1083 2153 1159 2189 aliis,
1172 2151 1318 2189 regressis
1340 2161 1354 2180 a
1374 2151 1538 2189 captivitate
1566 2150 1714 2189 prioribus
1745 2159 1795 2180 co-

1084 2193 1240 2231 pulandae.
1251 2208 1292 2213 —-
1304 2191 1480 2220 Matrimonii
1491 2191 1641 2220 vinculum
1663 2190 1792 2220 indisso-

1085 2233 1186 2262 lubile.
1197 2231 1274 2260 —a
1288 2230 1351 2260 Non
1367 2240 1433 2260 esse
1456 2230 1641 2269 culpabilem,
1663 2230 1712 2269 qui
1726 2239 1796 2259 uxo-

1085 2282 1145 2302 rem
1166 2271 1241 2311 eapti
1260 2271 1290 2300 in
1309 2270 1528 2300 matrimonium
1548 2270 1667 2300 sortitus
1686 2274 1793 2299 est.—

1084 2313 1111 2341 3.
1136 2312 1212 2341 Viris
1229 2311 1264 2340 de
1282 2311 1447 2349 captivitate
1469 2310 1621 2348 regressis,
1644 2311 1668 2339 si
1688 2310 1796 2339 intem—

1086 2352 1216 2391 perantia
1231 2360 1354 2379 uxorum
1378 2360 1436 2379 non
1459 2350 1643 2383 sintotteusi,
1662 2350 1796 2379 etvolue-

1085 2393 1143 2421 rint
1157 2401 1206 2420 eas
1230 2390 1260 2419 in
1282 2391 1450 2427 coniugium
1475 2391 1616 2428 recipere,
1638 2390 1729 2419 libera
1757 2389 1795 2419 sit

1087 2432 1220 2461 facultas.
1235 2431 1313 2459 -4.
1333 2430 1480 2466 Mulieres,
1502 2430 1527 2459 si
1549 2430 1585 2459 ad
1601 2430 1713 2468 priores
1732 2438 1795 2458 ma·-

1086 2472 1158 2501 ritos
1176 2470 1273 2500 redire
1296 2470 1455 2506 noluerint,
1478 2470 1557 2499 velut
1575 2469 1682 2508 impiae
1701 2469 1793 2498 ecele-

1086 2511 1204 2541 stastica
1224 2510 1429 2540 communione
1443 2509 1609 2549 privandae.
1621 2526 1661 2530 —
1675 2510 1703 2539 5.
1717 2508 1794 2547 Cap-

1087 2552 1153 2581 tivis
1176 2555 1286 2580 terrore
1305 2555 1351 2579 ant
1370 2550 1454 2585 same,
1472 2558 1530 2578 non
1547 2549 1731 2578 veneratione
1749 2549 1794 2578 ci-

1088 2591 1140 2621 bos
1159 2590 1359 2620 immolatitios
1382 2590 1468 2619 edere
1497 2589 1672 2628 compulsis
1694 2589 1797 2627 poeni-

1089 2631 1175 2660 tentia
1199 2630 1447 2659 eoncedenda.—
1463 2629 1492 2659 t‘).
1511 2628 1543 2658 Vi
1565 2633 1615 2658 aut
1636 2637 1735 2658 errore
1760 2629 1794 2658 ad

1088 2670 1226 2709 baptismi
1261 2669 1443 2699 iterationem
1466 2669 1558 2698 eoacti
1581 2677 1638 2708 quo
1665 2668 1796 2698 remedio

1089 2710 1270 2741 sublevandi.
1290 2726 1332 2732 —
1358 2709 1486 2750 'I‘empus
1519 2708 1716 2749 poenitentiae
1737 2708 1798 2749 epi-

1649 2797 1722 2810 '‘*W

1818 328 1871 356 An.
1896 328 1924 356 C.
1951 327 2002 355 453

1842 395 1872 417 De
1891 398 1979 416 statutis

1836 432 1838 434 ’
1891 431 1985 453 Nicnena

1819 467 1906 496 Synodo

1819 502 1905 524 tatttlts.

1954 475 2001 488 §sf-

1822 1179 1880 1206 Qttat·
1899 1187 2004 1200 canu-num

1822 1216 1942 1236 reverentia
1983 1223 1992 1235 a

1822 1250 1865 1280 pm!
1883 1250 1960 1271 Sed-un
1978 1253 1992 1272 A

1823 1285 1962 1316 postolirnm.
