2237 3127
31 321 81 348 An.
101 318 133 346 C.
148 318 215 349 1059

32 584 148 610 Exordium
153 602 158 609 .

25 1172 58 1195 ne
95 1171 211 1195 Pontifici·

25 1208 139 1232 electione
171 1217 212 1240 pet·

26 1244 151 1268 cardinales
184 1253 210 1268 e-

27 1281 145 1312 piscopos.

21 1713 55 1736 De
77 1720 121 1736 non
149 1714 208 1744 expi-

23 1748 98 1772 tundi·
135 1749 209 1772 domi—

22 1784 62 1808 bus
85 1786 207 1816 episcopo-

22 1828 69 1844 rum
84 1821 207 1844 defuncto-

22 1864 78 1879 rum.

21 1997 53 2020 De
60 1996 206 2030 presbyteris,

21 2033 56 2056 vet
71 2034 162 2056 clericis
185 2036 206 2057 in

37 2069 186 2093 concubinatu

44 2105 179 2131 viventibus.

332 269 362 285 hx·

861 334 1021 358 NlCOlAUS
1048 335 1070 358 ll
1094 335 1143 358 1¹1¹.

247 387 708 428 Nicolausepiscopusserviisservornm
718 387 770 426 Dei,
786 388 995 435 omnibns'epiwo-
1039 389 1223 424 obedientes
1246 389 1373 430 fuerint,
1403 400 1525 425 maneat
1542 419 1550 434 ,
1577 403 1678 437 neque
1715 403 1788 437 par-

737 429 822 468 P⁰lffll⁰
838 429 994 459 ⁰¹¹³l¹⁸⁵¹¹¹¹³¹¹¹
1038 449 1098 473 tem
1121 439 1159 473 ab
1192 439 1330 474 Ecclesia
1360 441 1533 487 suscipiat,
1565 452 1733 488 quousque
1769 453 1785 474 a

281 429 316 468 pis
331 428 461 465 catholicis,
480 433 610 467 cunctoque
623 429 684 458 clero
698 433 719 458 et

280 471 304 498 et
324 469 476 508 apostolicam
499 468 696 499 benedictionem.

294 529 460 577 vigilantia
494 530 680 566 universalis
713 530 875 576 regiminis
908 531 993 565 assi—

242 579 336 614 duam
372 580 607 615 solicitudinem
641 580 790 615 omnibus
822 580 992 625 debentes,

241 629 334 664 saluti
361 642 490 677 quoque
511 637 633 664 vestrae
660 630 878 677 providenteS,
913 643 992 677 quae

240 679 272 713 in
296 691 423 714 romana
446 679 567 727 synodo
582 691 684 726 nuper
698 679 864 719 celebrata,
886 691 990 714 coram

243 736 371 763 centum
405 729 556 763 tredecim
589 729 768 776 episcopis,
804 728 895 763 nobis
921 730 992 764 licet

240 778 409 813 immeritis
435 778 708 825 praesidentibus,
741 786 814 812 sunt
842 779 991 813 canonice

239 828 420 868 constituta,
439 827 528 862 vobis
551 827 713 862 notificare
732 840 895 869 curamus;
918 828 991 875 quia

239 876 278 912 ad
301 877 432 912 salutem
455 885 588 912 vestram
607 884 792 912 executores
809 889 917 912 eorum
938 891 991 911 vos

238 938 308 961 esse
343 934 511 974 optamus,
547 934 578 961 et
607 927 778 974 apostolica
806 926 1013 985 auctoritate!

238 975 390 1018 iubendo,
422 976 621 1011 mandamus:

603 1042 629 1077 l.

286 1109 395 1145 Primo
429 1122 583 1158 namque,
621 1111 800 1157 inspectore
820 1110 889 1144 Deo
905 1137 913 1151 ,
945 1119 1012 1154 est,

237 1167 401 1205 statutum,
429 1169 462 1195 ut
483 1160 595 1195 electio
630 1160 750 1194 romani
779 1160 937 1206 pontificis
960 1161 988 1194 in
1009 1156 1012 1211 J

238 1218 391 1258 potestate
432 1209 638 1245 cardinalium
674 1209 896 1256 episcoporum
933 1210 987 1243 sit:
1009 1212 1012 1241 ῐ

237 1260 278 1295 ita
307 1268 340 1294 ut
362 1260 388 1294 si
414 1260 485 1307 quis
506 1259 695 1306 apostolicae
717 1259 782 1293 sedi
806 1259 874 1293 sine
899 1272 989 1306 prae·
1009 1248 1012 1289 l

237 1310 333 1344 missa
354 1309 503 1344 concordi
537 1318 569 1343 et
594 1309 744 1344 canonica
764 1309 918 1343 electione
940 1321 990 1342 eo·
1009 1329 1011 1355 ζ

238 1371 320 1401 rum,
342 1371 379 1394 ac
401 1359 516 1394 deinde
537 1359 738 1405 sequentium
761 1358 907 1392 ordinum
940 1371 989 1393 re·
1008 1369 1011 1405 g

236 1408 434 1456 ligiosorum,
462 1408 662 1452 clericorum,
689 1416 719 1443 et
744 1407 894 1442 laicorum
917 1420 987 1442 con⁴
1008 1418 1010 1451 ζ

237 1471 355 1498 sensu,
393 1458 642 1502 inthronizatur,
671 1457 696 1493 is
730 1470 791 1491 non
827 1470 905 1504 papa
941 1456 1010 1492 vel=¹

238 1508 443 1556 apostolicus,
466 1508 523 1543 sed
547 1508 740 1556 apostaticus
763 1507 924 1542 habeatnr.

593 1574 632 1610 ΙΙ.

284 1641 328 1678 Ut
354 1642 508 1678 moriente
527 1653 658 1677 romano
685 1641 846 1688 pontifice,
871 1641 916 1675 vel
932 1653 989 1675 cu-
1007 1648 1010 1680 ζ

236 1692 423 1740 iuscumque
445 1692 590 1731 civitatis,
619 1691 725 1726 nullus
745 1701 920 1737 praesumat
942 1691 987 1725 sa-
1008 1690 1009 1695 ’

236 1743 370 1777 cultates
395 1754 506 1777 eorum
530 1741 693 1780 invadere,
716 1741 770 1774 sed
795 1741 988 1775 successori-

239 1791 299 1826 bus
320 1803 428 1827 eorum
451 1798 651 1826 reserventur
673 1791 822 1836 integrae.
1006 1774 1010 1925 1

587 1857 641 1892 111.

284 1925 327 1961 Ut
353 1924 459 1960 nullus
492 1924 618 1959 missam
652 1923 758 1959 audiat
793 1923 986 1971 presbyteri,

236 1988 331 2023 quem
359 1975 417 2010 scit
449 1974 658 2009 concubinam
689 1973 900 2008 indubitanter
929 1973 1008 2019 lta-3

235 2025 321 2066 bere,
336 2033 387 2060 aut
405 2024 675 2059 subintroductam
693 2023 869 2057 mulierem.
894 2022 985 2057 Unde
1005 2065 1007 2073 η

235 2075 327 2110 etiam
347 2075 414 2121 ipsa
442 2081 548 2109 sancta
571 2073 712 2121 synodus
735 2073 794 2107 boc
815 2072 1007 2119 capituluml

235 2124 294 2160 sub
328 2124 656 2159 excommunicatione
694 2123 816 2165 statuit,
851 2122 1007 2156 dicens:‘

236 2174 429 2221 quicumque
443 2173 656 2217 sacerdotum,
678 2171 895 2211 diaconorum,
914 2172 986 2205 sub-
1005 2203 1007 2218 ἰ

235 2224 455 2268 diaconorum,
478 2231 548 2270 post
569 2223 776 2257 constitutum
795 2221 902 2255 beatae
918 2233 985 2255 mc-
1004 2220 1007 2256 ζ

236 2275 354 2309 moriae
379 2273 631 2320 praedecessoris
666 2272 761 2306 nostri
791 2271 982 2305 sant-tissimi
1004 2278 1006 2300 1

235 2335 334 2371 papae
372 2322 489 2358 Leonis
523 2322 562 2356 de
595 2321 734 2356 castitate
772 2320 1006 2363 elericorum,

236 2372 444 2408 concubinam
472 2372 574 2419 palam
606 2371 751 2409 duxerit,
779 2370 827 2404 vel
857 2369 1006 2419 ductamss

235 2435 299 2457 non
317 2422 488 2470 reliquerit,
511 2434 549 2456 ex
568 2429 652 2468 parte
667 2419 892 2467 omnipotentis
913 2419 983 2462 Dei,

235 2472 418 2507 auctoritate
451 2471 615 2506 beatorum
648 2469 862 2518 apostolorum
900 2468 982 2503 Petri

236 2529 267 2556 et
284 2521 373 2556 Pauli
399 2521 625 2568 praecipimus,
648 2529 678 2554 et
704 2519 833 2554 omnino
856 2526 984 2553 contra-
1003 2534 1005 2540 ⁴

236 2571 382 2613 dicimus,
409 2578 443 2605 ut
473 2571 599 2605 missam
628 2582 691 2604 non
727 2577 850 2611 cantet,
879 2580 1004 2613 neque,

236 2621 433 2667 evangelium
455 2620 503 2655 vel
529 2619 691 2666 epistolam
714 2619 751 2653 ad
775 2618 901 2652 missam
931 2617 983 2651 lc-
1003 2620 1004 2628 ¹

235 2680 298 2717 gat,
327 2681 429 2717 neque
455 2669 486 2704 in
520 2669 714 2717 presbyterio
736 2667 774 2702 ad
797 2667 902 2701 divina
933 2666 982 2699 of-
1003 2693 1004 2696 ,

236 2720 306 2755 ficia
332 2731 403 2755 cum
426 2719 477 2765 iis,
502 2720 555 2767 qui
580 2718 737 2757 praefatae
767 2716 1007 2783 constitutioni,

816 2804 830 2811 κ

1670 325 1731 358 66¹

1037 489 1128 523 nobis
1160 490 1313 524 sententia
1350 502 1447 536 super
1479 490 1683 531 huiusmodi,
1721 490 1785 524 Deo

1035 539 1241 580 concedente,
1265 539 1425 586 procedat.

1082 671 1120 706 Et
1144 673 1370 718 praecipientes
1385 673 1563 713 statuimus,
1593 681 1625 708 ut
1645 673 1663 707 ii
1689 686 1781 720 prac-

1034 722 1188 756 ‹lictorum
1212 722 1378 761 ordinum,
1406 723 1459 769 qui
1478 724 1578 757 eidem
1598 724 1783 770 praedeces-

1033 771 1094 805 sori
1120 780 1225 806 nostro
1250 772 1435 807 obedientes
1470 773 1641 806 castitatem
1670 785 1783 806 serva-

1035 830 1154 858 terunt,
1178 822 1258 855 iuxta
1296 821 1474 861 Ecclesias,
1501 823 1616 869 quibus
1643 822 1779 856 ordinati

1033 880 1116 913 sunt,
1139 871 1219 905 sicut
1246 879 1368 917 oportet
1398 872 1558 917 religiosos
1573 872 1714 911 clericos,
1738 872 1782 905 si-

1034 921 1097 954 mul
1121 921 1309 954 manducent
1334 930 1363 954 et
1378 921 1553 955 dormiant:
1577 930 1606 955 ct
1625 921 1780 968 quidquid

1032 970 1078 1004 eis
1100 970 1138 1003 ab
1160 970 1311 1004 Ecclesiis
1345 971 1441 1014 venit,
1477 971 1689 1005 communiter
1724 971 1782 1005 lta-

1032 1019 1135 1053 beant.
1159 1020 1196 1054 Et
1222 1029 1365 1066 rogantes
1392 1033 1571 1059 monemus,
1593 1029 1625 1054 ut
1648 1020 1686 1054 ad
1705 1032 1782 1066 apo-

1032 1070 1183 1112 stolicam,
1210 1082 1410 1104 communem
1431 1070 1550 1104 scilicet
1572 1070 1664 1104 vitam
1692 1082 1782 1104 sum-

1031 1131 1159 1165 mopere
1182 1120 1345 1166 pervenire
1367 1120 1523 1154 studeant.

1385 1186 1424 1220 V.

1080 1251 1214 1291 Deinde,
1242 1261 1275 1286 ut
1305 1252 1446 1287 decimae
1480 1261 1510 1287 et
1545 1252 1698 1299 primitias¹
1721 1265 1776 1287 seu

1031 1301 1204 1336 oblationes
1221 1303 1359 1336 virorum
1383 1311 1411 1336 ct
1433 1310 1640 1341 mortuorum,
1665 1303 1780 1336 Eccle-

1030 1351 1083 1384 siis
1102 1351 1157 1385 Dm
1182 1351 1315 1386 fideliter
1336 1352 1506 1386 reddantur
1522 1364 1537 1386 a
1566 1354 1669 1392 laicis,
1693 1360 1723 1386 et
1747 1360 1780 1386 ut

1031 1400 1060 1433 in
1088 1401 1295 1446 dispositione
1329 1402 1551 1448 episcoporum
1579 1403 1651 1435 sint.
1694 1401 1781 1443 Quas

1030 1450 1082 1496 qui
1110 1452 1307 1491 retinuerint,
1329 1463 1345 1485 a
1368 1460 1493 1486 sanctae
1513 1451 1671 1486 Ecclesiae
1687 1463 1777 1486 com-

1030 1500 1181 1535 munione
1203 1509 1401 1547 separentur.

1378 1566 1431 1602 VI.

1078 1633 1118 1669 Ut
1144 1646 1198 1680 per
1219 1634 1316 1669 laicos
1338 1635 1423 1669 nullo
1446 1634 1541 1669 modo
1563 1634 1691 1680 quilibet
1711 1635 1775 1670 cle-

1030 1684 1113 1718 ricus
1135 1692 1187 1717 aut
1223 1685 1381 1731 presbyter
1413 1684 1551 1719 obtineat
1573 1685 1747 1720 Ecclesiam
1765 1713 1772 1727 ,

1030 1746 1088 1768 nec
1114 1734 1223 1780 gratis,
1247 1746 1305 1768 nec
1331 1734 1447 1781 precio.

1368 1800 1436 1835 vlt.

1078 1866 1120 1902 Ut
1142 1866 1247 1901 nullus
1273 1867 1413 1901 habitum
1438 1867 1582 1901 monachi
1612 1868 1777 1914 suscipiat,

1028 1929 1116 1962 spem
1140 1924 1193 1950 aut
1225 1918 1467 1964 pi·.›;n³ssioneni
1490 1916 1622 1961 habens,
1656 1926 1689 1951 ut
1713 1918 1775 1952 ab-

1028 1966 1084 2000 bas
1107 1966 1169 2000 liat.

1075 2091 1140 2126 Nec
1165 2091 1280 2139 aliquis
1307 2092 1470 2139 presbyter
1503 2091 1582 2126 duas
1617 2091 1774 2126 Ecclesias

1027 2141 1121 2175 simul
1149 2142 1297 2176 obtineat.

1075 2267 1117 2301 Ut
1139 2278 1194 2313 per
1215 2266 1419 2300 simoniacam
1443 2266 1596 2300 haeresim
1613 2278 1706 2301 nemo
1722 2278 1777 2300 ot·

1026 2316 1151 2350 dinctnr
1178 2317 1222 2349 vel
1248 2324 1468 2362 promoveatur
1489 2317 1526 2351 ad
1543 2316 1708 2363 quodlibet
1722 2328 1776 2351 ec-

1026 2366 1236 2400 clesiasticutn
1264 2365 1414 2400 officium.

1075 2498 1116 2533 Ut
1139 2499 1309 2534 cuiuslibet
1330 2499 1449 2534 ordinis
1475 2499 1605 2534 clericos
1621 2499 1691 2535 laici
1713 2511 1774 2534 non

1026 2549 1178 2583 iudicent.

1073 2664 1114 2699 Ut
1130 2664 1169 2699 de
1192 2666 1461 2711 consanguinitati¹
1483 2677 1539 2700 sua
1566 2665 1672 2700 nullus
1695 2678 1774 2700 uxo-

1026 2727 1091 2750 rem
1113 2715 1208 2751 ducat
1236 2728 1334 2763 usque
1360 2715 1398 2750 ad
1421 2716 1656 2762 generationem
1675 2716 1775 2765 septi-

1811 330 1860 357 An.
1877 329 1906 357 C.
1923 329 1992 358 1059

1809 701 1889 723 Clerici
1924 702 1993 724 casti-

1810 739 1878 758 tau-m
1895 745 1993 760 servan-

1810 775 1842 794 tes
1852 774 1924 795 omnia
1934 781 1994 795 com·

1809 810 1882 830 munia
1900 809 1994 831 habeant

1825 844 1847 866 in
1859 844 1976 867 ccelesiis.

1825 1284 1855 1306 ne
1883 1283 1978 1306 decimis

1810 1319 1924 1342 Ecclesiae
1942 1319 1994 1342 red-

1808 1355 1896 1378 dendis.

1823 1660 1937 1684 Ecclesiae
1952 1670 1977 1685 ex

1823 1697 1887 1720 laicis
1920 1697 1978 1720 nullo

1807 1733 1873 1755 modo
1892 1741 1931 1763 per
1947 1733 1994 1756 cle-

1806 1770 1866 1790 ricos
1884 1769 1987 1792 obtinen-

1807 1806 1857 1829 dae.

1805 1898 1886 1919 Contra
1919 1897 1992 1921 ambi-

1807 1937 1851 1956 tum
1869 1935 1991 1957 monacho-

1807 1978 1863 1993 rum.

1807 2115 1865 2136 Duae
1877 2114 1992 2137 Ecclesiae

1805 2150 1871 2172 simul
1898 2158 1940 2172 nou
1957 2154 1992 2173 te-

1805 2185 1896 2208 nendae.

1807 2289 1839 2311 De
1862 2296 1906 2311 non
1932 2297 1991 2320 pro-

1806 2321 1915 2342 movendo
1949 2329 1990 2352 per

1806 2359 1936 2375 simoniam.

1804 2517 1885 2540 Clerici
1907 2526 1918 2540 a
1927 2519 1995 2542 laicis

1802 2558 1844 2572 non
1862 2550 1981 2576 iudicandi.

1803 2641 1833 2662 De
1858 2643 1993 2671 consangui-

1802 2680 1841 2693 nea
1872 2680 1914 2695 nou
1949 2674 1992 2696 du-

1803 2703 1873 2726 cenda
1891 2705 1912 2726 in
1932 2713 1990 2729 uxo-

1803 2742 1861 2759 ΙἛΠΙ-
