2237 3127
174 284 216 311 An
252 283 280 311 C.

302 284 353 313 506

226 2024 238 2030 ,ι
249 2017 323 2031 11511115

170 2048 174 2066 ἰ
189 2046 349 2073 gyruariorum

168 2085 170 2095 ¹
227 2089 249 2102 is
276 2081 348 2103 ‹leco—

166 2128 173 2138 1
192 2128 205 2138 ,i
225 2123 292 2139 instar
310 2124 349 2138 [0-

189 2187 192 2199 .
226 2157 301 2205 ¹⁴¹⁰.ssss
313 2156 349 2168 ‘¹¹‘
374 2163 500 2198 quoque
518 2151 550 2185 in
565 2150 785 2186 defensoribus
798 2158 921 2197 septem
932 2151 987 2198 qui
1001 2158 1126 2185 ostensa

168 2333 251 2349 »irum
279 2329 350 2357 aliqua
375 2347 380 2351 ,

185 2374 187 2384 ι
220 2364 351 2385 ¹·‹1t'un1COl-

444 281 514 319 168

391 358 505 383 norum
533 343 721 392 gaudiorum
748 354 765 378 a
790 341 874 377 iusto
900 339 1004 376 iudice
1029 341 1139 376 eodem

390 395 528 431 Domino
549 400 657 428 nostro
676 391 830 438 consequi
842 398 1022 426 mereantur
1036 389 1139 425 Amen

389 444 553 490 Scriptum
588 453 643 487 per
668 453 797 476 manum
822 439 987 475 Benedicti
1013 447 1140 475 sanctae

389 493 552 528 Romanae
573 490 736 526 Ecclesiae
756 489 900 525 scrinarii
926 500 1035 524 mense
1055 489 1139 524 maio

386 540 561 576 indictione
576 539 823 586 decimaquarta.
846 537 934 573 Bene
956 538 1066 573 valete.
1079 537 1140 573 Da-

387 598 453 624 tum
484 595 597 636 quarto
623 588 774 624 kalendas
813 587 882 622 iulii
916 599 973 635 per
1008 599 1137 622 manum

386 638 515 674 loannis
541 637 733 673 Albanensis
759 636 904 672 Ecclesie
938 636 1080 683 episcopi
1108 643 1139 672 et

383 695 492 723 sancte
530 698 654 722 summe
693 685 778 722 sedis
811 684 986 733 apostolice
1018 686 1138 721 biblio—

384 736 514 772 thecarii
548 747 631 771 anuo
666 735 734 771 Deo
769 735 908 783 propitio
938 734 1138 782 pontificatus

383 785 482 820 nostri
504 793 593 820 sexto
620 787 676 829 (1).

475 841 535 872 Dat.
554 842 601 872 die
618 841 656 871 ⁶28
679 841 753 872 iunii
765 850 841 871 anno
859 840 975 871 Domini
989 841 1056 878 596,

552 881 656 921 pontis.
676 881 808 920 Gregorii
837 890 913 910 anno
924 889 961 910 Vl.

726 998 783 1033 xl.

381 1068 563 1111 Defensores
594 1073 705 1111 septem
740 1067 853 1099 honore
874 1065 1134 1109 Reyionart'orttm

432 1116 619 1149 decorandos
645 1115 751 1148 statuit
782 1116 838 1157 (2).

654 1178 867 1208 SUMMARIUM

379 1234 738 1266 I¹rooeniium.—Causae
753 1234 967 1264 concessionis.
978 1233 1131 1264 —Defen-

419 1285 500 1305 sores
505 1275 755 1320 *llegionariorum
772 1275 883 1304 honore
901 1273 1029 1303 decorati
1041 1274 1134 1302 instar

417 1315 599 1345 notariorum
633 1318 661 1344 et
682 1314 942 1344 subdiaconorum.
965 1312 1131 1342 —Statuta

416 1355 514 1393 aliqua
533 1363 584 1393 pro
603 1363 705 1384 eorum
737 1354 925 1392 00110510-
941 1352 1131 1383 Confirmatio

418 1394 577 1433 privilegii.

382 1456 526 1491 Gregorius
543 1455 677 1483 Bonisacio
690 1455 722 1483 de
732 1454 886 1491 privilegiis
894 1454 1063 1483 defensorum
1072 1449 1130 1493 (5).

424 1513 659 1549 Ecclesiasticis
681 1512 869 1547 utilitatibus
891 1511 1025 1546 fideliter
1045 1510 1131 1545 insu-

325 1594 329 1605 ,
377 1562 489 1597 dantes
515 1574 673 1608 congruae
693 1560 957 1596 remunerationis
979 1567 1053 1594 sunt
1074 1560 1131 1595 be-

375 1612 489 1647 neficio
511 1610 742 1658 prosequendi:
767 1618 801 1644 ut
836 1618 866 1645 et
898 1622 959 1644 nos
992 1621 1131 1655 respon-

374 1660 459 1695 disse
480 1673 589 1696 eorum
616 1660 712 1705 digne
727 1659 890 1705 obsequiis
910 1658 1084 1699 videamur,
1099 1666 1130 1693 et

374 1709 418 1743 illi
445 1722 483 1744 ex
505 1709 625 1754 indulta
647 1708 873 1743 consolationis
899 1707 998 1753 gratia
1021 1707 1130 1741 utilio-

306 1787 351 1801 ,ffl
375 1770 425 1793 res
455 1759 600 1793 existant.
623 1757 705 1799 Quia
732 1757 826 1803 igitur
847 1757 1051 1792 defensorum
1079 1756 1130 1791 of-

374 1807 484 1843 ficium
512 1807 544 1842 in
571 1807 674 1842 causis
713 1806 875 1841 Ecclesiae
914 1814 945 1841 et
965 1805 1129 1852 obsequiis

373 1857 516 1891 noscitur
538 1856 679 1891 laborare
699 1855 895 1902 pontificum,
910 1855 969 1890 hac
984 1866 1039 1890 eos
1050 1866 1129 1889 con-

375 1917 463 1941 cessa
486 1905 707 1952 prospeximus
724 1904 1029 1951 recompensationis
1045 1916 1128 1950 prae-

373 1955 511 2001 rogativa
538 1953 689 2001 gaudere:
719 1954 949 1988 constituentes
982 1961 1018 1988 ‘ut
1046 1953 1128 1988 sicut

373 2004 404 2038 in
427 2003 536 2039 schola
559 2003 752 2038 notariorum
787 2011 882 2050 atque
908 2001 1128 2038 subdiacono-

375 2065 445 2088 rum
468 2064 525 2100 per
550 2051 814 2099 indultamlonge
837 2059 919 2087 retro
941 2051 1126 2099 pontificum

374 2101 548 2148 largitatem
574 2109 649 2137 sunt
683 2101 851 2146 regionarii
880 2100 1062 2142 constituti;
1084 2101 1127 2136 ita

330 2203 334 2206 '
373 2211 448 2235 suae
471 2199 685 2247 experientiae
706 2200 839 2235 utilitate
862 2200 1048 2247 placuerunt
1064 2199 1127 2245 hg-

374 2261 450 2284 nore
471 2249 648 2295 regionario
670 2248 870 2284 decorentur.
898 2249 987 2291 Quos
1021 2247 1127 2296 quoli-

373 2298 426 2333 bet
447 2309 504 2345 per
524 2297 699 2333 absentiam
722 2298 879 2344 pontificis
894 2325 902 2339 ,
929 2305 960 2333 et
993 2297 1126 2332 sedendi

374 2359 403 2381 in
426 2355 582 2382 conventu
604 2347 791 2382 clericorum
813 2347 930 2382 habere
953 2347 1124 2389 licentiam,

407 2413 448 2447 (1)
469 2411 521 2445 Qui
537 2411 570 2438 de
585 2411 636 2438 hoc
651 2411 772 2451 Gregorii
797 2411 882 2446 Magni
899 2412 932 2451 (si
952 2412 1008 2439 Deo
1027 2412 1125 2447 placet)

371 2447 511 2482 privilegio
525 2446 693 2474 sentiendum
710 2447 754 2478 sit,
767 2447 902 2473 innuimus
914 2448 939 2474 in
951 2447 1124 2482 praefatione,

371 2491 425 2522 quo
444 2490 549 2509 summo
566 2482 692 2509 lectorem
711 2482 799 2509 studio
816 2490 963 2516 magnaque
987 2490 1051 2509 cuia
1077 2491 1123 2510 re-

371 2518 511 2545 mittimus.
542 2518 581 2552 (2)
592 2517 766 2544 Defensorum
777 2518 910 2544 Romanae
920 2517 1050 2545 Ecclesiae
1060 2525 1124 2545 mu-

371 2561 421 2579 nus
440 2556 497 2580 erat
512 2553 679 2588 potissimum
692 2560 839 2592 pauperum
852 2556 932 2592 atque
948 2553 1125 2580 Ecclesiarum

371 2588 528 2619 defensioni,
548 2591 574 2614 et
590 2588 721 2614 commod
725 2596 737 2614 s
752 2588 899 2622 invigilare,
917 2588 1055 2622 ipsiusque
1071 2589 1125 2615 Ro-

372 2633 394 2647 in
399 2631 462 2649 inae
478 2623 609 2650 Ecclesiae
626 2623 785 2657 patrimonia
802 2623 826 2649 in
843 2622 958 2649 diversis
978 2623 1125 2651 Piovinciis

373 2663 455 2690 gitisita
471 2666 576 2686 curare.
614 2658 654 2694 (5)
675 2659 788 2693 Registr.
805 2657 851 2685 lib.
868 2665 929 2691 vni,
945 2666 987 2694 ep.
1006 2665 1064 2686 xiv.

1012 287 1203 311 BULLAan
1229 287 1397 312 Romam

1184 348 1215 376 et
1240 341 1371 378 honoris
1392 341 1440 377 sui
1464 339 1652 390 privilegia
1643 353 1675 377 in
1698 341 1846 378 omnibus
1867 353 1932 379 sta-

1185 391 1305 426 tuimus
1340 391 1492 427 obtinere.
1525 390 1691 446 Praeterea
1727 391 1754 426 si
1789 393 1860 440 quis
1893 394 1930 428 ad

1184 440 1298 487 prioris
1332 441 1437 476 locum
1471 440 1624 485 veniens,
1657 439 1689 474 in
1717 440 1775 476 alia
1802 441 1933 477 sortasse

1183 489 1341 536 provincia
1358 497 1487 537 propter
1505 488 1670 523 utilitatem
1692 490 1852 536 propriam
1874 492 1933 526 de-

1182 538 1238 584 git,
1259 539 1345 574 liune
1359 549 1489 573 necesse
1511 545 1558 572 est
1581 537 1735 585 primatus
1756 538 1860 574 locum
1876 553 1932 587 per

1182 587 1287 623 omnia
1319 599 1447 628 ουτοι-ος
1475 595 1508 621 ut
1534 586 1586 622 ille
1618 587 1704 635 prior
1729 587 1930 623 defensorum

1181 637 1323 671 omnium
1348 637 1446 683 possit
1468 636 1613 678 existere,
1632 649 1691 691 qul
1706 644 1738 671 et
1755 645 1826 672 ante
1843 639 1931 684 prio-

1182 693 1268 721 ratus
1293 687 1398 721 locum
1427 685 1458 719 iu
1486 684 1710 721 ecclesiasticis
1744 686 1933 722 utilitatibus

1180 734 1405 782 obsequiisque
1438 734 1594 782 pontificis
1628 746 1692 769 non
1719 735 1838 770 destitit
1876 748 1932 783 per

1180 783 1320 819 sedulam
1336 783 1545 831 praesentiam
1568 795 1751 830 permanere
1773 787 1828 829 (1).
1845 784 1930 820 Haec

1179 832 1284 880 itaque
1301 832 1536 867 constitutionis
1553 840 1679 868 nostrae
1697 832 1833 875 decreta,
1849 846 1930 881 quae

1181 894 1236 928 pro
1258 882 1461 917 defensorum
1485 889 1559 916 sunt
1581 882 1769 929 privilegiis,
1792 891 1824 918 et
1845 883 1931 918 ordi-

1180 931 1306 965 natione
1333 931 1494 978 disposita,
1524 938 1675 985 perpetua
1706 931 1876 966 stabilitate
1902 941 1933 967 et

1178 980 1245 1014 sine
1267 980 1372 1027 aliqua
1393 980 1614 1015 constituimus
1629 980 1855 1027 refragratione
1869 994 1932 1016 ser-

1179 1029 1257 1063 v·aii:
1281 1030 1346 1065 sive
1372 1041 1452 1077 quae
1479 1029 1597 1076 seiipto
1623 1029 1846 1071 decrevimus,
1874 1042 1929 1065 seu

1178 1090 1257 1124 quae
1281 1079 1311 1113 in
1334 1079 1379 1114 eis
1413 1091 1444 1113 111
1482 1085 1588 1113 nostra
1610 1079 1790 1126 piaesentia
1825 1079 1931 1114 viden-

1178 1135 1228 1161 tur
1250 1140 1320 1163 csse
1341 1128 1506 1174 disposita,
1529 1139 1588 1162 nec
1610 1139 1626 1162 a
1652 1140 1813 1175 quoquam
1840 1140 1929 1175 pon-

1177 1176 1297 1211 tifieum
1322 1177 1353 1211 in
1381 1184 1481 1211 totum
1506 1184 1666 1223 partemve
1700 1177 1839 1224 qualibet
1870 1189 1928 1212 oc-

1177 1225 1304 1260 casione
1333 1226 1467 1260 convelli
1501 1226 1702 1261 decernimus
1728 1226 1776 1261 vel
1805 1227 1930 1261 mutari.

1176 1273 1255 1308 Nam
1284 1275 1378 1309 nimis
1412 1282 1460 1309 est
1497 1285 1672 1321 asperum,
1706 1282 1737 1309 et
1755 1275 1932 1330 praecipue

1176 1322 1226 1357 bo
1221 1323 1268 1357 nis
1289 1322 1491 1358 sacerdotum
1508 1323 1680 1358 moribus
1672 1323 1852 1365 inimicum,
1875 1324 1931 1359 niti

1176 1373 1357 1419 quempiam
1393 1384 1596 1420 quacumque
1632 1372 1764 1408 rationis
1798 1384 1933 1409 excusa-

1176 1421 1272 1465 tione,
1294 1429 1324 1456 et
1351 1433 1431 1468 quae
1448 1421 1530 1457 bene
1552 1429 1627 1456 sunt
1648 1421 1790 1457 ordinata
1812 1422 1932 1457 rescin-

1175 1469 1260 1514 dere,
1288 1478 1318 1505 ot
1342 1470 1489 1518 exemplo
1504 1482 1561 1505 suo
1583 1470 1698 1506 docere
1720 1479 1860 1506 caeteros
1874 1484 1931 1507 sua

1175 1518 1368 1565 quandoque
1396 1528 1466 1566 post
1495 1531 1529 1554 se
1551 1519 1722 1555 constituta
1743 1519 1928 1556 dissolvere.

1174 1567 1284 1603 Mense
1300 1568 1403 1615 aprili,
1424 1568 1596 1603 indictione
1621 1568 1731 1615 prima.

1254 1625 1315 1655 Dat.
1329 1634 1430 1655 mense
1453 1625 1538 1664 aprili
1554 1635 1630 1655 anno
1646 1625 1761 1655 Domini
1781 1626 1848 1662 598,

1335 1664 1437 1703 pontif.
1456 1665 1588 1703 Gregorii
1606 1674 1683 1695 anno
1708 1674 1769 1695 vm.

1516 1783 1588 1818 ΧΠ.

1177 1855 1334 1889 Concessio
1353 1856 1589 1900 privilegyiorum
1606 1857 1793 1890 monasterio
1811 1864 1929 1891 sancto-

1222 1916 1291 1937 rum
1330 1906 1457 1938 Ioannis
1492 1911 1519 1938 et
1551 1905 1703 1950 Stephani
1739 1906 1772 1939 in
1804 1906 1926 1940 civitate

1223 1954 1325 1988 Classe
1362 1954 1549 1988 Ravennatis
1576 1953 1717 1989 dioecesis
1736 1955 1838 1999 posito
1860 1956 1921 1998 (2).

1440 2021 1657 2053 SUMMARIUM

1171 2080 1361 2111 Prooemium.
1378 2095 1418 2102 —
1434 2078 1547 2109 Causae
1569 2080 1784 2110 concessionis.
1802 2097 1842 2103 -
1859 2080 1932 2110 Con-

1210 2120 1305 2150 cessio
1328 2119 1522 2160 exemptionis
1541 2119 1571 2148 in
1587 2119 1844 2150 administratione
1862 2121 1931 2150 red-

1210 2160 1337 2190 dituum.
1359 2175 1400 2181 —-
1420 2159 1459 2188 De
1490 2167 1647 2188 causarum
1671 2159 1868 2190 discussione.
1891 2176 1930 2181 —

1210 2199 1308 2229 Abbas
1331 2207 1390 2227 non
1409 2202 1575 2235 extraneus,
1598 2199 1650 2228 sed
1677 2199 1712 2229 de
1742 2199 1854 2238 gremio
1878 2208 1930 2238 per

1210 2238 1373 2269 monachos
1390 2238 1555 2275 eligendus.
1572 2254 1612 2260 ——
1628 2238 1668 2268 De
1684 2238 1929 2269 subordinatione

1209 2278 1423 2308 monachorum
1453 2282 1589 2316 respectu
1617 2278 1744 2308 abbatis.
1766 2295 1807 2301 —
1827 2278 1928 2317 Capita

1209 2318 1309 2357 aliqua
1331 2326 1346 2347 a
1366 2317 1529 2354 monachis,
1548 2322 1577 2347 et
1598 2317 1705 2348 abbate
1734 2317 1929 2348 obserxanda.

1207 2373 1248 2381 —
1273 2357 1313 2387 De
1342 2357 1522 2386 monastello
1550 2366 1609 2387 non
1639 2357 1859 2396 praegravando
1890 2357 1926 2386 ab

1208 2397 1350 2437 episcopo
1372 2396 1552 2427 visitationis
1572 2405 1673 2427 causa

1232 2454 1375 2490 Gregorius
1387 2454 1538 2483 mariniano
1557 2454 1681 2490 episcopo
1700 2454 1861 2484 Ravennati.

1217 2508 1320 2550 Quam
1347 2508 1387 2542 sit
1413 2508 1628 2544 necessarium
1657 2508 1921 2543 monasteriorum
1950 2515 2091 2537 Pruoeznium·

1168 2557 1265 2606 quieti
1288 2557 1483 2604 prospicere,
1509 2566 1539 2592 et
1566 2557 1606 2592 de
1633 2568 1745 2592 eorum
1773 2564 1924 2604 perpetua

1201 2622 1243 2658 (l)
1259 2624 1335 2650 Grat.
1356 2623 1400 2653 ⁶225,
1417 2631 1445 2658 q.
1461 2623 1488 2656 ἐξ,
1505 2630 1530 2650 c.
1547 2623 1574 2655 7,
1591 2623 1701 2650 Constit.
1740 2621 1780 2658 (P.)
1802 2622 1915 2657 Registr.

1168 2658 1213 2686 lib.
1232 2665 1292 2691 vin,
1309 2666 1352 2693 ep.
1370 2665 1421 2685 xv.

1954 278 2005 306 An.
2032 278 2060 305 C.
2086 280 2138 307 598

1979 842 2122 865 Confirmatio

1953 879 2051 909 privileg
2062 879 2078 901 i.
