2237 3127
68 314 122 343 An.
149 315 177 342 C.
201 315 253 343 649

85 1165 179 1195 ldeuqne
201 1172 254 1186 arvu-

69 1202 165 1222 mentm
175 1207 185 1222 a
195 1200 253 1221 vm·-

70 1238 115 1259 tino
133 1237 150 1266 l,
175 1240 196 1258 οι
219 1244 253 1265 sf-

70 1275 128 1297 nodo
159 1274 253 1295 Romana

68 1316 194 1341 percussus.

74 1882 120 1903 Duu
131 1881 195 1902 lecim
214 1887 255 1901 ca-

71 1918 116 1946 pita
143 1916 256 1937 haeresum

73 1952 153 1973 Paulus
171 1959 255 1981 sequu—

72 1992 105 2010 tus
123 1992 165 2011 est.

914 317 1078 339 srtnrtxcs
1105 317 1113 338 1
1143 315 1189 337 rt‘.
1704 303 1769 337 ‘201

283 375 383 411 sionis
408 386 472 410 non
500 385 534 409 es
560 372 745 416 aemulatus,
778 383 881 419 neque
915 371 1035 411 dixisti,
1076 371 1169 405 etiam
1191 369 1230 404 ab
1252 368 1338 404 omni
1361 368 1554 404 substantiali
1574 369 1823 412 existentia.Qni

282 425 427 473 peccavi3
463 436 537 459 cum
571 423 740 458 mutaveris
772 421 900 457 Domini
927 421 1035 461 fidem,
1076 428 1236 467 praeterea
1275 419 1440 454 sustuleris
1467 420 1496 453 in
1527 419 1664 466 praefato
1693 427 1747 453 tuo
1781 432 1825 454 se-

283 483 314 510 01
340 474 504 522 deceperis
527 480 650 508 nostros
677 471 905 519 apocrisiarios.
931 470 1036 517 Super
1076 469 1180 504 cundo
1215 469 1381 516 synodali,
1408 477 1439 503 et
1466 469 1526 504 hoc
1552 469 1658 504 omnia
1692 469 1825 503 anathe-

281 536 344 571 quo
373 524 429 558 tibi
458 523 614 571 propitius
636 534 704 556 esse
721 521 848 568 potero?
869 519 1031 567 Numquid
1075 519 1233 562 matizare,
1245 530 1465 566 quaecumque
1479 518 1823 559 anathematizavimus;

281 586 377 621 super
410 573 460 608 his
488 585 550 607 non
572 571 720 615 visitabo,
753 570 830 604 dicit
856 569 1034 604 Dominus?
1075 575 1109 602 ut
1136 580 1191 615 per
1218 568 1278 602 hoc
1304 580 1367 602 non
1395 568 1497 602 solnm
1521 580 1575 603 eos
1602 568 1696 602 etiam
1713 596 1721 609 ,
1744 580 1825 614 quos

281 632 311 658 et
351 623 382 657 in
413 630 505 669 gente
540 621 591 656 tali
624 632 686 654 non
726 618 895 654 ulciscetur
928 618 1032 652 anima
1074 617 1418 662 anathematizavimus,
1457 630 1572 664 nempe
1599 617 1683 664 ipsas
1710 617 1825 664 impio-

283 671 376 707 mea?
404 676 445 716 (al
475 669 689 713 Quamobrem
718 668 787 707 1105,
814 667 867 715 qni
895 667 978 702 diem
1000 667 1031 701 in
1051 687 1055 734 g
1074 678 1144 700 rum
1173 666 1401 701 haereticorum
1430 679 1581 714 personas
1617 667 1826 701 anathemati-

281 722 400 762 ciuere,
435 730 465 756 et
491 732 593 760 sacc0,
614 727 645 753 et
662 718 828 752 afflictione
853 717 977 751 animae
1003 725 1034 751 et
1073 727 1144 750 zare
1180 728 1307 750 recuses
1332 719 1415 759 (nam
1442 716 1469 750 si
1491 717 1634 763 dogmata
1660 728 1677 751 a
1705 724 1733 750 te
1760 728 1824 750 non

282 783 469 817 corporum,
491 777 522 804 et
543 768 690 816 lacrymis
723 766 935 814 poenitentiae
967 778 1033 813 op-
1074 765 1389 810 anathematizentur,
1412 766 1615 813 perspicuum
1643 774 1700 804 est,
1727 773 1758 800 te
1786 777 1825 800 ne

282 820 446 867 probrium
484 818 562 866 ipsis
588 829 606 852 a
633 825 662 852 te
688 815 824 856 illatum,
850 827 1032 862 expugnare
1051 838 1054 851 .
1073 826 1225 861 personas
1241 814 1369 862 quidem
1387 814 1821 850 nefariorumhaereticorum

281 869 454 909 iussimus,
481 867 567 915 quod
602 879 664 901 non
699 866 799 900 solnm
826 865 1031 912 apostolicam
1051 854 1054 893 l
1073 864 1353 898 anathematizare:
1390 864 1545 911 siquiden]
1574 864 1740 898 haereseos
1769 865 1824 911 ip—

280 917 531 965 contempserint
553 923 751 964 potestatem,
776 914 830 950 sed
859 915 953 949 etiam
980 926 1033 948 sa-
1051 932 1054 953 1
1073 925 1181 947 sorum
1215 925 1330 957 causa,
1367 926 1427 947 non
1456 925 1548 948 causa
1575 921 1728 957 naturae,
1770 925 1824 947 eos

280 968 422 1015 pientem
450 979 514 1001 non
536 965 692 1001 audierint
724 963 918 1011 parabolam,
952 975 1032 1010 quae
1073 963 1407 1007 anathematizamus),
1434 963 1489 996 sed
1512 970 1546 997 ut
1578 963 1672 997 etiam
1696 974 1824 996 omnem

279 1017 373 1052 dicit:
394 1016 530 1059 Quando
549 1014 732 1050 submiserit
749 1014 897 1048 iuimicus
922 1025 1031 1047 vocem
1073 1012 1215 1046 omnium
1239 1024 1378 1047 errorem
1402 1024 1609 1059 paganorum,
1625 1011 1823 1052 iudaeorum,

277 1079 385 1107 suam,
412 1078 451 1101 110
478 1065 651 1100 credideris
678 1064 719 1099 ei:
743 1064 892 1110 quoniam
909 1071 1031 1110 septem
1073 1061 1303 1096 haereticorum
1334 1062 1364 1095 in
1399 1070 1429 1096 te
1463 1062 1643 1096 confirmes.
1676 1059 1711 1095 Si
1739 1061 1823 1095 enim

281 1116 442 1164 nequitiae
464 1123 538 1150 sunt
560 1115 591 1148 in
614 1113 710 1149 corde
731 1113 814 1147 illius
829 1115 877 1157 (bl
900 1112 945 1147 Te
959 1124 1032 1147 vero
1073 1111 1177 1146 omnia
1205 1112 1348 1146 omnium
1371 1110 1484 1146 horum
1509 1111 1654 1157 dogmata
1677 1110 1826 1145 condem-

282 1178 343 1201 una
372 1178 444 1201 cum
469 1164 636 1199 haereticis
664 1163 724 1198 tuis
750 1162 859 1207 literis,
887 1162 968 1196 idest
993 1162 1033 1196 li-
1075 1173 1198 1201 namus,
1227 1170 1261 1196 ut
1283 1162 1450 1204 contraria,
1477 1169 1507 1195 et
1533 1160 1660 1195 inimica
1687 1159 1825 1199 veritati;

284 1215 358 1250 teris
374 1214 589 1263 synodalibus,
611 1225 703 1261 quae,
725 1220 755 1247 et
777 1212 875 1259 prius,
898 1219 928 1246 et
948 1223 1032 1246 nunc
1074 1219 1106 1245 tu
1145 1223 1218 1246 vero
1253 1211 1360 1245 omnia
1383 1223 1443 1245 una
1468 1209 1635 1245 nobiscum
1658 1221 1735 1244 voce
1762 1221 1824 1244 non

282 1277 298 1300 3
321 1272 351 1299 10
375 1264 415 1300 ad
444 1276 503 1298 nos
528 1263 643 1298 missae
670 1272 755 1300 sunt,
785 1261 939 1296 sententia
955 1273 1033 1295 303-
1073 1260 1338 1305 anathematizas,
1381 1272 1461 1308 qnae
1508 1259 1826 1299 anathematizamus,

280 1313 429 1348 thematis
471 1312 708 1354 damnavimus,
743 1323 781 1345 ex
809 1323 846 1345 eo
869 1310 941 1350 dic,
978 1310 1031 1357 qui
1052 1341 1053 1346 ,
1074 1322 1273 1358 consequens
1299 1317 1357 1349 est,
1393 1318 1423 1344 te
1458 1309 1573 1343 horum
1606 1308 1747 1343 omnium
1775 1320 1826 1343 er-

279 1363 416 1409 scriptus
442 1374 459 1398 a
486 1362 577 1397 nobis
597 1373 633 1396 ac
654 1360 806 1395 diffinitus
831 1367 889 1401 051,
917 1371 1032 1406 nempe
1075 1372 1176 1394 rorem
1210 1359 1428 1404 confirmasse,
1455 1358 1507 1406 qui
1536 1370 1553 1393 a
1580 1358 1672 1392 nobis
1699 1358 1764 1392 sive
1787 1357 1826 1392 ab

279 1425 295 1448 a
319 1412 372 1447 die
395 1412 494 1459 prima
519 1411 693 1459 praesentis
716 1410 835 1444 mensis
852 1409 1032 1444 novembris
1074 1409 1215 1444 Ecclesia
1242 1408 1396 1444 catholica
1437 1407 1725 1443 anathematizatur.
1765 1407 1825 1449 Qui

284 1462 460 1497 indictione
483 1463 517 1504 8,
544 1473 606 1508 qna
628 1460 679 1494 die
698 1460 880 1494 missasate
895 1458 1032 1493 lubricas
1075 1458 1169 1504 igitur
1205 1454 1263 1493 ista
1302 1457 1403 1493 fecisti
1445 1457 1597 1492 adversus
1639 1456 1826 1491 catholicam

280 1511 386 1546 literas
413 1510 596 1557 accepimus
612 1536 622 1554 ,
662 1516 693 1544 et
729 1507 1031 1549 condemnavimus3
1074 1507 1186 1549 lidem3
1206 1507 1381 1554 Neglexisti
1408 1519 1471 1552 me,
1498 1506 1575 1541 dicit
1599 1506 1770 1544 Dominus,
1797 1513 1828 1540 et

279 1560 382 1608 quoad
406 1571 441 1595 ea
459 1571 540 1608 quae
561 1571 577 1594 a
601 1557 830 1606 tesynodaliter
843 1565 930 1604 gesta
945 1564 1031 1598 sunt,
1073 1557 1190 1593 oblitus
1221 1570 1256 1592 es
1290 1556 1427 1592 foederis
1460 1556 1523 1591 mei
1561 1555 1713 1591 dicentis:
1755 1555 1826 1590 Non

278 1621 443 1658 quaequae
478 1609 575 1656 prius,
601 1616 632 1644 et
658 1620 739 1655 quae
766 1619 852 1642 nunc
886 1615 918 1641 10
958 1619 1030 1642 cum
1073 1607 1314 1654 transgredieris
1355 1606 1395 1641 de
1436 1606 1586 1641 omnibus
1612 1604 1826 1650 sermonibus,

278 1659 439 1699 omnibus,
461 1659 514 1706 qni
537 1658 836 1706 quomodocumque
851 1656 898 1691 vel
914 1656 1031 1703 scripto
1052 1672 1054 1690 z
1074 1669 1154 1704 qnos
1180 1670 1238 1703 ego
1265 1656 1426 1704 praecipio
1465 1655 1521 1690 tibi
1555 1655 1663 1700 hodie,
1685 1654 1826 1694 dextera,

279 1709 327 1744 vel
355 1709 423 1743 sine
449 1709 566 1756 scripto
594 1708 631 1742 iis
659 1708 908 1754 patrocinantur,
929 1714 1030 1740 autea
1052 1694 1055 1715 '
1074 1714 1127 1740 301
1153 1707 1292 1746 sinistra,
1320 1714 1354 1740 ut
1380 1718 1433 1740 eas
1460 1713 1529 1751 post
1555 1702 1641 1739 Deos
1667 1704 1767 1742 31105,
1796 1711 1829 1738 01

279 1758 467 1799 defendunt,
503 1757 595 1792 nobis
621 1756 850 1792 consentiendo
877 1755 1031 1790 damnetis
1074 1756 1159 1790 colas
1186 1768 1240 1790 eos
1278 1758 1330 1799 (a).
1364 1755 1406 1789 Et
1432 1754 1491 1788 erit
1524 1754 1551 1788 si
1585 1766 1648 1788 non
1688 1753 1826 1787 audieris

279 1817 310 1843 et
336 1807 618 1851 anathematizetis,
640 1815 674 1841 01
695 1806 863 1846 haeretica,
890 1813 920 1839 et
944 1816 1031 1839 vana.
1075 1817 1185 1839 vocem
1219 1805 1348 1839 Domini
1371 1803 1427 1838 Dei
1452 1804 1510 1848 tui,
1538 1810 1572 1838 ut
1597 1802 1770 1842 custodias,
1798 1811 1827 1837 et

279 1857 424 1892 Primum
466 1856 594 1903 quidem
622 1863 750 1903 propter
791 1855 971 1889 haerentem
1001 1855 1032 1888 in
1075 1854 1171 1889 facias
1199 1855 1304 1889 omnia
1333 1861 1500 1901 praecepta
1535 1853 1612 1892 eius,
1649 1860 1680 1887 et
1714 1860 1826 1886 statuta

280 1907 330 1941 his
357 1906 582 1941 absurditatem
611 1904 907 1952 reprehensibilium
950 1903 1034 1937 duo·
1075 1904 1155 1944 eius,
1183 1916 1263 1951 quae
1291 1916 1349 1950 ego
1377 1902 1534 1950 praecipio
1567 1902 1623 1936 tibi
1659 1901 1770 1935 hodie:
1798 1909 1828 1936 et

281 1955 382 1991 decim
406 1964 534 1990 tuorum
556 1955 707 2002 capitum,
730 1966 809 2000 quae
832 1952 887 1987 tihi
916 1953 1033 1999 scripto
1076 1954 1202 1988 venient
1216 1966 1311 2001 super
1325 1962 1354 1988 te
1369 1964 1479 1987 omnes
1499 1952 1556 1986 1130
1574 1950 1828 1989 maledictiones,

281 2013 353 2040 nota
390 2004 461 2045 feci,
489 2014 522 2040 ut
549 2004 775 2038 inexcusabilis
797 2003 851 2041 sis,
874 2003 898 2036 si
923 2014 1033 2037 emen·
1076 2011 1105 2038 et
1132 2003 1370 2050 apprehendent
1397 2009 1438 2036 10.
1466 2001 1542 2036 Viae
1564 2002 1646 2036 enim
1675 2008 1746 2035 11130
1763 2028 1770 2040 ,
1799 2008 1829 2034 01

281 2055 444 2090 (1311000111
485 2066 622 2088 recuses.
663 2053 783 2087 Deinde
822 2052 905 2100 quod
947 2052 1034 2099 pium
1077 2053 1282 2099 cogitationes
1298 2060 1369 2086 tuac
1391 2051 1533 2086 fecerunt
1555 2050 1634 2085 haec
1655 2050 1722 2084 tibi.
1740 2049 1825 2084 Haec

281 2116 464 2139 sermonem
497 2103 621 2137 irritum
655 2103 757 2137 facere
785 2102 815 2136 in
844 2101 906 2136 illis
941 2114 1035 2136 ausus
1077 2103 1193 2137 malitia
1215 2109 1280 2143 103,
1300 2102 1371 2149 quia
1395 2113 1499 2135 amara
1525 2108 1584 2144 est,
1610 2100 1760 2147 quoniam
1784 2107 1827 2133 at-

282 2166 329 2195 05,
357 2154 493 2200 impium
521 2165 594 2187 vero
615 2152 729 2199 dogma
757 2151 957 2191 confirmare,
979 2151 1033 2198 qui
1077 2152 1147 2198 tigit
1174 2164 1274 2199 usque
1297 2151 1333 2186 ad
1353 2163 1406 2185 cor
1424 2158 1526 2184 tuum.
1546 2149 1715 2191 Quomodo
1734 2148 1827 2194 igitur

282 2203 344 2239 hoc
370 2203 581 2243 substuleris,
608 2201 694 2249 quod
730 2214 784 2248 per
811 2209 954 2235 naturam
981 2213 1037 2235 vo—
1078 2202 1175 2246 dices,
1200 2214 1262 2236 non
1285 2213 1355 2235 snm
1376 2200 1526 2247 pollutus,
1546 2210 1649 2246 neque
1670 2198 1826 2233 ambulavi

283 2253 401 2297 luntas,
429 2260 460 2288 et
481 2252 622 2299 operatio
648 2252 758 2286 salutis
786 2260 909 2285 nostrae
938 2250 978 2284 sit
1004 2250 1035 2284 iu
1056 2273 1059 2292 ς
1079 2259 1147 2298 post
1162 2263 1258 2299 super
1273 2250 1469 2285 inductitiam
1486 2249 1655 2284 novitatem
1673 2247 1730 2291 (b)?
1747 2247 1828 2282 Vide

285 2302 423 2337 Domino
452 2310 559 2336 nostro
592 2301 662 2335 Iesu
697 2300 838 2344 Christo,
859 2299 1035 2335 secuudum
1078 2301 1142 2335 vias
1166 2309 1234 2335 tuas
1255 2300 1286 2334 in
1309 2311 1413 2335 errore
1430 2299 1610 2346 impressas,
1626 2306 1655 2332 et
1671 2309 1827 2343 cognosce

284 2359 452 2397 utramque
476 2362 595 2394 earum,
617 2362 655 2385 ex
676 2350 793 2398 quibus
815 2358 845 2385 et
867 2350 899 2384 iu
922 2349 1037 2396 quibus
1079 2350 1154 2398 quid
1183 2350 1305 2390 feceris,
1333 2349 1482 2397 quoniam
1502 2348 1528 2382 si
1543 2347 1720 2382 ablueriste
1733 2346 1826 2385 nitro,

285 2408 343 2441 est,
374 2409 577 2434 naturarum:
606 2400 637 2434 in
665 2412 728 2447 quo
751 2408 879 2447 propter
899 2399 1037 2433 sublatas
1079 2408 1110 2434 et
1132 2399 1386 2446 multiplicaveris
1407 2398 1462 2432 tibi
1490 2397 1631 2439 herbam,
1650 2395 1828 2430 maculatus

285 2449 442 2485 eiusmodi
468 2449 535 2496 pias
561 2461 666 2493 voces,
702 2450 770 2484 sine
787 2449 974 2488 voluntate,
1002 2461 1038 2482 ac
1057 2455 1060 2477 ⁴»
1079 2462 1114 2484 es
1140 2449 1171 2483 in
1200 2448 1419 2496 iniquitatibus
1446 2447 1508 2482 tuis
1535 2457 1730 2483 coramme,
1752 2445 1828 2480 dicit

287 2500 357 2534 51110
390 2499 585 2546 operatione,
617 2498 758 2546 quinimo
779 2499 849 2534 sine
875 2498 1038 2533 existentia
1079 2499 1251 2534 Dominus:
1279 2498 1382 2533 donec
1403 2504 1565 2532 convertas
1591 2503 1621 2530 te
1645 2494 1777 2534 sincere,
1800 2502 1829 2528 ct

288 2549 319 2583 in
347 2556 480 2596 utraque
502 2556 613 2583 natura
639 2560 712 2583 eum
742 2560 811 2584 esse
838 2547 1036 2583 adstruxisti:
1080 2560 1153 2583 eum
1181 2561 1238 2596 per
1277 2548 1359 2595 piam
1387 2545 1618 2582 confessionem
1654 2544 1769 2588 diligas
1797 2544 1827 2578 in

288 2597 375 2646 quod
397 2598 481 2633 enim
500 2606 547 2633 est
567 2609 680 2645 expers
699 2598 803 2633 omnis
823 2596 1039 2633 substantialis
1081 2606 1145 2633 toto
1166 2598 1261 2633 corde
1288 2606 1354 2641 tuo,
1377 2604 1407 2631 01
1428 2596 1460 2630 in
1487 2603 1551 2630 tota
1573 2594 1677 2629 anima
1699 2601 1751 2628 103
1768 2621 1775 2633 ,
1798 2602 1829 2627 et

289 2647 476 2688 voluntatis,
510 2656 604 2695 atque
630 2647 835 2695 operationis,
867 2646 1040 2683 destruitur
1080 2647 1112 2682 in
1136 2656 1198 2683 tota
1220 2654 1327 2682 mente
1349 2654 1401 2682 tua
1424 2649 1472 2689 (c).
1500 2644 1569 2679 Hoc
1595 2652 1642 2678 051
1664 2642 1747 2677 enim
1765 2643 1829 2688 pri-

327 2703 369 2741 (3)
387 2704 482 2732 let-em.
499 2705 524 2731 5.
565 2703 602 2739 (b)
623 2704 704 2732 Prov.
720 2705 765 2732 26.
1116 2704 1155 2742 (a)
1170 2705 1250 2733 Dent.
1268 2705 1312 2731 28.
1351 2703 1390 2740 (b)
1409 2703 1503 2731 Ierem.
1520 2702 1548 2729 2.
1585 2701 1623 2738 (c)
1638 2699 1732 2728 mauu.
1747 2699 1794 2729 Ἡ.

367 2748 443 2780 Bau.
461 2748 539 2779 Rom.
567 2748 613 2779 Vol
639 2748 661 2779 1.
821 2749 860 2781 25

1856 304 1907 330 An.
1932 304 1958 329 C.
1986 303 2036 329 (34⁴.)
