2237 3127
168 322 218 351 An.
241 322 268 350 C.
296 322 346 350 0120

432 329 501 365 193

724 411 776 446 Ill.

379 489 492 523 Paulus
517 484 788 519 Thessalonicensis
809 483 962 528 episcopus
979 493 1045 514 cum
1059 493 1119 514 non

423 538 524 579 niodo,
554 542 584 569 ut
611 535 805 579 promiserat,
845 543 907 564 non
949 530 1118 575 resipuerit,

422 598 526 619 verunt
548 595 580 617 eo
602 591 723 617 auctore
743 581 928 626 apostolicae
949 581 1024 613 seclis
1042 592 1119 624 apo-

421 635 557 669 crist'arii
570 634 601 667 in
615 633 761 666 haeresim
775 631 889 675 fuerint
903 630 1030 670 indracti,
1044 641 1120 663 ana-

421 684 641 718 tlienzan'wnn·
661 689 687 715 et
713 681 874 726 deponitur
899 681 959 722 (11).

644 749 858 781 SUMMARIUM

370 815 481 846 Minora
500 818 617 854 peccata
635 813 750 843 vitanda
769 821 805 841 ne
824 811 989 841 incidamus
1007 811 1036 840 in
1048 819 1117 848 gra-

411 856 499 885 viora.
528 871 568 877 —·
596 854 703 884 Maiora
735 855 852 891 peccata
878 854 956 887 sunt,
984 859 1058 888 quae
1085 858 1118 879 ex

411 895 533 925 scientia
552 904 604 933 per
621 893 820 933 operationem
841 892 922 920 fiunt.
941 907 980 912 ——
997 890 1117 919 Peccata

410 945 527 974 quoque
545 933 750 969 involuntarie,
776 936 856 961 etex
881 930 1027 960 oblivione
1053 938 1119 967 per-

410 979 520 1014 petrata
546 983 605 1003 non
628 973 719 1002 inulta
744 972 960 1010 relinquuntur.
982 987 1021 992 —
1042 969 1117 998 Pec-

409 1015 466 1044 cati
480 1014 612 1049 mortalis
631 1012 767 1050 gravitas.
782 1028 822 1033 —
835 1011 927 1046 Quam
944 1010 1039 1048 gravia
1056 1009 1119 1048 epi-

411 1063 567 1093 scoporum
587 1057 616 1083 et
637 1052 823 1081 sacerdotum
847 1054 964 1089 peccata
987 1050 1054 1078 sint.
1079 1065 1119 1070 —

409 1093 544 1123 Secunda
564 1092 776 1122 haereticorum
793 1089 988 1127 transgressio
1007 1089 1118 1127 primae

411 1133 551 1163 malitiam
572 1132 707 1161 ostendit.
728 1147 768 1152 -
795 1129 825 1158 ln
850 1129 1117 1167 longanimitatem,

409 1183 443 1203 ac
460 1171 692 1202 misericordiam
711 1169 884 1208 propensior
899 1168 1055 1207 apostolica
1073 1176 1119 1196 se-

409 1213 472 1248 deS,
491 1221 578 1251 quam
597 1211 626 1240 in
650 1211 843 1239 severitatem.
860 1225 900 1230 —
925 1208 1034 1237 Paulus
1061 1206 1119 1236 Ro-

409 1262 488 1282 mam
506 1255 624 1281 vocatus
643 1255 687 1279 est
709 1254 739 1279 nt
761 1258 791 1278 se
810 1248 845 1277 ab
865 1248 986 1277 obiectis
1013 1256 1119 1284 expur-

410 1296 500 1330 garet.
510 1308 550 1313 —
564 1290 620 1320 Sed
637 1288 841 1329 apocrisiarios
856 1286 1119 1326 apostolicaesedis

356 1332 357 1335 ’
409 1332 549 1370 corrupit.
566 1347 606 1353 —
622 1330 829 1359 l‘erversorum
858 1327 991 1356 fallaciae
1016 1325 1118 1365 publi-

409 1372 530 1400 candae.
547 1387 587 1393 --
602 1369 712 1399 Paulus
738 1372 889 1407 peecatum
908 1376 965 1396 non
985 1371 1028 1395 est
1045 1375 1118 1395 con-

410 1411 517 1441 sessus.
531 1427 571 1432 —
585 1409 711 1448 ideoque
730 1409 913 1438 anathemate
929 1417 942 1436 a
960 1406 1082 1435 Martino
1098 1404 1118 1441 l,

411 1456 440 1481 et
457 1451 567 1489 synodo
585 1458 705 1479 romana
722 1456 891 1486 percussus.
906 1463 946 1468 -
960 1445 1117 1475 Duodecim

412 1491 507 1529 capita
530 1491 685 1519 haeresum
714 1488 820 1517 Paulus
843 1490 986 1525 sequutus
1004 1488 1056 1514 est.
1080 1501 1121 1507 —

409 1525 465 1565 Qui
484 1530 675 1559 condemnata
689 1527 724 1557 ab
743 1527 872 1556 Ecclesia
892 1525 1035 1555 catholica
1051 1524 1120 1561 dog-

411 1573 487 1599 mata
507 1579 565 1598 non
583 1569 711 1601 damnat,
734 1576 766 1596 ea
785 1568 960 1595 confirmare
978 1564 1120 1603 supponi-

409 1613 466 1639 tur.
487 1626 528 1631 -—
542 1608 672 1637 Primum
692 1607 859 1636 mandatum
879 1605 998 1634 credere
1017 1605 1045 1633 in
1064 1603 1120 1632 Do-

412 1649 524 1678 minum
543 1648 564 1677 l.
582 1647 611 1677 C.
636 1664 675 1669 --
693 1646 862 1675 Adhortatio
884 1646 920 1674 ad
938 1644 1062 1673 Paulum
1090 1647 1121 1672 ut

408 1689 583 1725 resipiscat,
612 1691 640 1716 et
671 1695 702 1715 se
730 1685 873 1714 emendet.
902 1700 943 1706 —-
971 1682 1119 1721 Depositio

409 1728 493 1757 Pauli
509 1725 790 1757 Ttiessatonivonsis,
809 1724 904 1763 quoad
923 1722 1081 1761 apostolica
1093 1726 1121 1751 et

409 1767 559 1806 synodalia
592 1767 707 1796 decreta
742 1765 849 1802 scripto
881 1763 1041 1792 confirmet.
1081 1778 1121 1783 —-

409 1807 505 1837 Pietas
523 1807 552 1836 in
571 1805 660 1835 Deum
680 1804 856 1844 principium
876 1811 992 1837 sensus,
1017 1810 1049 1830 ac
1072 1810 1120 1830 sa-

411 1847 550 1886 pientiae.
566 1862 606 1868 —
630 1845 732 1875 lterata
752 1843 915 1874 adhortatio
933 1842 970 1871 ad
988 1841 1120 1871 Paulum.

370 1914 450 1942 Paulo
477 1913 601 1949 episcopo
629 1910 835 1940 Thessalonicae
868 1909 1002 1937 Martinus
1026 1915 1120 1935 servus

415 1965 555 1987 servorum
572 1957 628 1989 Dei,
649 1957 759 1984 sanctae
779 1961 905 1983 romanae
924 1953 1074 1982 catholicae
1094 1953 1121 1980 et

415 2002 579 2039 apostolicae
602 2002 647 2029 Dei
666 2000 798 2029 Ecclesiae
819 2000 970 2035 opiscopus.

421 2065 580 2101 Dominus
601 2076 637 2098 ac
658 2064 743 2098 Deus
758 2070 864 2097 noster
876 2061 962 2096 lesus
977 2060 1121 2095 Christus

374 2116 427 2163 qui
456 2115 593 2149 humana
620 2114 719 2159 ipsius
752 2111 967 2146 incarnatione
1002 2110 1122 2145 invete-

376 2174 472 2199 ratam
514 2171 653 2198 nostram
689 2170 833 2196 naturam
876 2167 1044 2199 renovavit,
1086 2171 1122 2193 ac

375 2213 502 2260 proprio
524 2212 620 2247 livore
643 2212 763 2258 plagam
786 2208 1042 2256 transgressionis
1063 2220 1122 2243 no-

375 2271 457 2297 strae
482 2262 611 2302 sanavit,
634 2273 704 2296 cum
729 2260 803 2294 velit
824 2272 881 2294 nos
909 2271 971 2293 non
999 2258 1059 2292 iam
1083 2257 1121 2292 de

376 2320 498 2346 caetero
510 2322 651 2357 peecare,
674 2322 712 2344 ne
735 2322 790 2356 per
809 2317 972 2355 peccatum
986 2307 1122 2342 deterius

375 2360 453 2408 quid
467 2359 558 2394 nobis
573 2359 744 2405 contingat,
765 2367 796 2393 et
824 2358 981 2392 tradamur
995 2364 1121 2391 aeterno

375 2409 543 2457 supplicio,
565 2409 614 2443 cui
641 2408 781 2448 traditur,
809 2407 860 2454 qui
880 2407 932 2441 hic
957 2406 1121 2453 disciplina

375 2458 564 2494 emendatus
585 2470 647 2492 non
670 2456 773 2501 suerit,
800 2457 945 2501 dignatus
966 2463 1013 2490 est
1027 2455 1120 2489 nimia

375 2508 515 2543 bonitate
542 2507 651 2554 poenis
672 2505 918 2553 percutientibus
939 2505 1028 2552 quasi
1049 2505 1121 2551 qui-

376 2557 509 2592 busdam
519 2556 734 2591 vallisanimae
748 2564 870 2590 nostrae
884 2556 958 2598 vias,
973 2562 1003 2588 et
1019 2553 1121 2588 aditus

376 2607 412 2640 ad
437 2614 598 2653 peccatum
622 2605 777 2652 obsepire,
805 2617 840 2639 ac
866 2604 1001 2647 munire,
1025 2603 1121 2650 idque

377 2655 529 2702 significat
546 2667 599 2702 per
616 2654 730 2690 Oseam
752 2654 936 2702 proplietam
952 2652 1119 2689 dicentem:

412 2716 450 2756 (l)
466 2717 504 2743 Ex
524 2716 586 2743 edit.
607 2716 680 2743 card.
701 2715 819 2745 Ceratae„

971 329 1160 355 BULLARmM
1187 328 1350 352 ROMANUM

1164 383 1248 418 Ecce
1278 395 1337 430 ego
1363 381 1481 429 sepiam
1505 380 1587 415 viam
1626 387 1710 415 tuam
1738 379 1850 427 spinis,
1877 387 1908 416 et

1162 433 1281 480 sepiam
1303 444 1371 467 eam
1395 431 1544 465 maceria:
1567 437 1597 464 et
1619 430 1746 464 semitas
1757 441 1829 464 suas
1844 442 1907 465 non

1162 482 1309 523 inveniet,
1336 489 1366 516 et
1392 487 1542 527 sequetur
1567 487 1722 514 amatores
1754 491 1850 520 suos,
1877 486 1908 514 et

1162 544 1224 566 non
1245 529 1461 578 apprehendet
1487 541 1556 564 eos:
1584 535 1614 563 et
1640 536 1768 576 quaeret
1790 540 1855 572 eos,
1877 535 1908 563 et

1162 593 1222 616 non
1251 580 1387 615 inveniet
1424 591 1497 622 eos,
1529 586 1559 613 et
1590 577 1689 612 dicet:
1718 577 1855 617 Vadam,
1877 585 1908 612 et

1162 639 1296 664 revertar
1322 629 1360 663 ad
1383 628 1483 662 virum
1506 639 1610 662 meum
1639 627 1800 674 priorem,
1832 627 1906 674 quia

1162 679 1240 714 bene
1252 686 1317 713 erat
1334 677 1409 712 mihi
1433 686 1507 712 tunc
1529 677 1629 722 magis
1643 689 1737 723 qnam
1758 678 1905 719 nunc(a).

1160 728 1253 763 Unde
1279 740 1317 762 ex
1342 727 1537 761 humanitate
1578 727 1731 760 immensa
1774 737 1836 760 non
1870 737 1906 760 ea

1160 778 1278 818 solum,
1300 789 1379 824 quae
1399 789 1415 811 a
1439 775 1530 810 nobis
1554 788 1610 822 per
1635 775 1797 810 scientiam
1814 803 1822 816 ,
1849 775 1903 809 sed

1160 828 1251 862 etiam
1274 838 1353 873 quae
1376 838 1413 860 ex
1440 825 1610 871 ignorantia
1639 832 1807 871 peccantur
1833 837 1907 858 con-

1159 876 1286 911 demnat
1320 887 1463 923 quaeque
1489 887 1526 909 ex
1552 874 1720 915 oblivione,
1747 882 1799 908 aut
1821 874 1904 908 nuda

1160 925 1359 973 cogitatione,
1382 932 1435 959 aut
1453 923 1625 971 eupiditate
1647 923 1767 965 inutIli;
1791 935 1828 958 ne
1851 935 1905 968 per

1160 987 1205 1016 ea,
1232 987 1313 1022 quae
1335 974 1449 1009 leviora
1473 985 1541 1009 esse
1569 973 1734 1017 videntur,
1770 973 1904 1007 malitiae

1160 1025 1253 1063 viam,
1277 1036 1313 1059 ac
1334 1024 1478 1059 semitam
1494 1022 1652 1066 facientes,
1668 1035 1705 1056 ex
1719 1030 1901 1068 contemptu

1160 1074 1196 1108 ad
1221 1074 1349 1117 maiora,
1368 1074 1534 1121 peioraque
1558 1079 1681 1119 peccata
1698 1071 1903 1112 adducamur,

1161 1123 1246 1158 nullo
1273 1123 1333 1158 iam
1361 1123 1514 1157 existente
1542 1129 1636 1160 metu,
1668 1121 1720 1167 qui
1749 1121 1904 1166 impetum

1161 1173 1295 1208 malitiae
1313 1181 1437 1207 nostrae
1465 1184 1520 1218 per
1539 1170 1729 1217 supplicium
1752 1169 1906 1204 cohibeat.

1160 1222 1276 1256 Maiora
1304 1230 1407 1256 autem
1431 1221 1513 1261 dico,
1540 1232 1620 1267 quae
1642 1232 1680 1254 ex
1706 1219 1836 1253 scientia
1853 1231 1909 1265 per

1160 1271 1374 1318 operationem
1391 1277 1572 1317 peccantur,
1587 1268 1667 1303 etad
1681 1268 1796 1302 malum
1813 1268 1906 1302 tinem

1162 1321 1307 1355 veniunt:
1345 1332 1400 1367 per
1426 1330 1506 1366 quae
1533 1318 1663 1352 omnino
1690 1317 1867 1352 excidimus
1892 1329 1909 1352 a

1160 1369 1227 1404 Deo
1261 1378 1291 1404 et
1325 1369 1453 1404 ultimae
1481 1367 1571 1402 morti
1599 1366 1827 1410 adiudicamur,
1854 1366 1908 1401 ubi

1161 1419 1351 1465 sempiterna
1373 1418 1501 1465 quidem
1522 1428 1619 1463 poena
1633 1425 1691 1456 est,
1705 1415 1788 1450 nulla
1803 1423 1909 1451 autem

1162 1468 1356 1503 remissionis
1383 1475 1430 1501 est
1455 1467 1565 1501 venia:
1591 1465 1749 1507 Quoniam
1777 1477 1839 1500 non
1862 1472 1910 1499 est

1162 1517 1192 1551 in
1221 1526 1331 1556 morte,
1359 1517 1412 1563 qui
1442 1528 1563 1550 memor
1588 1515 1627 1549 sit
1650 1515 1704 1553 tui,
1729 1515 1758 1549 in
1781 1514 1905 1549 inferno

1161 1574 1266 1600 autem
1308 1566 1379 1612 quis
1420 1564 1622 1599 confitebitur
1660 1563 1738 1598 tibi?
1769 1565 1807 1607 (b)
1834 1563 1909 1598 dicit

1162 1615 1272 1650 beatus
1294 1615 1404 1649 David.
1428 1614 1519 1656 Quod
1542 1621 1644 1647 autem
1658 1613 1745 1647 Deus
1766 1624 1907 1659 ea,quae

1161 1677 1198 1698 ex
1229 1665 1401 1709 ignorantia
1435 1676 1452 1698 a
1485 1662 1575 1697 nobis
1602 1663 1631 1696 in
1668 1663 1769 1709 ipsum
1805 1661 1909 1696 delin-

1162 1722 1311 1760 quuntur,
1339 1713 1440 1760 punit,
1463 1713 1530 1759 ipse
1553 1720 1681 1746 testatur
1702 1711 1827 1746 dicens:
1851 1711 1907 1746 tlte

1162 1770 1265 1797 autem
1297 1775 1417 1807 servus,
1452 1762 1503 1809 qui
1537 1761 1682 1808 cognovit
1715 1760 1906 1795 voluntatem

1162 1812 1290 1846 Domini
1324 1812 1384 1856 sni,
1406 1820 1436 1846 et
1460 1823 1520 1845 non
1546 1810 1749 1857 praeparavit,
1780 1817 1810 1844 et
1844 1822 1907 1844 non

1164 1861 1234 1895 fecit
1248 1861 1421 1896 secundum
1438 1861 1629 1895 voluntatem
1648 1860 1727 1900 eius,
1751 1859 1909 1906 vapulabit

1163 1910 1285 1951 multis;
1312 1911 1363 1957 qui
1392 1923 1453 1944 non
1476 1910 1622 1955 cognovit
1656 1916 1686 1943 et
1721 1908 1793 1943 fecit
1813 1909 1907 1954 digna

1163 1960 1273 2007 plagis,
1296 1960 1454 2007 vapulabit
1481 1959 1588 2005 paucis
1611 1961 1658 2003 (c).
1685 1957 1776 2000 Quod
1802 1966 1908 1992 autem

1163 2016 1194 2044 et
1214 2021 1261 2050 ea,
1283 2022 1362 2056 quae
1385 2008 1603 2051 involuntarie,
1620 2015 1672 2042 aut
1686 2020 1724 2042 ex
1737 2006 1906 2047 oblivione,

1164 2066 1380 2106 praeterquam
1414 2065 1552 2104 oportet,
1580 2064 1809 2103 perpetrantur,
1843 2068 1906 2090 non

1164 2108 1282 2142 indulta
1309 2108 1477 2154 relinquit:
1519 2106 1657 2141 ostendit
1698 2118 1823 2140 rursum
1852 2117 1907 2152 per

1163 2158 1305 2205 Moysen:
1347 2156 1549 2203 Locutusque
1590 2163 1636 2190 est
1670 2154 1827 2189 Dominus
1864 2154 1905 2189 ad

1162 2207 1305 2254 Moysen,
1326 2205 1455 2240 dicens:
1491 2205 1636 2252 Loquere
1674 2204 1748 2238 filiis
1788 2203 1905 2238 lsrael:

1163 2256 1263 2290 anima
1299 2267 1371 2290 eum
1405 2256 1578 2302 peccaverit
1609 2266 1664 2301 per
1698 2252 1906 2299 ignorantiam

1163 2313 1193 2340 et
1224 2305 1262 2340 de
1296 2305 1449 2339 universis
1486 2303 1640 2338 mandatis
1660 2302 1799 2342 Domini,
1827 2314 1907 2349 quae

1165 2354 1319 2402 praecepit
1338 2362 1371 2388 ut
1393 2366 1454 2388 non
1478 2353 1598 2393 fierent,
1621 2352 1782 2400 quippiam
1801 2351 1906 2392 seceri3

1163 2405 1188 2439 si
1215 2403 1371 2447 sacerdos,
1402 2404 1454 2450 qui
1490 2411 1604 2437 unctus
1636 2409 1694 2447 est,
1721 2398 1906 2448 peccaverit,

1163 2454 1346 2500 delinquere
1374 2452 1489 2487 faciens
1511 2452 1674 2499 populum,
1707 2450 1817 2485 offeret
1850 2462 1907 2496 pro

1165 2510 1291 2550 peccato
1318 2514 1374 2537 suo
1398 2502 1529 2536 vitulum
1566 2500 1800 2535 immaculatum
1838 2498 1906 2533 Do-

1164 2552 1269 2593 mino;
1290 2552 1314 2586 si
1344 2551 1516 2598 peccaverit
1544 2550 1708 2597 princeps,
1742 2555 1772 2582 et
1798 2547 1907 2582 fecerit

1164 2614 1261 2636 unum
1283 2613 1320 2635 ex
1344 2601 1486 2647 pluribus
1507 2612 1563 2647 per
1585 2597 1805 2646 ignorantiam,
1822 2597 1906 2644 qnod

1162 2650 1288 2686 Domini
1316 2651 1383 2696 lege
1410 2650 1605 2697 prohibetur,
1628 2656 1657 2682 et
1681 2656 1786 2694 postea
1814 2647 1908 2682 intel*

1197 2711 1235 2749 (a)
1252 2711 1328 2739 Oscae
1349 2712 1374 2738 l.
1411 2710 1449 2747 (b)
1466 2710 1560 2737 l'salm.
1577 2710 1603 2738 6.
1641 2708 1677 2746 (c)
1693 2709 1755 2735 Luc.
1774 2708 1815 2736 ta.

1935 309 1990 337 An.
2012 307 2041 336 C.
2065 309 2117 336 649

1937 751 2020 774 Minora
2029 751 2122 780 peecata

1938 785 2025 809 vitanda
2043 793 2069 807 ue
2086 785 2119 807 in-

1938 821 2035 844 cidamus
2097 820 2120 842 in

1937 858 2048 888 graviora.

1937 1186 2020 1209 Maiora
2032 1189 2124 1216 peccata

1938 1226 1996 1252 sunt,
2025 1230 2079 1253 quse
2097 1231 2122 1245 ex

1938 1259 2030 1280 scientia
2083 1266 2123 1289 per

1955 1294 2108 1324 operationem

1942 1329 2006 1352 fiunt.

1939 1632 2038 1653 Peccata
2070 1638 2127 1661 quo-

1940 1677 1983 1699 que
2001 1668 2127 1691 involunta-

1940 1706 1980 1735 rie,
1999 1708 2021 1727 et.
2033 1713 2057 1727 ex
2070 1704 2125 1726 obli-

1940 1741 2002 1762 vione
2044 1747 2125 1771 perpe·

1939 1779 1996 1798 trata
2007 1784 2049 1798 non
2059 1775 2127 1799 inulta

1939 1811 2100 1841 relinquuntur.

2210 438 2228 467 ,ᾖ
2213 400 2218 406 .
