2237 3127
167 312 217 339 An.
244 313 269 340 C.
299 312 348 340 ϋιῖ

429 331 498 363 012

978 332 1057 355 nULL
1061 331 1165 354 tnmtu
1186 330 1349 354 ROMANUM

377 395 467 430 Iesus
488 393 634 428 Christus
659 391 763 426 claves
798 388 915 436 ligandi
942 394 1036 435 atque
1057 386 1121 422 sol·
1165 385 1259 421 tionis
1291 385 1414 421 laudem
1449 392 1544 432 atque
1579 383 1737 430 opinionis
1758 385 1907 423 obtineat.

373 444 470 478 vendi
493 443 524 477 in
545 441 633 476 coelo
653 449 746 487 atque
767 439 797 473 in
820 447 899 473 terra
914 437 1121 483 dignatusest

374 491 664 547 irnperti1e;‹111itts
685 498 715 524 et
737 501 795 523 nos
815 488 888 522 licet.
910 487 1045 534 impares
1061 486 1121 520 mi-

374 541 504 576 nistelio
526 540 700 585 fungimur,
723 547 753 574 et
774 536 949 572 Ecclesiam
972 548 1040 570 eius
1060 534 1118 571 Dei

371 590 553 636 dign-itione
575 566 786 635 disponimus,
806 584 1119 621 monasteriutnbea-

371 647 474 674 torum
497 638 710 686 apostolorum
733 637 819 671 Petri
845 644 875 670 et
895 635 1008 676 Pauli,
1030 634 1116 681 qnod

370 688 511 723 Melduni
545 687 710 734 religiosae
752 686 923 721 memmiae
963 662 1115 723 coiididit,

369 737 454 783 quod
477 738 570 772 etiam
593 749 697 771 nunc
692 734 957 781 Meldunesbnrge
980 741 1116 777 meatur,

369 787 463 821 situm
487 787 519 821 in
544 787 700 833 provincii
723 784 870 824 Saxonia,
907 792 1000 830 atque
1035 782 1113 817 illud

369 837 593 871 monasterium
610 863 620 880 ,
663 834 748 882 quod
788 834 818 868 in
860 833 980 868 honore
1017 833 1114 867 sancti

368 885 498 920 Ioannis
519 886 677 933 Baptistae
699 891 747 919 est
768 885 798 918 iu
821 883 930 918 eadem
958 882 1115 928 provincia

367 936 516 982 positum,
539 935 624 970 iuxta
637 934 777 974 Πιιιίιιιιι,
792 933 990 989 ‹priv-ocatut
1007 931 1114 973 From,

367 996 446 1032 quae
474 994 558 1019 tuam
582 984 777 1030 religionem,
799 982 879 1017 Deo
914 989 1112 1027 cooperante,

366 1033 495 1080 provide
513 1034 695 1080 dispensare
717 1032 889 1067 multorum
913 1030 1050 1065 veridica
1065 1043 1116 1066 re-

364 1083 480 1117 latione
501 1084 720 1129 cognovimus,
741 1080 923 1128 apostolicis
943 1079 1114 1127 privilegiis

364 1132 563 1176 roboremus,
588 1132 657 1178 piae
679 1131 854 1166 devotionis
886 1129 1036 1164 facientes
1061 1142 1115 1163 as-

364 1194 504 1222 sensum,
541 1181 705 1215 hortamur
739 1192 794 1214 vos
821 1179 851 1213 in
880 1179 938 1213 Dei
967 1178 1114 1213 laudibus

226 1249 230 1261 ι
250 1249 258 1256 ³
274 1242 292 1261 ²0
310 1251 319 1263 «ι
363 1239 393 1265 ct
420 1230 613 1265 orationibus
640 1229 788 1265 studiosis
810 1232 866 1273 (t),
888 1236 981 1274 atque
1004 1228 1113 1282 pervi-

362 1280 443 1325 giles
465 1279 672 1315 abstinentiae
687 1307 696 1323 ,
718 1277 938 1318 castimoniae,
967 1277 1114 1323 purifica-

364 1330 439 1364 tioni
465 1330 613 1364 tenaciter
642 1329 849 1364 inhaerentes,
878 1326 1110 1373 hospitalitatis,

362 1388 457 1426 atque
480 1379 685 1413 humanitatis
707 1377 817 1413 officiis
844 1376 967 1411 deditos
993 1387 1029 1410 ac
1056 1375 1113 1410 de-

363 1437 452 1463 votos
493 1427 690 1464 obedientiae
716 1436 746 1462 et
776 1425 960 1460 humilitatis
994 1424 1110 1460 Christi

363 1479 496 1512 existere
518 1490 573 1511 vos
595 1486 762 1520 amatores,
784 1476 865 1510 circa
891 1475 1027 1509 invicem
1063 1475 1111 1521 pia

362 1527 512 1561 charitate
534 1526 730 1566 concordes,
753 1524 909 1559 mandatis
942 1523 1113 1570 spirituali-

363 1575 433 1617 bus,
462 1584 492 1611 et
523 1583 703 1610 sanctorum
731 1575 857 1609 Patrum
887 1573 1004 1619 regulis
1045 1585 1112 1607 ser-

360 1625 476 1660 viendo
503 1625 692 1671 apostolieae
720 1624 804 1665 fidei,
828 1622 1048 1658 rectitudinem
1071 1622 1111 1656 il-

362 1674 457 1709 libate
479 1686 614 1717 servare,
633 1673 723 1708 bonis
745 1672 858 1708 studiis
879 1683 1007 1719 operam
1025 1671 1111 1716 dare,

362 1723 588 1758 humanitatem
609 1723 782 1769 peregrinis
809 1730 839 1756 et
865 1720 1030 1766 egentibus
1056 1720 1112 1754 im-

360 1773 524 1819 pendere,
559 1772 775 1807 Ecclesiarum
806 1771 864 1805 Dei
900 1769 1109 1817 praesulibus,

358 1832 388 1857 et
431 1821 651 1857 sacerdotibus
700 1821 933 1856 venerationem
973 1819 1108 1855 debitam

358 1871 518 1912 exhibere,
552 1871 620 1905 Deo
654 1882 773 1911 vacare,
801 1872 979 1905 saeculares
1005 1881 1109 1909 curas,

357 1929 387 1954 et
422 1929 572 1968 quaestus
607 1919 761 1966 effugere,
799 1919 1041 1966 temperantiam
1080 1926 1110 1952 et

356 1979 569 2016 paupertatem
598 1969 741 2015 dili-gere,
771 1969 900 2016 psalmis
926 1976 956 2002 et
983 1967 1109 2015 hymnis

357 2019 588 2066 spiritualibus,
620 2028 715 2065 atque
747 2017 942 2054 orationibus
971 2017 1109 2051 assiduis

357 2081 428 2103 cum
454 2068 522 2103 Deo
550 2068 742 2115 colloquium
767 2068 918 2106 inserere,
943 2066 1109 2101 abstinen-

355 2119 429 2152 tiam
460 2126 619 2165 tamquam
644 2118 893 2164 purificationem
915 2116 1057 2163 corporis
1074 2116 1105 2149 in

355 2167 480 2202 eunctis
494 2168 573 2202 vitae
588 2167 700 2202 studiis
720 2166 882 2205 adhibere,
905 2166 937 2199 in
959 2165 1108 2199 omnibns

352 2216 411 2251 Dei
440 2216 596 2251 mandatis
613 2216 778 2251 alterutros
793 2216 940 2255 excitare,
968 2214 1108 2249 solicitos

353 2266 435 2300 cirea
458 2267 505 2300 sui
529 2266 664 2300 salutem
686 2277 766 2307 esse,
790 2274 821 2300 et
849 2264 1052 2312 proficientes
1076 2264 1105 2298 in

355 2315 470 2350 melius
488 2315 651 2358 aemulari,
671 2323 701 2349 et
720 2315 752 2348 in
774 2314 832 2349 Dei
857 2313 1014 2361 praesidio
1029 2325 1107 2348 con-

353 2365 461 2405 fidere,
491 2364 714 2398 immaculatos
740 2376 795 2398 vos
818 2376 879 2398 non
903 2362 1004 2397 solum
1019 2374 1034 2396 a
1050 2375 1106 2397 co—

353 2414 505 2459 gitatione
528 2412 658 2453 carnali,
674 2412 729 2447 sed
752 2413 846 2447 etiam
868 2425 884 2447 a
906 2411 1106 2447 sermonibus

354 2463 456 2498 noxiis
479 2470 509 2497 ct
535 2462 782 2509 cogitationibus
808 2461 977 2500 custodire,
999 2469 1033 2495 ut
1053 2473 1107 2495 ca-

353 2512 453 2553 stitas,
483 2520 576 2559 atque
599 2511 754 2546 sobrietas
781 2511 922 2558 corporis
955 2509 1050 2545 simul
1075 2519 1105 2545 et

354 2562 487 2608 spiritus
521 2562 613 2596 vestri
652 2569 723 2596 ante
758 2559 815 2595 Dei
850 2560 958 2594 oculos
990 2559 1103 2598 luceat

353 2619 513 2656 quatenus
539 2618 569 2645 et
592 2610 722 2645 interior
744 2610 838 2644 homo
860 2609 958 2655 gratia
980 2609 1103 2643 virtutis

354 2660 546 2701 illustretur,
569 2668 599 2695 et
626 2660 760 2695 exterior
798 2659 898 2695 bonae
931 2669 1105 2694 conversa-

391 2722 430 2757 (J.)
452 2721 518 2749 chc
534 2724 674 2749 studiosus.

1161 434 1242 477 Quia
1271 435 1364 482 igitur
1397 434 1511 469 talibas
1552 433 1685 468 debetur
1717 436 1909 482 pontificalis

1161 484 1375 531 indulgentiae
1388 483 1590 524 heneficium,
1605 484 1823 530 praesentibus
1837 498 1910 533 apo·
1938 516 1970 537 <³0

1941 323 1992 350 ln.
2015 325 2043 352 C.
2074 326 2123 354 687

1940 445 2065 474 Apostolici
2079 448 2125 476 pri-

1939 489 1958 503 v·
1955 482 2014 511 logii
2028 490 2125 506 conces-

1160 534 1279 569 stolicis
1313 533 1486 589 privilegiis
1525 532 1682 580 praedicta
1720 534 1908 572 venerabilia
1939 534 1944 537 i
1975 535 1979 539 ’

1161 583 1347 618 monasteria
1375 582 1576 617 decernimus
1603 582 1792 622 munienda,
1822 597 1908 631 qua-

1159 639 1252 667 tenus
1284 632 1344 667 sub
1381 631 1600 666 iurisdictione
1639 639 1733 679 atque
1775 633 1908 670 tuitione

1158 681 1300 722 eiudem,
1318 681 1368 716 cui
1395 688 1427 715 et
1453 693 1510 716 nos
1535 680 1744 737 deservimus,
1770 684 1907 719 auctoris

1158 731 1256 766 nostri
1281 731 1361 766 beati
1385 729 1469 764 Petri
1498 730 1646 776 apostoli,
1665 738 1695 765 et
1717 731 1786 766 eius
1811 745 1906 780 quam

1158 779 1379 828 dispensamus
1403 779 1572 824 Ecclesiae,
1599 788 1630 815 et
1655 792 1740 815 nnnc
1761 780 1849 828 sint,
1875 791 1906 818 et

1158 842 1186 863 ιιι
1216 838 1404 885 perpetuum
1432 837 1646 876 permaneant,
1673 830 1754 865 sicut
1776 838 1827 866 tua
1849 844 1906 867 re-

1157 878 1231 926 ligio
1247 879 1346 926 petiit,
1360 879 1540 926 nulliusque
1554 878 1683 915 alterius
1698 879 1903 917 iurisdictioni

1157 928 1220 963 sint
1240 928 1392 972 subiecta,
1415 940 1473 963 nec
1495 928 1662 976 quisquam
1682 929 1903 977 episcoporum

1156 986 1209 1012 ant
1223 978 1433 1019 sacerdotum,
1448 986 1501 1012 ant
1518 977 1688 1013 cuiuslibet
1702 978 1904 1016 ecclesiastici

1156 1027 1276 1062 ordinis
1297 1028 1443 1069 clericus,
1470 1039 1598 1075 quoquo
1618 1035 1762 1076 tempore
1783 1028 1844 1063 sibi
1870 1030 1902 1066 in

1156 1088 1191 1111 ea
1213 1077 1477 1132 qualemcumque
1509 1076 1759 1112 iurisdictionem
1791 1077 1905 1118 defen-

1155 1125 1241 1171 dete,
1256 1126 1565 1173 autsusceptionem,
1587 1126 1635 1161 vel
1658 1126 1818 1182 quaelibet
1833 1141 1904 1163 mu-

1157 1176 1300 1218 nuscula,
1322 1188 1338 1211 a
1361 1176 1503 1222 religiosa
1530 1176 1776 1223 congregatione
1797 1184 1903 1212 extor-

1156 1236 1264 1270 quere,
1292 1225 1339 1260 vel
1366 1237 1535 1280 exposcere
1573 1233 1764 1272 praesumat,
1800 1238 1902 1273 neque

1156 1273 1186 1307 in
1209 1285 1317 1308 eorum
1333 1275 1470 1309 oratorio
1488 1273 1699 1321 episcopalem
1723 1274 1902 1311 cathedram

1155 1324 1363 1366 constituere,
1385 1331 1438 1359 aut
1459 1323 1627 1358 missarum
1661 1323 1814 1359 solemnia
1842 1324 1903 1359 ibi-

1155 1372 1225 1407 dem
1247 1385 1369 1419 gerere,
1392 1381 1515 1420 praeter
1535 1373 1561 1408 si
1584 1385 1601 1408 a
1623 1372 1769 1420 religioso
1787 1371 1900 1410 abbate

1154 1429 1184 1456 et
1211 1423 1454 1469 congregatione
1484 1422 1600 1458 ascitus
1633 1422 1804 1458 advenerit.
1826 1423 1901 1459 Pre-

1154 1471 1315 1518 sbyterum
1337 1484 1421 1514 vero,
1444 1472 1469 1506 si
1496 1483 1624 1506 necesse
1648 1472 1824 1513 habuerint,
1841 1485 1898 1520 pro

1155 1522 1320 1555 missarum
1343 1521 1506 1556 solemniis
1528 1521 1570 1555 ibi
1593 1521 1742 1560 ordinari,
1764 1529 1815 1556 aut
1837 1522 1901 1557 dia-

1154 1582 1268 1604 conum
1295 1582 1312 1605 a
1333 1570 1597 1606 reverendissimo
1636 1570 1806 1617 episcopo,
1845 1573 1898 1619 qui

1153 1631 1170 1653 e
1196 1619 1298 1654 vicino
1320 1627 1377 1662 est,
1405 1619 1653 1655 consecrandum
1685 1620 1897 1667 expostulent,

1154 1668 1204 1702 illa
1227 1668 1407 1710 dumtaxat,
1432 1681 1512 1716 quae
1538 1669 1576 1704 ad
1603 1681 1722 1704 sacram
1757 1669 1897 1715 regulam

1154 1718 1311 1764 pertinent
1336 1718 1395 1753 sub
1422 1718 1528 1753 divino
1556 1718 1673 1753 iudicio
1696 1719 1897 1766 perquirente

1152 1774 1182 1801 et
1203 1767 1322 1814 absque
1343 1768 1483 1802 muneris
1509 1767 1634 1802 datione
1660 1768 1834 1803 ordinante.
1863 1769 1896 1803 Si

1152 1825 1254 1851 autem
1275 1825 1306 1853 et
1324 1817 1504 1863 religiosum
1523 1817 1666 1852 abbatem
1681 1817 1810 1852 obedire
1825 1829 1898 1853 con-

1152 1866 1278 1912 tigerit,
1306 1874 1337 1901 et
1363 1867 1402 1901 ad
1431 1866 1617 1901 electionem
1652 1866 1780 1902 alterius
1805 1866 1897 1902 fuerit

1152 1923 1291 1957 ventum,
1329 1915 1433 1957 illum,
1461 1928 1554 1962 quem
1589 1915 1734 1962 religiosa
1760 1928 1895 1962 congre-

1150 1965 1233 2010 gatio
1273 1977 1433 2000 servorum
1469 1965 1527 2000 Dei
1560 1965 1722 2000 communi
1762 1965 1895 2000 consilio

1150 2014 1290 2061 clegerit,
1317 2014 1567 2061 promovendum
1589 2026 1606 2049 e
1627 2014 1768 2061 vestigio,
1785 2022 1894 2050 utnon

1150 2062 1374 2098 detrimentum
1409 2063 1611 2099 monachicae
1648 2064 1894 2099 conversationis

1150 2112 1316 2160 disciplina
1350 2113 1507 2154 incurrat,
1549 2112 1597 2148 vel
1637 2125 1686 2148 res
1712 2114 1894 2148 monasterii

1148 2161 1269 2196 abbatis
1315 2163 1487 2210 privatione
1533 2162 1713 2209 depereant.
1761 2162 1891 2198 Praesul

1148 2223 1285 2258 quoque,
1306 2212 1360 2259 qui
1383 2211 1526 2246 similiter
1548 2212 1577 2246 in
1600 2211 1714 2246 vicinio
1735 2210 1839 2257 fuerit,
1855 2224 1893 2247 ex

1148 2261 1311 2308 apostolici
1331 2260 1488 2309 pontilicis
1504 2261 1685 2296 auctoritate
1703 2263 1758 2306 (1),
1782 2262 1892 2296 oratio-

1148 2322 1220 2345 nem
1239 2311 1266 2345 ei
1279 2311 1400 2346 abbatis
1409 2310 1567 2345 attribuat
1575 2311 1659 2345 Dum
1672 2309 1801 2345 haecita
1816 2310 1891 2355 sint,

1147 2359 1173 2394 si
1195 2360 1329 2407 quisque
1361 2361 1595 2408 episcoporum,
1623 2360 1891 2408 presbyterorum,

1147 2409 1194 2443 vel
1216 2409 1383 2444 cuiuslibet
1395 2409 1596 2445 ecclesiastici
1610 2409 1728 2444 ordinis
1746 2409 1891 2451 clericus,

1147 2458 1212 2493 sive
1235 2459 1328 2493 etiam
1356 2459 1465 2500 laicus,
1488 2459 1716 2506 cuiuscumque
1731 2457 1894 2505 dignitatis

1147 2507 1250 2553 fuerit,
1283 2508 1362 2543 haec
1387 2521 1405 2543 a
1430 2508 1523 2543 nobis
1549 2508 1607 2542 sub
1642 2507 1748 2543 divino
1775 2507 1892 2542 iudicio

1147 2565 1259 2592 statuta
1280 2557 1470 2604 transgredi,
1483 2557 1530 2592 vel
1547 2566 1698 2592 temerare
1715 2557 1892 2598 tentaverit,

1148 2618 1236 2641 reum
1269 2618 1303 2642 se
1336 2607 1455 2642 ιιοιοιίι
1480 2603 1551 2642 a'nte
1577 2614 1782 2654 conspectum
1819 2606 1892 2649 Dei,

1146 2662 1177 2690 et
1197 2668 1214 2690 a
1237 2656 1472 2703 participatione
1498 2656 1638 2703 corporis
1663 2655 1836 2699 salutiferi,
1857 2663 1890 2690 et

1180 2716 1220 2753 (1)
1236 2717 1310 2752 Lege:
1333 2728 1355 2743 o»
1366 2720 1480 2744 ationem
1496 2720 1520 2743 ri
1536 2719 1665 2744 abbatiae.

1969 685 2123 709 monasterium

1937 720 1971 742 8¹5.
2006 721 2062 743 Petri
2102 727 2123 745 ct

1938 756 1963 778 la
1958 757 2006 786 uili,
2025 760 2047 779 ct
2063 757 2119 780 uliud

1935 792 1958 813 S.
1979 792 2064 815 loannis
2081 795 2123 816 Ba-

1936 827 2016 856 ptistae
2034 828 2072 851 snb
2089 830 2123 851 in-
2153 839 2157 842 ·

1935 871 1958 884 re
2013 864 2122 888 Romanae

1935 899 2049 922 Ecclesiae
2081 908 2121 923 re-

1936 942 1956 956 c·
1951 935 2060 965 'piuntur3

1965 1105 1989 1127 t-sst
2005 1105 2031 1127 ab
2048 1105 2089 1128 al'a

1933 1148 2068 1171 quaerunque
2087 1142 2120 1163 itt<

1931 1177 1961 1198 ris
1953 1175 2061 1198 *dieti-»ue
2088 1177 2120 1198 li*

1931 1212 1952 1234 lit
1951 1220 1981 1234 ra
2000 1212 2046 1234 snt-c
2073 1212 2117 1235 do-

1931 1248 2049 1271 flat-antur.

1930 1470 2037 1494 Viciniori
2062 1473 2115 1502 epi—

1929 1513 1998 1536 scopo
2040 1515 2115 1531 sacros

1928 1541 2015 1565 ordines
2033 1544 2114 1566 conse-

1928 1577 1990 1599 rendi
2038 1579 2112 1602 far-ul-

1928 1614 1972 1634 tatc
2011 1617 2111 1637 tantum-

1928 1648 1992 1670 modo
2011 1649 2068 1672 data.

1924 1809 1996 1832 Abbas
2025 1818 2036 1832 a
2065 1815 2109 1834 tota

1924 1847 2094 1875 congregatione

1925 1888 1948 1902 cx
1967 1881 2036 1912 ipsius
2052 1891 2107 1913 gre-

1925 1918 1968 1939 mio
1984 1919 2107 1948 etigr-ndns.

1917 2350 1931 2371 S
1934 2350 1998 2374 nlitae
2014 2352 2102 2376 clausu-

1915 2385 1949 2408 lae

1917 2421 2091 2448 tantist-trames.

2026 2394 2103 2412 ⁴30anss
