2237 3127
75 321 128 349 An.
152 322 181 349 C.
209 321 260 350 649

912 324 958 347 MA
964 324 1016 346 nrt
1021 324 1078 347 Nus
1103 324 1113 347 l
1143 325 1192 348 PP-

288 378 343 426 qui
363 377 502 425 legitime
523 385 642 414 certare
664 377 875 426 deproperant
897 381 949 423 (a).
965 379 1035 413 Ad-

288 429 350 463 huc
375 430 460 464 enim
480 428 639 463 modicum
665 428 864 475 quantulum,
886 428 940 475 qui
963 440 1035 462 ven-

288 487 377 514 turus
398 487 456 523 est,
483 478 599 523 veniet,
626 485 655 512 et
685 490 749 512 non
772 477 914 512 tardabit.
948 476 1032 512 Ecce

287 528 371 563 enim
393 528 488 563 iudex
513 536 585 562 ante
624 527 747 562 ianuam
785 527 913 570 assistit,
939 538 1032 561 coro-

287 590 358 612 nam
387 577 525 612 hilariter
547 576 732 623 promittens
759 576 819 620 his,
841 576 894 623 qui
917 587 974 622 pro
996 587 1033 610 eo

286 627 483 674 passionibus
504 626 742 661 submittuntur.
777 625 870 667 Quod
903 625 928 659 si
955 624 1033 659 sub-

285 676 414 712 traxerit
439 688 472 711 se
514 675 607 723 quis,
645 687 707 709 non
742 674 878 721 placebit
908 674 1032 708 animae

285 738 386 770 meae,
412 725 466 760 sed
488 724 579 759 cadet
605 723 644 758 de
675 723 883 771 promissione
905 731 1033 770 propter

285 776 485 820 negationem
508 776 560 818 (b).
591 773 656 808 Nos
691 781 794 807 autem
828 785 889 808 non
922 785 1031 807 sumus

283 824 506 859 subtractionis
543 823 574 857 in
614 821 836 870 perditionem,
875 821 931 857 sed
958 821 1029 856 fidei

284 873 315 908 in
353 873 591 919 acquisitionem
622 871 757 906 animae.
792 871 926 919 Propter
946 871 1029 918 quod

282 922 433 957 assumite
460 934 546 956 arma
572 921 642 962 Dei,
666 929 699 955 ut
735 921 860 968 possitis
887 921 1031 956 resistere

282 971 313 1006 in
336 972 386 1007 die
412 971 494 1006 malo
520 971 671 1005 adversus
693 982 821 1005 omnem
839 970 1029 1005 haereticum

282 1021 384 1056 virum
406 1028 437 1055 et
452 1020 610 1068 dogmata,
633 1027 663 1054 et
685 1019 808 1055 induite
827 1032 880 1055 vos
903 1020 1028 1055 loricam

281 1071 419 1105 iustitiae
440 1070 569 1105 calceati
604 1068 700 1117 pedes
732 1069 763 1104 in
794 1069 1029 1117 praeparatione

280 1119 444 1167 Evangelii
472 1120 569 1167 pacis,
593 1119 624 1153 in
651 1119 801 1154 omnibus
833 1127 1030 1154 assumentes

281 1178 405 1205 scutum
437 1169 520 1210 fidei,
543 1169 574 1203 in
601 1180 664 1215 quo
691 1169 819 1216 possitis
850 1170 954 1204 omnia
977 1169 1029 1204 ia-

280 1220 349 1254 cula
371 1218 556 1266 nequissimi
578 1217 675 1265 ignita
702 1219 901 1265 extinguere:
930 1226 960 1253 et
980 1230 1029 1264 ga-

280 1268 360 1304 leam
386 1269 498 1304 salutis
523 1268 870 1315 accipite‚etgladium
900 1268 1029 1315 spiritus

280 1318 364 1365 quod
387 1325 434 1353 est
460 1317 590 1352 verbum
617 1316 688 1361 Dei,
721 1330 776 1364 per
803 1330 929 1352 omnem
956 1330 1029 1352 ora-

281 1368 416 1408 tionem,
455 1376 485 1402 et
517 1366 782 1407 obsecrationem,
816 1367 956 1412 radicati,
998 1375 1028 1402 et

282 1416 416 1459 fundati,
444 1425 477 1451 ut
493 1416 632 1463 idipsum
651 1416 816 1450 nobiscum
832 1417 944 1451 dicatis
958 1429 1028 1452 om-

281 1479 348 1511 nes,
371 1474 401 1501 et
429 1478 491 1501 non
518 1467 579 1501 sint
601 1466 631 1499 in
658 1465 748 1500 vobis
769 1466 949 1507 schismata,
971 1465 1027 1500 di-

280 1516 423 1551 videntes
446 1524 558 1560 totum,
580 1523 610 1549 et
642 1514 798 1561 integrum
825 1528 940 1563 corpus
965 1515 1027 1550 Ec-

281 1565 395 1601 clesiae
428 1564 460 1599 in
497 1572 653 1600 tortuosas
687 1565 840 1599 novitates
878 1568 929 1609 (c):
960 1565 1026 1600 sitis

280 1622 384 1650 autem
404 1614 546 1662 perfecti,
568 1621 599 1649 et
620 1614 731 1660 integri
746 1614 777 1648 iu
792 1614 903 1649 eodem
918 1627 1025 1655 sensu,

280 1672 310 1700 et
337 1665 368 1699 in
390 1664 500 1699 eadem
523 1664 654 1699 scientia
680 1664 805 1705 firmati,
827 1673 861 1699 ut
888 1677 1025 1712 peream

279 1714 345 1749 vias
368 1722 487 1749 nostras
509 1713 680 1760 dirigentes
712 1713 744 1748 in
766 1714 912 1749 eumdem
935 1714 1027 1749 insse-

279 1763 417 1799 xibiliter
438 1775 652 1806 occurramus,
674 1763 727 1810 qui
741 1775 757 1798 a
778 1764 869 1799 nobis
890 1764 1027 1798 creditur

278 1813 450 1848 Dominus:
479 1813 516 1848 ad
543 1824 636 1860 quem
670 1812 857 1848 accedentes
888 1813 1024 1859 lapidem

279 1863 384 1897 vivum
410 1862 449 1897 ab
472 1862 656 1898 hominibus
677 1863 804 1908 quidem
824 1863 1025 1909 reprobatum

282 1924 337 1959 pro
370 1924 478 1947 eorum
513 1912 607 1958 impia
636 1911 768 1952 haeresi,
788 1924 803 1946 a
831 1912 897 1946 Deo
921 1920 1025 1946 autem

280 1962 427 2001 electum,
456 1970 486 1996 et
508 1960 762 2002 honorificatum,
798 1961 896 2007 magis
921 1969 1026 1996 autem

279 2011 381 2045 Deum
399 2011 580 2046 naturaliter
601 2011 799 2052 existentem,
812 2010 884 2045 licet
900 2020 1027 2058 propter

279 2073 338 2095 nos
358 2073 430 2095 caro
452 2061 551 2095 factus
572 2060 624 2100 sit,
650 2067 681 2094 et
708 2073 762 2095 vos
789 2068 946 2108 tamquam
975 2060 1026 2095 la—

280 2109 369 2156 pides
391 2110 451 2144 vivi
473 2109 681 2145 aedificemini
708 2110 821 2145 domus
854 2110 1026 2157 spiritualis

280 2159 311 2194 in
337 2159 551 2195 sacerdotium
573 2167 728 2200 sanctum,
750 2160 918 2195 offerentes
939 2160 1028 2206 spiri-

280 2208 379 2244 tuales
410 2209 528 2244 hostias
554 2208 614 2256 ipsi
646 2209 677 2243 in
712 2209 840 2244 odorem
868 2210 1026 2244 suavitatis

279 2260 332 2302 (d).
354 2258 418 2293 Sed
445 2267 475 2293 et
500 2270 596 2299 nilne,
623 2258 744 2298 fratres,
766 2259 1026 2294 commendamus

279 2319 391 2343 omnes
406 2320 461 2343 vos
482 2308 631 2350 Domino,
646 2316 677 2343 et
698 2308 791 2344 verbo
813 2310 928 2355 gratiae
947 2309 1026 2352 eius,

279 2357 333 2404 qui
352 2364 453 2404 potest
470 2358 629 2404 perticere,
651 2365 682 2393 et
703 2358 777 2394 dare
803 2359 1025 2394 haereditatem

280 2406 311 2440 in
333 2407 481 2441 omnibus
507 2407 718 2443 sanctificatis.
739 2408 809 2456 Ipse
821 2417 924 2444 autem
939 2408 1024 2444 Deus

280 2456 378 2502 pacis,
399 2464 430 2491 et
447 2456 671 2492 consolationis
702 2457 753 2492 det
780 2458 867 2493 vobis
888 2458 1025 2505 idipsum

279 2517 390 2551 sapere
411 2505 444 2541 in
465 2505 662 2547 alterutrum,
689 2514 720 2541 et
748 2507 779 2542 in
801 2507 869 2555 ipso
903 2520 1027 2554 semper

280 2555 361 2592 utin
383 2555 533 2590 omnibus
555 2556 722 2591 unanimes
744 2569 807 2592 uno
828 2569 894 2597 ore,
919 2566 949 2593 et
964 2570 1026 2593 uno

315 2629 354 2665 (α)
371 2630 437 2657 Heb.
456 2632 498 2658 ¹0.
537 2631 575 2668 (b)
589 2632 654 2659 Heb.
674 2633 714 2666 ¹03
728 2633 813 2661 Iacob.
832 2634 875 2661 to.
913 2633 949 2669 (c)
959 2633 1025 2661 Heb.

281 2664 441 2729 ffljtssnges.
462 2667 546 2700 103¹.
569 2668 689 2708 Corinth.
716 2670 742 2698 1.
778 2669 817 2706 (d)
843 2670 867 2697 1.
896 2669 1026 2735 “²223

818 2749 858 2782 25

358 2744 433 2776 Ball.
451 2744 530 2777 Rom.
557 2745 611 2778 Vol.
634 2747 657 2778 I.

1704 318 1773 352 195

1075 378 1169 413 corde
1195 378 1438 415 honorificemus
1469 392 1541 415 eum
1579 380 1610 416 in
1649 383 1819 418 concordia

1073 428 1264 464 orthodoxae
1299 429 1384 472 fidei,
1419 430 1471 477 qui
1496 439 1607 477 potens
1630 439 1678 466 est
1702 432 1820 468 confir-

1074 489 1159 512 mare
1179 490 1238 513 uos
1258 479 1433 514 secuudum
1452 479 1656 526 Evangelium
1683 482 1763 523 eius,
1788 491 1820 517 et

1073 526 1248 562 secundum
1271 528 1491 564 revelationem
1515 530 1645 565 misterii
1666 532 1820 579 tempori-

1074 575 1132 610 bus
1163 576 1296 612 aeternis
1329 577 1425 620 taciti,
1456 578 1601 625 patefacti
1631 587 1735 615 autem
1764 593 1819 628 per

1073 624 1252 672 Scripturas
1269 635 1405 669 sanctas,
1432 635 1463 662 et
1485 628 1611 663 Patrum
1630 629 1818 666 orthodoxo·

1074 686 1141 708 rum
1186 674 1362 717 doctrinas,
1404 677 1578 712 secundum
1615 688 1817 727 praeceptum

1071 723 1189 757 aeterni
1215 724 1273 758 Dei
1299 725 1337 760 ad
1357 724 1571 761 obediendum
1598 727 1671 763 fidei
1694 729 1727 763 in
1749 742 1819 764 om-

1072 771 1166 807 nibus
1186 773 1278 808 nobis
1300 774 1417 820 cogniti
1439 777 1489 818 (a).
1505 775 1571 811 Soli
1594 777 1726 824 sapienti
1749 779 1817 814 Deo

1071 821 1209 858 Domino
1235 831 1342 858 nostro
1364 823 1434 858 lesu
1457 824 1595 867 Christo,
1618 839 1689 862 cum
1712 827 1817 874 Patre,

1071 870 1193 918 Spiritu
1218 871 1347 918 Sancto,
1375 873 1486 919 gloria,
1508 873 1620 917 honor,
1648 876 1817 924 imperium

1071 928 1100 954 et
1117 927 1254 968 potestas
1275 921 1306 956 in
1328 922 1454 957 saecula
1475 924 1684 960 saeculorum.
1700 925 1817 962 Amen.

1070 969 1158 1005 Deus
1174 982 1229 1005 vos
1242 970 1417 1007 incolumes
1439 972 1606 1016 custodiat,
1623 974 1818 1011 dilectissimi

1071 1019 1195 1055 fratres.

1420 1150 1461 1185 Π.

1070 1220 1217 1254 Ioannem
1246 1222 1480 1268 Philadelphiae
1505 1225 1678 1270 episcopum
1710 1228 1819 1261 consti-

1117 1271 1175 1303 tuit
1196 1272 1229 1303 ιή
1257 1271 1381 1305 Oriente
1409 1273 1559 1308 vicariam
1584 1287 1653 1308 cam
1669 1283 1816 1320 potestate

1117 1320 1319 1354 constituendi
1342 1322 1516 1367 episcopos,
1550 1331 1576 1357 ec
1606 1327 1816 1370 presbyteros,

1117 1369 1278 1413 lapsosque
1302 1371 1345 1404 ad
1373 1372 1464 1416 fidem
1496 1374 1651 1408 redeuntes
1681 1376 1715 1408 in
1743 1376 1816 1420 pri-

1116 1419 1195 1450 stino
1219 1420 1381 1463 diynitatis
1411 1423 1516 1465 yrada
1541 1424 1728 1458 collocandi:
1757 1426 1818 1458 im-

1111 1468 1226 1511 probat
1252 1469 1441 1510 Macedonii,
1467 1478 1494 1504 et
1530 1472 1617 1506 Petri
1647 1474 1817 1507 electionem

1115 1517 1154 1549 ab
1176 1517 1332 1551 haereticis
1357 1519 1475 1562 saetam
1490 1535 1500 1553 .·
1530 1522 1623 1555 mittit
1649 1529 1720 1557 acta
1745 1535 1820 1557 con-

1117 1566 1182 1599 citii
1200 1568 1389 1611 publicanda
1412 1571 1474 1612 (l).

1335 1636 1551 1670 SUMMARIUM

1067 1693 1167 1729 Qualis
1184 1694 1288 1725 debeat
1301 1704 1367 1725 esse
1380 1696 1547 1736 episcopus.
1565 1714 1606 1720 —
1625 1698 1726 1730 Ioanni
1740 1701 1818 1730 vices

1107 1735 1285 1772 apostolicae
1307 1735 1385 1764 sedis
1408 1736 1590 1774 delegantur.
1611 1755 1652 1761 —
1669 1739 1757 1769 Fines
1773 1741 1818 1769 iu-

1106 1774 1288 1804 risdictionis
1314 1775 1377 1804 eius
1406 1777 1637 1808 constituuntur.
1667 1795 1708 1801 —
1738 1779 1818 1809 Sub-

1106 1812 1164 1843 lato
1182 1814 1346 1843 sacerdotio
1364 1815 1517 1853 religionis
1544 1817 1708 1854 ignorantia
1727 1819 1816 1849 obre-

1107 1852 1157 1891 pit.
1173 1870 1213 1875 —
1229 1853 1312 1883 Malis
1331 1855 1514 1894 temporibus
1533 1858 1727 1895 satagendum
1751 1869 1816 1889 ma—

1107 1893 1183 1921 xime
1214 1898 1246 1923 ut
1276 1903 1455 1925 numerosus
1487 1895 1598 1935 ubique
1634 1898 1673 1927 sit
1703 1899 1817 1936 clerus⁷

1105 1932 1202 1971 qualis
1218 1933 1265 1962 hic
1284 1934 1411 1972 ponitur.
1428 1952 1469 1958 -
1485 1935 1592 1971 Quales
1611 1938 1815 1977 episcoporum

1107 1972 1263 2009 qualitates
1291 1982 1356 2003 esse
1378 1974 1512 2005 debeant.
1543 1992 1584 1999 ·—
1607 1976 1716 2012 Quales
1743 1988 1813 2016 pre-

1106 2012 1299 2051 sbyterorum.
1310 2031 1347 2034 —
1359 2013 1465 2049 Quales
1481 2015 1681 2047 diaconorum.
1691 2018 1816 2053 —Quae

1106 2052 1143 2081 sit
1169 2052 1291 2082 facultas
1318 2053 1420 2084 vicarii
1449 2055 1611 2093 apostolici.
1633 2073 1674 2079 -
1695 2056 1816 2088 Summo

1106 2092 1237 2130 pontifici
1256 2093 1287 2122 in
1305 2093 1540 2124 aedificationem
1559 2096 1662 2134 magis,
1680 2106 1767 2136 quam
1787 2098 1816 2128 in

1107 2131 1337 2162 destructionem
1355 2138 1482 2172 potestas
1501 2135 1576 2165 data.
1590 2152 1631 2159 —
1644 2136 1816 2168 Adhortatio

1108 2171 1143 2201 ad
1166 2171 1304 2202 Ioannem
1334 2177 1365 2203 ut
1391 2183 1406 2203 a
1437 2174 1493 2204 side
1519 2175 1618 2214 lapsos
1647 2177 1683 2206 ad
1708 2176 1817 2208 Christi

1106 2211 1182 2241 ovile
1204 2212 1345 2242 reducere
1364 2218 1454 2244 curet.
1473 2231 1512 2237 —
1538 2214 1617 2250 Quae
1645 2225 1715 2246 cura
1737 2218 1816 2248 sedis

1107 2251 1285 2290 apostolicae
1312 2257 1344 2282 ut
1375 2258 1505 2283 errantes
1533 2260 1748 2286 convertantur.
1779 2274 1819 2281 —

1107 2290 1273 2321 Praemium
1308 2294 1546 2323 convertentibus
1579 2299 1758 2335 peccatoreS.
1779 2315 1818 2320 -

1107 2329 1207 2361 loanni
1230 2332 1429 2369 committitur,
1452 2338 1484 2364 ut
1505 2343 1572 2371 eos,
1595 2336 1645 2374 qui
1671 2337 1707 2366 ad
1730 2337 1814 2367 fidem

1107 2371 1230 2401 redeunt
1251 2372 1281 2401 in
1299 2381 1352 2402 suo
1375 2373 1476 2403 ordine
1499 2375 1660 2405 confirmet.
1686 2392 1728 2399 —
1752 2376 1815 2407 Nisi

1107 2411 1252 2441 contraria
1275 2412 1369 2442 sacris
1387 2413 1550 2443 canonibus
1563 2414 1816 2455 obstentpeccata.

1105 2466 1146 2473 --
1175 2450 1314 2481 Summus
1347 2453 1476 2491 pontifex
1497 2454 1634 2484 defensor
1663 2459 1692 2485 et
1717 2460 1816 2486 custos

1107 2491 1435 2527 canonum—Quando
1448 2497 1552 2523 etcum
1564 2494 1671 2533 quibus
1694 2495 1815 2535 dispen-

1107 2531 1242 2560 sandum.
1263 2532 1424 2562 —Eadem
1450 2534 1605 2563 committit
1634 2534 1815 2566 observanda

1106 2570 1137 2599 in
1149 2579 1200 2600 eos
1226 2572 1276 2610 qui
1292 2576 1358 2610 post
1382 2572 1538 2612 Sophronii
1559 2573 1670 2604 obitum
1690 2576 1815 2606 ordinati

1108 2614 1186 2640 sunt.
1211 2628 1252 2633 —
1277 2611 1399 2647 Quando
1417 2622 1432 2642 a
1450 2613 1542 2642 sacris
1569 2614 1731 2645 canonibus
1750 2616 1815 2645 dis-

1108 2651 1302 2689 pensandum.
1311 2652 1399 2681 —De
1414 2662 1501 2682 causa
1513 2652 1677 2684 Macedonii
1690 2656 1816 2695 pseudo-

1104 2710 1143 2748 (α)
1160 2712 1237 2741 nom.
1256 2713 1300 2742 ιε.
1321 2713 1363 2742 16.
1401 2713 1497 2751 (1)Ex
1516 2714 1581 2744 edit.
1601 2716 1676 2745 eard.
1696 2717 1814 2747 cararae.

1859 315 1910 343 An.
1933 316 1959 342 C.
1982 316 2033 342 suti)
