2237 3127
44 300 99 330 An.
126 298 155 328 C.
175 299 226 327 973

43 721 131 744 Elui-adi
155 722 227 746 abba-

45 758 74 780 tio
91 765 180 789 preces.

38 926 134 958 Nssffliui,
147 930 227 954 enin.-

42 975 135 999 cumqne
152 969 228 998 digni-

41 1004 94 1026 tutis
133 1005 227 1036 quisquo

41 1038 79 1068 stt,
91 1038 159 1062 liceat
172 1047 226 1062 mo-

43 1075 141 1099 naterio
174 1076 225 1099 huie

41 1111 164 1135 mole-tiam
186 1112 226 1135 ul-

41 1146 86 1170 tam
103 1146 193 1170 interr-e.

41 1609 133 1633 Romani
150 1609 226 1632 Ponti-

41 1645 96 1669 fices
127 1653 223 1669 succen-

41 1682 86 1705 turi
114 1689 142 1705 ne
173 1681 227 1712 quid

39 1718 66 1742 nb
78 1718 156 1742 eodem
172 1718 227 1742 atie-

40 1757 101 1778 nent..

40 1961 131 1983 Annuus
147 1969 228 1984 census

66 1996 212 2027 Apo-{olicae

41 2031 93 2055 Secti
129 2031 227 2056 debitus.

41 2399 116 2423 Abtm
129 2408 141 2423 n
153 2409 232 2425 mona-

52 2436 101 2459 chis
112 2437 184 2468 ellgen
192 2438 232 2462 dus

863 318 967 340 nt-:Nfflt
974 317 1060 339 teTUS
1083 316 1115 338 Vl
1136 316 1185 338 PP.

252 370 451 407 nobilissimo
477 381 508 408 et
537 372 816 414 christianissimo,
850 385 907 406 nec
940 384 1001 405 non

252 430 282 456 et
304 422 402 457 Berta
424 435 523 457 uxore
541 423 611 457 eius
637 423 666 456 in
690 422 809 455 honore
832 420 958 454 Domini
977 429 1007 454 et

251 471 424 506 Salvatoris
452 472 547 506 nostri
571 472 640 505 Iesu
665 471 800 509 Cltristi,
828 478 857 504 et
885 482 1007 503 venera-

251 521 337 554 tione
363 520 560 555 beatissimae
588 534 713 565 semper
739 519 868 564 virginis
891 519 1006 552 Mariae

251 568 424 604 Genitricis
450 570 593 604 eiusdem
636 569 765 603 Domini
804 569 899 603 nostri
936 568 1006 601 lesu

251 618 384 658 Christi,
401 627 615 654 constructum
633 619 663 652 in
682 631 776 664 regno
791 618 909 652 scilicet
925 617 1005 651 Bur-

251 668 402 714 gundiae,
434 668 465 702 in
504 680 582 714 pago
610 668 778 705 Avalensi,
807 667 953 713 qnodque
989 679 1005 700 a

252 717 401 764 praefatis
428 716 648 751 fundatoribus
682 717 718 751 B.
747 717 840 751 Petro
871 723 1006 762 aposto-

251 766 353 801 lorum
391 767 527 814 principi
557 767 605 812 pia
644 766 811 800 devotione
842 774 870 799 et
909 773 1005 798 testa-

251 816 349 849 menti
375 817 487 863 pagina
509 815 656 850 collatum
685 824 750 859 est,
779 814 878 849 facere
907 813 1005 848 debe-

251 876 377 899 remus:
417 865 556 900 inclinati
595 865 738 911 precibus
760 865 832 907 tuis,
873 863 1005 897 libenter

252 913 320 948 fieri
342 913 556 949 decrevimus:
579 926 633 961 pet·
655 914 738 960 quod
763 914 911 947 nimirum
934 925 1006 957 apo-

252 962 383 999 stolicae
415 963 499 998 sedis
536 964 731 1010 privilegium
759 963 1003 1001 confirmamus,

251 1020 345 1060 atque
382 1014 561 1054 statuimus,
599 1021 630 1047 nt
658 1013 733 1047 nulli
761 1025 892 1058 regunt,
928 1011 1004 1046 nulli

252 1063 446 1107 antistitum,
465 1062 542 1097 nulli
563 1063 727 1101 comitum,
751 1063 828 1096 nulli
856 1061 1003 1108 cuiquam

251 1111 304 1147 alii
331 1112 421 1147 liceat
443 1112 546 1159 ipsum
562 1112 786 1147 monasterium
811 1112 1004 1158 perturbare,

254 1161 300 1196 vel
321 1174 357 1196 ea
380 1174 461 1209 quae
483 1161 524 1196 ibi
548 1174 565 1196 a
587 1162 646 1196 iam
667 1161 757 1196 dictis
783 1160 1005 1195 fundatoribus

253 1211 301 1245 vel
322 1211 362 1246 ab
389 1211 458 1246 aliis
486 1211 631 1246 fidelibus
664 1211 765 1245 oblata
797 1218 870 1244 sunt
904 1210 948 1243 vel
974 1210 1003 1244 in

254 1259 395 1295 futurum
418 1260 521 1295 offerri
549 1261 733 1306 contigerit,
755 1259 814 1294 sub
836 1259 1005 1294 cuiuslibet

253 1321 378 1351 causae,
401 1311 614 1345 occasionisve
636 1310 753 1357 specie,
787 1309 928 1343 minuere
957 1309 1003 1343 vel

255 1358 389 1404 auferre,
400 1360 465 1393 sive
478 1359 544 1394 suis
559 1359 670 1394 usibus
688 1359 857 1405 applicare,
868 1359 920 1393 sed
938 1358 1004 1392 sine

256 1408 476 1457 inquietudine
517 1409 548 1443 in
589 1409 816 1443 sustentatione
862 1407 1003 1442 eiusdem

254 1459 447 1497 monasterii,
470 1466 500 1492 et
526 1459 635 1493 usibus
667 1458 814 1493 abbatum
843 1465 873 1491 et
896 1469 1004 1491 mona-

254 1507 388 1542 chorum
406 1507 466 1542 sub
489 1508 595 1554 regula
617 1508 715 1542 sancti
732 1507 826 1554 patris
840 1506 1003 1540 Benedicti

255 1556 297 1591 ibi
318 1556 387 1591 Deo
415 1557 614 1591 militantium
639 1558 782 1591 volumus
804 1569 839 1591 ea
862 1564 892 1590 et
914 1568 1004 1602 prae-

255 1605 393 1654 cipimus
413 1607 584 1654 possideri:
613 1619 648 1641 ea
677 1606 819 1641 videlicet
845 1605 1005 1640 conditio-

255 1667 313 1697 ne,
352 1663 386 1690 ut
423 1656 529 1691 nullus
567 1668 785 1691 successorum
824 1664 1003 1690 nostrorum

256 1704 442 1754 pontificum
465 1705 494 1740 in
528 1705 586 1741 hac
609 1715 715 1740 sancta
750 1705 841 1749 sede,
869 1704 917 1739 cui
945 1716 1005 1738 au-

255 1762 343 1790 ctore
365 1755 432 1790 Deo
453 1755 619 1795 servimus,
642 1767 781 1802 unquam
804 1754 851 1789 vel
872 1766 1003 1800 usquam

256 1803 408 1851 quiddam
431 1816 469 1839 ex
484 1805 602 1839 eisdem
622 1805 716 1839 rebus
737 1805 883 1852 cuiquam
907 1803 1005 1837 bene-

257 1854 366 1899 ficare,
388 1863 595 1894 commutare,
620 1862 674 1888 aut
695 1853 755 1889 sub
781 1866 877 1888 censu
900 1853 1005 1899 quoli—

257 1902 310 1937 bet
331 1902 507 1938 concedere
534 1916 590 1951 per
615 1903 719 1938 sutura
742 1911 883 1950 tempora
907 1902 1006 1949 patia-

258 1959 324 1994 tur,
358 1952 413 1987 sed
440 1964 570 1987 censum
605 1952 824 1987 tantummodo
852 1952 881 1985 in
908 1959 1003 1986 testa-

259 2009 368 2036 mento
390 2002 565 2037 traditionis
586 2014 603 2036 a
630 2001 863 2042 fundatoribus,
894 2001 946 2047 qui
969 2013 1006 2035 ex

257 2051 368 2086 eodem
396 2052 585 2086 monasterio
621 2052 701 2086 banc
723 2059 862 2085 sanctam
894 2050 1006 2085 baere-

258 2100 330 2135 dem
353 2113 514 2136 romanam
536 2101 677 2136 fecerunt
704 2101 891 2143 Ecclesiam,
915 2101 1005 2133 etiam

258 2149 449 2196 delegatum,
474 2163 568 2185 unam
588 2151 733 2185 videlicet
754 2149 864 2184 libram
888 2149 1006 2195 argenti

258 2199 350 2234 annis
389 2200 525 2246 singulis
561 2212 760 2235 successores
799 2200 895 2233 nostri
925 2199 1008 2233 acci-

261 2250 384 2296 pientes
403 2262 458 2296 per
485 2251 677 2296 paternitatis
698 2250 879 2295 suffragium
904 2248 1006 2283 eidem

259 2300 450 2334 monasterio
465 2299 667 2334 solicitudine
682 2300 825 2346 pastorali
847 2299 1009 2344 vigilanter

259 2357 366 2383 contra
388 2361 500 2383 omnes
528 2349 710 2383 infestantes
738 2348 918 2394 impendere
940 2356 1008 2381 stu-

260 2397 364 2432 deant.
387 2397 464 2432 Item
484 2399 718 2441 constituimus,
747 2406 780 2433 ut
798 2397 935 2432 obeunte
954 2397 1009 2431 ab-

261 2446 332 2481 bate
355 2448 504 2494 praedicti
529 2448 729 2489 monasterii‚
757 2459 818 2482 non
851 2448 930 2482 alins
966 2446 1006 2480 ibi

260 2509 460 2544 quacumque
486 2497 681 2544 obreptionis
702 2498 813 2531 astutia
836 2496 1008 2537 ordinetur,

262 2547 319 2580 nisi
335 2558 430 2593 quem
453 2559 627 2581 consensus
651 2547 876 2581 monachorum
899 2558 1008 2581 secun-

262 2595 338 2629 dum
361 2597 504 2630 timorem
527 2596 585 2631 Dei
608 2605 636 2631 et
665 2596 892 2631 institutionem
916 2608 1010 2641 regu-

264 2645 309 2678 lae
332 2646 429 2679 sant-ti
446 2645 606 2680 Benedicti
628 2647 752 2692 elegerit
777 2654 806 2679 et
828 2646 923 2679 liuius
938 2658 1009 2691 apo-

262 2695 388 2730 stolicae
422 2695 506 2730 sedis
537 2696 675 2737 pontifex
711 2695 897 2744 praeviderit
923 2695 1010 2730 ordi-

1681 301 1751 334 455

1048 371 1200 413 nandum,
1239 376 1293 403 aut
1329 367 1532 414 suggestione
1572 365 1798 401 monachorum

1050 419 1246 454 consenserit
1268 418 1459 453 ordinatum.

1098 469 1165 503 Hoc
1187 480 1312 515 quoque
1329 467 1468 514 capitulo
1493 464 1647 513 praesenti
1664 464 1799 499 subiun-

1048 518 1174 563 gimus,
1203 526 1235 551 ut
1267 518 1373 551 locum
1400 516 1548 551 avaritiae
1575 514 1798 553 secludamus,

1050 567 1170 601 nullum
1193 567 1230 601 de
1254 566 1399 612 regibus,
1429 566 1549 599 nullutn
1572 564 1610 599 de
1641 563 1800 610 episcopis

1050 617 1093 650 vel
1121 615 1359 655 sacerdotibus,
1396 615 1442 649 vel
1477 615 1515 648 de
1542 614 1798 660 quibuscumque

1049 665 1206 707 fidelibus,
1231 677 1285 711 pet·
1306 677 1351 703 se,
1373 664 1607 711 suppositamve
1631 674 1797 709 personam

1047 714 1086 749 de
1108 715 1304 749 ordinatione
1337 714 1477 748 eiusdem
1507 712 1627 746 abbatis
1654 713 1699 746 vel
1735 712 1799 746 cle-

1047 765 1197 802 ricorum,
1224 763 1269 797 vel
1291 763 1565 810 presbyterorum,
1594 760 1640 795 vel
1668 761 1706 795 tle
1734 760 1796 794 lar-

1047 814 1165 858 gitione
1187 813 1376 851 chrismatis,
1399 820 1452 846 aut
1474 811 1712 845 consecratione
1738 810 1797 844 ba-

1047 863 1166 903 silicae,
1189 863 1235 896 vel
1271 862 1309 896 de
1341 861 1596 908 qttibuscutmpte
1623 860 1729 894 causis
1759 860 1795 893 ad

1049 912 1130 947 idem
1156 911 1381 946 monasterium
1406 909 1655 957 pertinentibus,
1683 908 1798 943 audere

1048 962 1078 996 in
1101 961 1240 1008 qualibet
1263 961 1367 1007 specie
1393 960 1494 994 exenii
1531 959 1600 993 loco
1628 958 1796 1006 quicquam

1047 1012 1210 1057 accipere,
1250 1023 1352 1057 neque
1379 1009 1527 1044 eumdem
1562 1008 1707 1042 abbatem
1744 1020 1798 1054 pro

1047 1060 1243 1095 ordinatione
1265 1072 1320 1094 sua
1342 1059 1459 1106 aliquid
1482 1058 1556 1092 dare
1580 1057 1798 1104 praesunterit,

1048 1123 1086 1145 ne
1110 1111 1166 1144 liac
1190 1109 1365 1151 occasione,
1388 1121 1422 1143 ea
1444 1120 1524 1155 quae
1546 1119 1562 1142 a
1581 1106 1727 1141 lidclibus
1750 1106 1799 1152 pio

1048 1161 1115 1194 loco
1138 1159 1323 1202 offeruntur,
1346 1165 1583 1193 consumantur.
1605 1156 1714 1204 Neque
1736 1155 1800 1200 epi-

1047 1222 1163 1256 scopus
1192 1209 1326 1243 civitatis
1349 1209 1447 1253 ipsius
1474 1206 1649 1254 parochiae,
1681 1206 1737 1240 nisi
1761 1204 1799 1239 ab

1047 1259 1156 1293 abbate
1180 1259 1277 1305 ipsius
1292 1257 1471 1291 monasterii
1501 1257 1658 1298 invitatus,
1681 1255 1796 1289 ibidem

1048 1308 1188 1354 publicas
1212 1308 1321 1341 missas
1343 1315 1424 1352 agat,
1454 1317 1556 1352 neque
1588 1305 1739 1339 stationes
1766 1304 1796 1337 in

1046 1358 1157 1391 eodem
1194 1356 1348 1391 coenobio
1383 1356 1521 1394 indicat,
1558 1366 1596 1388 ne
1631 1365 1797 1388 servorun»

1046 1406 1102 1441 Dc}
1126 1407 1216 1453 quies
1235 1404 1461 1453 quoquomodo
1481 1403 1623 1451 populari
1640 1410 1797 1438 conventu

1048 1456 1221 1502 perturbari
1239 1455 1348 1494 valeat,
1372 1467 1474 1500 neque
1490 1461 1625 1500 parataS,
1648 1460 1699 1486 aut
1715 1464 1801 1486 man-

1046 1506 1216 1540 sionaticos
1238 1504 1352 1539 exinde
1375 1511 1553 1551 praesumat
1575 1502 1713 1547 exigere.
1741 1501 1801 1536 Su-

1046 1555 1240 1602 sceptiouem
1269 1562 1372 1588 autem
1397 1552 1537 1588 fidelium
1565 1560 1596 1586 et
1631 1551 1800 1598 religioso-

1047 1618 1115 1640 rum
1139 1605 1277 1639 virorum
1305 1612 1398 1650 atque
1425 1601 1679 1644 beneficentiam,
1703 1612 1798 1648 quam

1048 1654 1133 1688 iubet
1161 1653 1338 1701 Apostolus
1365 1652 1487 1686 cunctis
1508 1650 1718 1685 exhibendam
1743 1662 1800 1697 pro

1049 1703 1256 1750 possibilitate
1275 1702 1334 1737 loci
1358 1710 1388 1736 et
1410 1700 1605 1744 facultatum,
1624 1712 1686 1735 non
1707 1699 1800 1734 modo

1049 1753 1165 1788 ibidem
1206 1752 1273 1787 fieri
1308 1751 1525 1797 denegamus,
1560 1762 1669 1784 verum
1705 1748 1799 1784 etiam

1046 1803 1226 1842 suademus,
1249 1801 1303 1837 sed
1326 1809 1356 1835 et
1375 1800 1488 1835 modus
1510 1799 1539 1834 it]
1563 1810 1694 1833 numero
1722 1810 1801 1833 con-

1048 1852 1240 1898 gregationis
1258 1850 1338 1886 adeo
1365 1857 1578 1889 conservetur,
1603 1857 1635 1883 ut
1659 1860 1715 1883 nec
1730 1849 1800 1894 plu-

1048 1902 1155 1936 ralitas
1183 1901 1360 1948 penuriam,
1385 1911 1442 1934 nec
1465 1898 1605 1946 paucitas
1627 1897 1799 1932 inhabitan-

1049 1952 1127 1985 tium
1155 1950 1390 1985 destitutionem
1425 1948 1485 1983 loci
1517 1947 1657 1982 indicere
1687 1947 1796 1981 valeat.

1050 2001 1094 2035 De
1131 2008 1254 2035 caetero
1281 2007 1391 2033 notum
1420 1998 1486 2032 fieri
1525 1998 1691 2037 volumus,
1725 1997 1798 2043 quia

1049 2050 1243 2085 devenerunt
1275 2048 1312 2083 ad
1341 2060 1398 2082 nos
1419 2047 1652 2094 deprecatoriae
1678 2046 1799 2080 litterae

1049 2099 1181 2134 Gerardi
1204 2098 1341 2146 episcopi
1365 2096 1663 2143 Augustodunensis
1684 2095 1800 2130 Eccle-

1049 2150 1124 2189 siae,
1161 2162 1215 2196 pro
1243 2147 1375 2183 decimis
1405 2155 1539 2193 quatuor
1572 2145 1798 2184 ecclesiarum,

1049 2198 1082 2233 S.
1107 2198 1247 2233 videlicet
1271 2197 1368 2237 Petri,
1384 2204 1412 2230 et
1434 2196 1541 2230 Sancti
1561 2194 1798 2241 Cltristopltori‚

1050 2248 1220 2295 Sanctique
1246 2246 1408 2286 Germani,
1439 2258 1560 2279 necnon
1584 2244 1689 2279 Sancti
1717 2244 1799 2278 Leo-

1050 2298 1188 2342 degarii,
1220 2309 1297 2343 quas
1325 2296 1390 2342 ipse
1427 2294 1604 2342 praedictus
1637 2293 1732 2328 abbas
1758 2292 1797 2327 ab

1051 2347 1161 2381 eodem
1184 2347 1333 2393 episcopo
1356 2346 1585 2392 impetraverat.
1614 2342 1712 2377 Sicuti
1742 2355 1799 2376 an-

1050 2405 1222 2431 tecessores
1243 2396 1313 2430 eius
1336 2394 1375 2429 ab
1402 2393 1559 2440 episcopis
1588 2393 1687 2440 ipsius
1715 2392 1799 2426 sedis

1052 2459 1107 2493 per
1132 2444 1334 2480 succedentia
1357 2453 1496 2490 tempora
1515 2442 1665 2476 ordinatis
1687 2441 1798 2476 fecisse

1052 2503 1242 2535 noscuntur,
1276 2502 1309 2528 ut
1343 2493 1402 2528 sub
1435 2492 1673 2527 confirmatione
1700 2490 1797 2525 nostri

1051 2545 1203 2592 privilegii
1237 2543 1534 2585 corroboraremus,
1560 2540 1644 2588 quod
1671 2548 1701 2574 et
1727 2539 1800 2574 feci-

1050 2607 1121 2629 mus
1143 2593 1464 2632 excommunicantes,
1500 2600 1532 2626 ut
1555 2590 1659 2624 nullus
1681 2590 1799 2636 Augu-

1051 2644 1252 2678 stodunensis
1286 2642 1445 2677 Ecclesiae
1472 2641 1639 2688 episcopus
1661 2639 1796 2685 aliquam

1051 2693 1239 2728 calumniam
1261 2692 1365 2728 abbati
1393 2690 1534 2726 eiusdem
1558 2689 1620 2726 loci
1641 2689 1707 2725 sive
1728 2700 1799 2724 mo-

1821 285 1874 315 An.
1897 285 1926 315 C.
1950 286 2003 316 973

1853 684 1980 707 Mon-sterit

1822 725 1947 748 onii-innotis
1964 733 2006 749 cx-

1822 763 1906 793 emptio
1929 770 1939 784 a
1955 771 2006 792 quo-

1823 807 1915 829 cumque
1940 806 2007 821 unere

1823 844 1864 866 pro
1883 835 2009 858 ordinatio-

1824 880 1850 894 ne
1878 872 2005 894 monacho-

1824 916 1870 930 rnm
1889 907 1922 930 ΠΙ
1940 907 2007 931 abba-

1824 943 1861 965 tis.

1825 1222 1939 1252 Episcopo
1966 1230 2008 1244 nnn

1824 1262 1903 1279 vocato
1931 1258 2009 1280 missas

1824 1293 1933 1315 solt-mnes
1962 1294 2008 1316 ibi—

1824 1328 1874 1350 dem
1892 1338 1956 1359 age-re
1984 1337 2009 1351 8·

1824 1364 1904 1386 liamu·
1922 1365 2008 1387 suh-m-

1825 1401 1917 1422 nium-ut
1937 1403 2009 1423 intrr-

1825 1436 1917 1459 dit-itur.

1858 1576 1890 1598 De
1921 1583 2011 1599 numero

1827 1612 1994 1635 monachornm.

1859 2004 2001 2028 Confirmatio

1826 2040 1960 2063 decimarum
1984 2040 2011 2063 ab

1826 2078 2012 2108 Augustudunen·

1827 2113 1887 2136 nibus
1920 2115 2011 2145 epi-co-

1826 2150 1861 2180 pi·
1893 2154 2010 2172 monente-

1827 2186 1860 2207 rio
1894 2185 2000 2216 debitam,

1841 2226 1863 2243 et
1880 2221 1995 2244 anathem·

1843 2261 1919 2280 contra
1953 2265 1996 2280 non

1826 2293 1946 2323 solventes,
1963 2293 2010 2315 im-

1853 2329 1985 2360 minuentes,

1895 2370 1940 2390 ote.
