<?xml version="1.0" encoding="UTF-8"?>
<!DOCTYPE html PUBLIC "-//W3C//DTD XHTML 1.0 Transitional//EN"
    "http://www.w3.org/TR/xhtml1/DTD/xhtml1-transitional.dtd">
<html xmlns="http://www.w3.org/1999/xhtml" xml:lang="en" lang="en">
 <head>
  <title>
</title>
<meta http-equiv="Content-Type" content="text/html;charset=utf-8" />
  <meta name='ocr-system' content='tesseract 3.04.00' />
  <meta name='ocr-capabilities' content='ocr_page ocr_carea ocr_par ocr_line ocrx_word'/>
</head>
<body>
  <div class='ocr_page' id='page_1' title='image "./bullarumdiplomat01cath_0639.png"; bbox 0 0 2237 3127; ppageno 0'>
   <div class='ocr_carea' id='block_1_1' title="bbox 32 302 219 332">
    <p class='ocr_par' dir='ltr' id='par_1_1' title="bbox 32 302 219 332">
     <span class='ocr_line' id='line_1_1' title="bbox 32 302 219 332; baseline -0.011 0"><span class='ocrx_word' id='word_1_1' title='bbox 32 305 83 332; x_wconf 76' lang='lat' dir='ltr'>An.</span> <span class='ocrx_word' id='word_1_2' title='bbox 103 302 133 330; x_wconf 88' lang='lat' dir='ltr'>C.</span> <span class='ocrx_word' id='word_1_3' title='bbox 150 302 219 331; x_wconf 83' lang='lat'><strong>1050</strong></span> 
     </span>
    </p>
   </div>
   <div class='ocr_carea' id='block_1_2' title="bbox 29 533 215 739">
    <p class='ocr_par' dir='ltr' id='par_1_2' title="bbox 57 533 215 556">
     <span class='ocr_line' id='line_1_2' title="bbox 57 533 215 556; baseline -0.006 0"><span class='ocrx_word' id='word_1_4' title='bbox 57 533 215 556; x_wconf 61' lang='lat' dir='ltr'>ttonnstorinm</span> 
     </span>
    </p>

    <p class='ocr_par' dir='ltr' id='par_1_3' title="bbox 29 571 215 739">
     <span class='ocr_line' id='line_1_3' title="bbox 32 571 214 593; baseline -0.005 0"><span class='ocrx_word' id='word_1_5' title='bbox 32 572 66 593; x_wconf 80' lang='lat' dir='ltr'>Ss.</span> <span class='ocrx_word' id='word_1_6' title='bbox 109 571 214 592; x_wconf 64' lang='lat' dir='ltr'>nortl-arii</span> 
     </span>
     <span class='ocr_line' id='line_1_4' title="bbox 31 607 215 629; baseline 0 0"><span class='ocrx_word' id='word_1_7' title='bbox 31 607 171 629; x_wconf 63' lang='lat' dir='ltr'>rt‘Atnlc-ni</span> <span class='ocrx_word' id='word_1_8' title='bbox 205 614 215 628; x_wconf 78' lang='lat' dir='ltr'>a</span> 
     </span>
     <span class='ocr_line' id='line_1_5' title="bbox 33 643 214 673; baseline -0.006 -7"><span class='ocrx_word' id='word_1_9' title='bbox 33 643 147 673; x_wconf 71' lang='lat' dir='ltr'>Raynardo</span> <span class='ocrx_word' id='word_1_10' title='bbox 170 651 214 665; x_wconf 85' lang='lat' dir='ltr'>cn—</span> 
     </span>
     <span class='ocr_line' id='line_1_6' title="bbox 29 680 215 702; baseline -0.005 0"><span class='ocrx_word' id='word_1_11' title='bbox 29 681 82 702; x_wconf 74' lang='lat' dir='ltr'>mite</span> <span class='ocrx_word' id='word_1_12' title='bbox 114 680 215 702; x_wconf 75' lang='lat' dir='ltr'>santensi</span> 
     </span>
     <span class='ocr_line' id='line_1_7' title="bbox 29 716 151 739; baseline -0.008 0"><span class='ocrx_word' id='word_1_13' title='bbox 29 716 151 739; x_wconf 79' lang='lat' dir='ltr'>fundatum.</span> 
     </span>
    </p>
   </div>
   <div class='ocr_carea' id='block_1_3' title="bbox 27 928 214 1139">
    <p class='ocr_par' dir='ltr' id='par_1_4' title="bbox 27 928 214 1139">
     <span class='ocr_line' id='line_1_8' title="bbox 51 928 192 951; baseline -0.007 -2"><span class='ocrx_word' id='word_1_14' title='bbox 51 928 192 951; x_wconf 74' lang='lat' dir='ltr'>Confirmatio</span> 
     </span>
     <span class='ocr_line' id='line_1_9' title="bbox 48 963 192 986; baseline -0.007 0"><span class='ocrx_word' id='word_1_15' title='bbox 48 963 192 986; x_wconf 80' lang='lat' dir='ltr'>donationum</span> 
     </span>
     <span class='ocr_line' id='line_1_10' title="bbox 28 999 214 1022; baseline -0.005 0"><span class='ocrx_word' id='word_1_16' title='bbox 28 1001 163 1022; x_wconf 71' lang='lat' dir='ltr'>monasterio</span> <span class='ocrx_word' id='word_1_17' title='bbox 188 999 214 1021; x_wconf 73' lang='lat' dir='ltr'>ab</span> 
     </span>
     <span class='ocr_line' id='line_1_11' title="bbox 29 1036 213 1065; baseline -0.011 -6"><span class='ocrx_word' id='word_1_18' title='bbox 29 1036 107 1059; x_wconf 76' lang='lat' dir='ltr'>codem</span> <span class='ocrx_word' id='word_1_19' title='bbox 151 1037 213 1065; x_wconf 63' lang='lat' dir='ltr'>Ray-</span> 
     </span>
     <span class='ocr_line' id='line_1_12' title="bbox 29 1073 214 1095; baseline -0.011 0"><span class='ocrx_word' id='word_1_20' title='bbox 29 1073 97 1095; x_wconf 69' lang='lat' dir='ltr'>nardo</span> <span class='ocrx_word' id='word_1_21' title='bbox 107 1076 214 1094; x_wconf 71' lang='lat' dir='ltr'>caeteris-</span> 
     </span>
     <span class='ocr_line' id='line_1_13' title="bbox 27 1110 211 1139; baseline -0.022 -7"><span class='ocrx_word' id='word_1_22' title='bbox 27 1117 69 1139; x_wconf 79' lang='lat' dir='ltr'>que</span> <span class='ocrx_word' id='word_1_23' title='bbox 93 1110 211 1132; x_wconf 48' lang='lat' dir='ltr'>factarum.</span> 
     </span>
    </p>
   </div>
   <div class='ocr_carea' id='block_1_4' title="bbox 26 1222 213 1389">
    <p class='ocr_par' dir='ltr' id='par_1_5' title="bbox 26 1222 213 1389">
     <span class='ocr_line' id='line_1_14' title="bbox 44 1222 197 1247; baseline -0.02 -2"><span class='ocrx_word' id='word_1_24' title='bbox 44 1222 197 1247; x_wconf 74' lang='lat' dir='ltr'>tuterdic&#39;nur,</span> 
     </span>
     <span class='ocr_line' id='line_1_15' title="bbox 27 1257 213 1289; baseline -0.011 -8"><span class='ocrx_word' id='word_1_25' title='bbox 27 1257 53 1282; x_wconf 78' lang='lat' dir='ltr'>rie</span> <span class='ocrx_word' id='word_1_26' title='bbox 70 1266 164 1289; x_wconf 74' lang='lat' dir='ltr'>unquam</span> <span class='ocrx_word' id='word_1_27' title='bbox 176 1258 213 1280; x_wconf 61' lang='lat' dir='ltr'>lo&lt;</span> 
     </span>
     <span class='ocr_line' id='line_1_16' title="bbox 26 1297 213 1318; baseline -0.016 0"><span class='ocrx_word' id='word_1_28' title='bbox 26 1304 64 1318; x_wconf 77' lang='lat' dir='ltr'>eus</span> <span class='ocrx_word' id='word_1_29' title='bbox 83 1297 125 1317; x_wconf 82' lang='lat' dir='ltr'>iste</span> <span class='ocrx_word' id='word_1_30' title='bbox 137 1303 147 1317; x_wconf 77' lang='lat' dir='ltr'>a</span> <span class='ocrx_word' id='word_1_31' title='bbox 160 1302 213 1316; x_wconf 83' lang='lat' dir='ltr'>mn-</span> 
     </span>
     <span class='ocr_line' id='line_1_17' title="bbox 30 1329 213 1359; baseline -0.011 -6"><span class='ocrx_word' id='word_1_32' title='bbox 30 1331 115 1353; x_wconf 69' lang='lat' dir='ltr'>nncbali</span> <span class='ocrx_word' id='word_1_33' title='bbox 137 1329 213 1359; x_wconf 61' lang='lat' dir='ltr'>regula</span> 
     </span>
     <span class='ocr_line' id='line_1_18' title="bbox 30 1367 151 1389; baseline -0.008 0"><span class='ocrx_word' id='word_1_34' title='bbox 30 1367 151 1389; x_wconf 71' lang='lat' dir='ltr'>auferatur.</span> 
     </span>
    </p>
   </div>
   <div class='ocr_carea' id='block_1_5' title="bbox 26 1564 214 1696">
    <p class='ocr_par' dir='ltr' id='par_1_6' title="bbox 26 1564 214 1696">
     <span class='ocr_line' id='line_1_19' title="bbox 28 1564 212 1588; baseline -0.005 0"><span class='ocrx_word' id='word_1_35' title='bbox 28 1565 122 1588; x_wconf 71' lang='lat' dir='ltr'>Nomina</span> <span class='ocrx_word' id='word_1_36' title='bbox 139 1564 212 1587; x_wconf 86' lang='lat' dir='ltr'>bono-</span> 
     </span>
     <span class='ocr_line' id='line_1_20' title="bbox 26 1600 214 1631; baseline -0.005 -8"><span class='ocrx_word' id='word_1_37' title='bbox 26 1609 83 1631; x_wconf 82' lang='lat' dir='ltr'>rum,</span> <span class='ocrx_word' id='word_1_38' title='bbox 102 1609 157 1631; x_wconf 75' lang='lat' dir='ltr'>quae</span> <span class='ocrx_word' id='word_1_39' title='bbox 174 1600 214 1623; x_wconf 80' lang='lat' dir='ltr'>de-</span> 
     </span>
     <span class='ocr_line' id='line_1_21' title="bbox 26 1637 213 1667; baseline 0 -8"><span class='ocrx_word' id='word_1_40' title='bbox 26 1637 59 1659; x_wconf 76' lang='lat' dir='ltr'>dit</span> <span class='ocrx_word' id='word_1_41' title='bbox 86 1637 213 1667; x_wconf 56' lang='lat' dir='ltr'>Rarum-dus</span> 
     </span>
     <span class='ocr_line' id='line_1_22' title="bbox 28 1680 114 1696; baseline 0 -1"><span class='ocrx_word' id='word_1_42' title='bbox 28 1680 114 1696; x_wconf 81' lang='lat' dir='ltr'>comes.</span> 
     </span>
    </p>
   </div>
   <div class='ocr_carea' id='block_1_6' title="bbox 25 1922 213 2125">
    <p class='ocr_par' dir='ltr' id='par_1_7' title="bbox 25 1922 213 2125">
     <span class='ocr_line' id='line_1_23' title="bbox 26 1922 213 1946; baseline -0.011 0"><span class='ocrx_word' id='word_1_43' title='bbox 26 1923 86 1946; x_wconf 72' lang='lat' dir='ltr'>Haec</span> <span class='ocrx_word' id='word_1_44' title='bbox 120 1922 213 1945; x_wconf 74' lang='lat' dir='ltr'>ecclesia</span> 
     </span>
     <span class='ocr_line' id='line_1_24' title="bbox 25 1958 213 1981; baseline 0 -1"><span class='ocrx_word' id='word_1_45' title='bbox 25 1958 52 1981; x_wconf 71' lang='lat' dir='ltr'>ab</span> <span class='ocrx_word' id='word_1_46' title='bbox 66 1958 143 1980; x_wconf 76' lang='lat' dir='ltr'>eodem</span> <span class='ocrx_word' id='word_1_47' title='bbox 156 1958 213 1980; x_wconf 85' lang='lat' dir='ltr'>Leo-</span> 
     </span>
     <span class='ocr_line' id='line_1_25' title="bbox 27 1999 210 2024; baseline -0.005 -7"><span class='ocrx_word' id='word_1_48' title='bbox 27 2002 54 2017; x_wconf 79' lang='lat' dir='ltr'>ne</span> <span class='ocrx_word' id='word_1_49' title='bbox 71 1999 210 2024; x_wconf 79' lang='lat' dir='ltr'>consecrata,</span> 
     </span>
     <span class='ocr_line' id='line_1_26' title="bbox 26 2031 210 2061; baseline 0 -8"><span class='ocrx_word' id='word_1_50' title='bbox 26 2038 92 2061; x_wconf 83' lang='lat' dir='ltr'>quum</span> <span class='ocrx_word' id='word_1_51' title='bbox 117 2031 210 2053; x_wconf 67' lang='lat' dir='ltr'>Tatten-</span> 
     </span>
     <span class='ocr_line' id='line_1_27' title="bbox 27 2067 212 2097; baseline 0.005 -9"><span class='ocrx_word' id='word_1_52' title='bbox 27 2067 58 2089; x_wconf 83' lang='lat' dir='ltr'>sis</span> <span class='ocrx_word' id='word_1_53' title='bbox 92 2067 212 2097; x_wconf 80' lang='lat' dir='ltr'>episcopus</span> 
     </span>
     <span class='ocr_line' id='line_1_28' title="bbox 31 2105 97 2125; baseline -0.03 0"><span class='ocrx_word' id='word_1_54' title='bbox 31 2105 97 2125; x_wconf 71' lang='lat' dir='ltr'>esset.</span> 
     </span>
    </p>
   </div>
   <div class='ocr_carea' id='block_1_7' title="bbox 27 2500 215 2714">
    <p class='ocr_par' dir='ltr' id='par_1_8' title="bbox 27 2500 215 2714">
     <span class='ocr_line' id='line_1_29' title="bbox 27 2500 211 2523; baseline -0.011 0"><span class='ocrx_word' id='word_1_55' title='bbox 27 2500 155 2523; x_wconf 74' lang='lat' dir='ltr'>Fontsntaci</span> <span class='ocrx_word' id='word_1_56' title='bbox 169 2507 211 2522; x_wconf 74' lang='lat' dir='ltr'>ca-</span> 
     </span>
     <span class='ocr_line' id='line_1_30' title="bbox 29 2531 214 2554; baseline -0.005 0"><span class='ocrx_word' id='word_1_57' title='bbox 29 2532 87 2554; x_wconf 63' lang='grc'>310111</span> <span class='ocrx_word' id='word_1_58' title='bbox 130 2531 214 2554; x_wconf 78' lang='lat' dir='ltr'>dou-ini</span> 
     </span>
     <span class='ocr_line' id='line_1_31' title="bbox 28 2566 215 2594; baseline 0 -9"><span class='ocrx_word' id='word_1_59' title='bbox 28 2571 68 2594; x_wconf 80' lang='lat' dir='ltr'>pro</span> <span class='ocrx_word' id='word_1_60' title='bbox 113 2566 215 2593; x_wconf 72' lang='lat' dir='ltr'>tempore.</span> 
     </span>
     <span class='ocr_line' id='line_1_32' title="bbox 31 2596 214 2625; baseline 0 -9"><span class='ocrx_word' id='word_1_61' title='bbox 31 2596 133 2625; x_wconf 68' lang='lat' dir='ltr'>perpetui</span> <span class='ocrx_word' id='word_1_62' title='bbox 161 2603 214 2616; x_wconf 87' lang='lat' dir='ltr'>mo-</span> 
     </span>
     <span class='ocr_line' id='line_1_33' title="bbox 27 2626 215 2650; baseline 0.005 -2"><span class='ocrx_word' id='word_1_63' title='bbox 27 2626 118 2648; x_wconf 70' lang='lat' dir='ltr'>nasterii</span> <span class='ocrx_word' id='word_1_64' title='bbox 152 2626 215 2650; x_wconf 79' lang='lat' dir='ltr'>huius</span> 
     </span>
     <span class='ocr_line' id='line_1_34' title="bbox 28 2658 215 2681; baseline 0.005 -1"><span class='ocrx_word' id='word_1_65' title='bbox 28 2658 130 2681; x_wconf 72' lang='lat' dir='ltr'>advocati</span> <span class='ocrx_word' id='word_1_66' title='bbox 160 2667 215 2681; x_wconf 82' lang='lat' dir='ltr'>con-</span> 
     </span>
     <span class='ocr_line' id='line_1_35' title="bbox 29 2690 158 2714; baseline 0.008 -2"><span class='ocrx_word' id='word_1_67' title='bbox 29 2690 158 2714; x_wconf 69' lang='lat' dir='ltr'>stituuntur.</span> 
     </span>
    </p>
   </div>
   <div class='ocr_carea' id='block_1_8' title="bbox 879 308 1126 333">
    <p class='ocr_par' dir='ltr' id='par_1_9' title="bbox 879 308 1126 333">
     <span class='ocr_line' id='line_1_36' title="bbox 879 308 1126 333; baseline -0.012 0"><span class='ocrx_word' id='word_1_68' title='bbox 879 310 902 333; x_wconf 85' lang='lat' dir='ltr'>S.</span> <span class='ocrx_word' id='word_1_69' title='bbox 926 309 987 332; x_wconf 69' lang='grc' dir='ltr'>[ΕΟ</span> <span class='ocrx_word' id='word_1_70' title='bbox 1013 309 1048 331; x_wconf 74' lang='lat' dir='ltr'>lx</span> <span class='ocrx_word' id='word_1_71' title='bbox 1079 308 1126 330; x_wconf 67' lang='lat' dir='ltr'>FP.</span> 
     </span>
    </p>
   </div>
   <div class='ocr_carea' id='block_1_9' title="bbox 239 365 996 2743">
    <p class='ocr_par' dir='ltr' id='par_1_10' title="bbox 239 365 996 2743">
     <span class='ocr_line' id='line_1_37' title="bbox 246 365 995 414; baseline -0.004 -13"><span class='ocrx_word' id='word_1_72' title='bbox 246 365 313 401; x_wconf 84' lang='lat' dir='ltr'>loca</span> <span class='ocrx_word' id='word_1_73' title='bbox 343 366 459 401; x_wconf 89' lang='lat' dir='ltr'>nostris</span> <span class='ocrx_word' id='word_1_74' title='bbox 493 365 674 414; x_wconf 84' lang='lat' dir='ltr'>apostolicis</span> <span class='ocrx_word' id='word_1_75' title='bbox 710 365 785 400; x_wconf 76' lang='lat' dir='ltr'>liant</span> <span class='ocrx_word' id='word_1_76' title='bbox 820 366 938 400; x_wconf 75' lang='lat' dir='ltr'>munita</span> <span class='ocrx_word' id='word_1_77' title='bbox 966 373 995 399; x_wconf 87' lang='lat' dir='ltr'>et</span> 
     </span>
     <span class='ocr_line' id='line_1_38' title="bbox 246 416 995 463; baseline -0.003 -13"><span class='ocrx_word' id='word_1_78' title='bbox 246 416 340 451; x_wconf 87' lang='lat' dir='ltr'>nobis</span> <span class='ocrx_word' id='word_1_79' title='bbox 374 416 513 463; x_wconf 85' lang='lat' dir='ltr'>proficiat</span> <span class='ocrx_word' id='word_1_80' title='bbox 548 417 584 451; x_wconf 89' lang='lat' dir='ltr'>ad</span> <span class='ocrx_word' id='word_1_81' title='bbox 618 416 727 451; x_wconf 80' lang='lat' dir='ltr'>salutis</span> <span class='ocrx_word' id='word_1_82' title='bbox 749 423 995 460; x_wconf 72' lang='lat' dir='ltr'>augumentum,</span> 
     </span>
     <span class='ocr_line' id='line_1_39' title="bbox 247 465 995 513; baseline -0.005 -14"><span class='ocrx_word' id='word_1_83' title='bbox 247 465 330 512; x_wconf 89' lang='lat' dir='ltr'>quod</span> <span class='ocrx_word' id='word_1_84' title='bbox 354 467 399 500; x_wconf 86' lang='lat' dir='ltr'>eis</span> <span class='ocrx_word' id='word_1_85' title='bbox 423 466 545 513; x_wconf 85' lang='lat' dir='ltr'>proficit</span> <span class='ocrx_word' id='word_1_86' title='bbox 567 466 603 500; x_wconf 89' lang='lat' dir='ltr'>ad</span> <span class='ocrx_word' id='word_1_87' title='bbox 632 466 793 500; x_wconf 76' lang='lat' dir='ltr'>tutaminis</span> <span class='ocrx_word' id='word_1_88' title='bbox 828 465 995 499; x_wconf 85' lang='lat' dir='ltr'>fulcimen-</span> 
     </span>
     <span class='ocr_line' id='line_1_40' title="bbox 246 514 996 562; baseline -0.003 -13"><span class='ocrx_word' id='word_1_89' title='bbox 246 523 324 549; x_wconf 87' lang='lat' dir='ltr'>tum.</span> <span class='ocrx_word' id='word_1_90' title='bbox 347 514 548 561; x_wconf 71' lang='lat' dir='ltr'>Quapropter</span> <span class='ocrx_word' id='word_1_91' title='bbox 571 528 706 562; x_wconf 88' lang='lat' dir='ltr'>aequum</span> <span class='ocrx_word' id='word_1_92' title='bbox 736 524 765 549; x_wconf 90' lang='lat' dir='ltr'>et</span> <span class='ocrx_word' id='word_1_93' title='bbox 791 515 926 549; x_wconf 68' lang='lat' dir='ltr'>salutare</span> <span class='ocrx_word' id='word_1_94' title='bbox 947 514 996 547; x_wconf 72' lang='lat' dir='ltr'>vi-</span> 
     </span>
     <span class='ocr_line' id='line_1_41' title="bbox 245 563 993 610; baseline -0.003 -11"><span class='ocrx_word' id='word_1_95' title='bbox 245 577 315 599; x_wconf 88' lang='lat' dir='ltr'>sum</span> <span class='ocrx_word' id='word_1_96' title='bbox 345 565 400 598; x_wconf 87' lang='lat' dir='ltr'>l&#39;uit</span> <span class='ocrx_word' id='word_1_97' title='bbox 423 565 524 602; x_wconf 74' lang='lat' dir='ltr'>nobis,</span> <span class='ocrx_word' id='word_1_98' title='bbox 548 574 579 599; x_wconf 92' lang='lat' dir='ltr'>ut</span> <span class='ocrx_word' id='word_1_99' title='bbox 604 564 790 610; x_wconf 73' lang='lat' dir='ltr'>praedictam</span> <span class='ocrx_word' id='word_1_100' title='bbox 818 563 993 598; x_wconf 74' lang='lat' dir='ltr'>Ecclesiam</span> 
     </span>
     <span class='ocr_line' id='line_1_42' title="bbox 245 613 995 661; baseline -0.001 -13"><span class='ocrx_word' id='word_1_101' title='bbox 245 626 260 648; x_wconf 92' lang='lat' dir='ltr'>a</span> <span class='ocrx_word' id='word_1_102' title='bbox 284 613 452 661; x_wconf 77' lang='lat' dir='ltr'>Raynardo</span> <span class='ocrx_word' id='word_1_103' title='bbox 466 614 580 648; x_wconf 87' lang='lat' dir='ltr'>comite</span> <span class='ocrx_word' id='word_1_104' title='bbox 597 614 724 660; x_wconf 86' lang='lat' dir='ltr'>suisque</span> <span class='ocrx_word' id='word_1_105' title='bbox 740 613 995 660; x_wconf 74' lang='lat' dir='ltr'>progenitoribus</span> 
     </span>
     <span class='ocr_line' id='line_1_43' title="bbox 245 663 994 710; baseline -0.001 -12"><span class='ocrx_word' id='word_1_106' title='bbox 245 663 415 705; x_wconf 81' lang='lat' dir='ltr'>conditam,</span> <span class='ocrx_word' id='word_1_107' title='bbox 454 663 644 710; x_wconf 76' lang='lat' dir='ltr'>apostolicae,</span> <span class='ocrx_word' id='word_1_108' title='bbox 677 663 870 697; x_wconf 80' lang='lat' dir='ltr'>auctoritatis</span> <span class='ocrx_word' id='word_1_109' title='bbox 905 671 994 697; x_wconf 85' lang='lat' dir='ltr'>scuto</span> 
     </span>
     <span class='ocr_line' id='line_1_44' title="bbox 244 712 994 759; baseline -0.001 -12"><span class='ocrx_word' id='word_1_110' title='bbox 244 714 453 753; x_wconf 75' lang='lat' dir='ltr'><strong>muniremus,</strong></span> <span class='ocrx_word' id='word_1_111' title='bbox 476 724 608 759; x_wconf 88' lang='lat' dir='ltr'>eamque</span> <span class='ocrx_word' id='word_1_112' title='bbox 631 713 660 746; x_wconf 90' lang='lat' dir='ltr'>in</span> <span class='ocrx_word' id='word_1_113' title='bbox 684 713 857 746; x_wconf 83' lang='lat' dir='ltr'>monastico</span> <span class='ocrx_word' id='word_1_114' title='bbox 884 712 994 747; x_wconf 78' lang='lat' dir='ltr'>ordine</span> 
     </span>
     <span class='ocr_line' id='line_1_45' title="bbox 246 761 994 809; baseline 0 -13"><span class='ocrx_word' id='word_1_115' title='bbox 246 773 431 809; x_wconf 86' lang='lat' dir='ltr'>permanere</span> <span class='ocrx_word' id='word_1_116' title='bbox 465 761 720 796; x_wconf 74' lang='lat' dir='ltr'><strong>decerneremus.</strong></span> <span class='ocrx_word' id='word_1_117' title='bbox 748 762 790 796; x_wconf 85' lang='lat' dir='ltr'>Ea</span> <span class='ocrx_word' id='word_1_118' title='bbox 823 763 994 805; x_wconf 59' lang='grc'>10110130-</span> 
     </span>
     <span class='ocr_line' id='line_1_46' title="bbox 244 811 994 857; baseline 0.001 -12"><span class='ocrx_word' id='word_1_119' title='bbox 244 812 398 850; x_wconf 72' lang='lat' dir='ltr'>ctoritate,</span> <span class='ocrx_word' id='word_1_120' title='bbox 421 823 481 857; x_wconf 91' lang='lat' dir='ltr'>qua</span> <span class='ocrx_word' id='word_1_121' title='bbox 505 811 535 844; x_wconf 91' lang='lat' dir='ltr'>iu</span> <span class='ocrx_word' id='word_1_122' title='bbox 554 813 656 847; x_wconf 78' lang='lat' dir='ltr'>terris.</span> <span class='ocrx_word' id='word_1_123' title='bbox 679 811 751 846; x_wconf 79' lang='lat' dir='ltr'>licet</span> <span class='ocrx_word' id='word_1_124' title='bbox 775 812 905 857; x_wconf 55' lang='lat' dir='ltr'>indigui,</span> <span class='ocrx_word' id='word_1_125' title='bbox 927 811 994 846; x_wconf 75' lang='lat' dir='ltr'>vice</span> 
     </span>
     <span class='ocr_line' id='line_1_47' title="bbox 244 859 993 908; baseline -0.001 -14"><span class='ocrx_word' id='word_1_126' title='bbox 244 868 347 894; x_wconf 77' lang='lat' dir='ltr'>tamen</span> <span class='ocrx_word' id='word_1_127' title='bbox 371 859 534 906; x_wconf 78' lang='lat' dir='ltr'>fungimur</span> <span class='ocrx_word' id='word_1_128' title='bbox 549 861 721 895; x_wconf 71' lang='lat' dir='ltr'>beatissimi</span> <span class='ocrx_word' id='word_1_129' title='bbox 740 861 823 896; x_wconf 84' lang='lat' dir='ltr'>Petri</span> <span class='ocrx_word' id='word_1_130' title='bbox 847 861 993 908; x_wconf 79' lang='lat' dir='ltr'>apostoli,</span> 
     </span>
     <span class='ocr_line' id='line_1_48' title="bbox 243 909 994 957; baseline 0.003 -14"><span class='ocrx_word' id='word_1_131' title='bbox 243 909 468 944; x_wconf 84' lang='lat' dir='ltr'>confirmamus</span> <span class='ocrx_word' id='word_1_132' title='bbox 495 919 525 944; x_wconf 86' lang='lat' dir='ltr'>et</span> <span class='ocrx_word' id='word_1_133' title='bbox 548 911 734 945; x_wconf 78' lang='lat' dir='ltr'>roboramus</span> <span class='ocrx_word' id='word_1_134' title='bbox 762 923 815 957; x_wconf 88' lang='lat' dir='ltr'>per</span> <span class='ocrx_word' id='word_1_135' title='bbox 836 911 917 945; x_wconf 82' lang='lat' dir='ltr'>hanc</span> <span class='ocrx_word' id='word_1_136' title='bbox 941 923 994 945; x_wconf 91' lang='lat' dir='ltr'>no-</span> 
     </span>
     <span class='ocr_line' id='line_1_49' title="bbox 242 958 993 1006; baseline 0.001 -13"><span class='ocrx_word' id='word_1_137' title='bbox 242 959 299 994; x_wconf 86' lang='lat' dir='ltr'>stri</span> <span class='ocrx_word' id='word_1_138' title='bbox 336 958 490 1006; x_wconf 78' lang='lat' dir='ltr'>privilegii</span> <span class='ocrx_word' id='word_1_139' title='bbox 527 960 670 1006; x_wconf 79' lang='lat' dir='ltr'>pagiuam</span> <span class='ocrx_word' id='word_1_140' title='bbox 703 960 804 994; x_wconf 84' lang='lat' dir='ltr'>eidem</span> <span class='ocrx_word' id='word_1_141' title='bbox 833 969 940 995; x_wconf 84' lang='lat' dir='ltr'>sancto</span> <span class='ocrx_word' id='word_1_142' title='bbox 964 970 993 994; x_wconf 90' lang='lat' dir='ltr'>et</span> 
     </span>
     <span class='ocr_line' id='line_1_50' title="bbox 244 1008 990 1056; baseline 0.001 -14"><span class='ocrx_word' id='word_1_143' title='bbox 244 1008 414 1043; x_wconf 79' lang='lat' dir='ltr'>venerabili</span> <span class='ocrx_word' id='word_1_144' title='bbox 447 1009 515 1043; x_wconf 83' lang='grc'>1000</span> <span class='ocrx_word' id='word_1_145' title='bbox 550 1010 675 1047; x_wconf 81' lang='lat' dir='ltr'>omnia,</span> <span class='ocrx_word' id='word_1_146' title='bbox 703 1023 784 1056; x_wconf 88' lang='lat' dir='ltr'>quae</span> <span class='ocrx_word' id='word_1_147' title='bbox 810 1009 849 1044; x_wconf 89' lang='lat' dir='ltr'>ab</span> <span class='ocrx_word' id='word_1_148' title='bbox 882 1010 990 1045; x_wconf 88' lang='lat' dir='ltr'>eodem</span> 
     </span>
     <span class='ocr_line' id='line_1_51' title="bbox 242 1057 993 1106; baseline 0.004 -14"><span class='ocrx_word' id='word_1_149' title='bbox 242 1057 412 1105; x_wconf 71' lang='lat' dir='ltr'>Raynardo</span> <span class='ocrx_word' id='word_1_150' title='bbox 440 1058 555 1094; x_wconf 81' lang='lat' dir='ltr'>comite</span> <span class='ocrx_word' id='word_1_151' title='bbox 586 1060 718 1105; x_wconf 80' lang='lat' dir='ltr'>eiusque</span> <span class='ocrx_word' id='word_1_152' title='bbox 755 1059 937 1106; x_wconf 86' lang='lat' dir='ltr'>parentibus</span> <span class='ocrx_word' id='word_1_153' title='bbox 963 1069 993 1095; x_wconf 89' lang='lat' dir='ltr'>et</span> 
     </span>
     <span class='ocr_line' id='line_1_52' title="bbox 243 1107 993 1156; baseline 0.004 -15"><span class='ocrx_word' id='word_1_154' title='bbox 243 1107 312 1142; x_wconf 88' lang='lat' dir='ltr'>aliis</span> <span class='ocrx_word' id='word_1_155' title='bbox 339 1107 594 1156; x_wconf 86' lang='lat' dir='ltr'>quibuscumque</span> <span class='ocrx_word' id='word_1_156' title='bbox 618 1109 763 1144; x_wconf 80' lang='lat' dir='ltr'>fidelibus</span> <span class='ocrx_word' id='word_1_157' title='bbox 783 1108 898 1144; x_wconf 85' lang='lat' dir='ltr'>Christi</span> <span class='ocrx_word' id='word_1_158' title='bbox 922 1122 993 1144; x_wconf 87' lang='lat' dir='ltr'>con-</span> 
     </span>
     <span class='ocr_line' id='line_1_53' title="bbox 243 1158 991 1207; baseline 0.004 -16"><span class='ocrx_word' id='word_1_159' title='bbox 243 1169 331 1192; x_wconf 83' lang='lat' dir='ltr'>cessa</span> <span class='ocrx_word' id='word_1_160' title='bbox 358 1166 388 1192; x_wconf 88' lang='lat' dir='ltr'>et</span> <span class='ocrx_word' id='word_1_161' title='bbox 410 1158 611 1194; x_wconf 88' lang='lat' dir='ltr'>concedenda</span> <span class='ocrx_word' id='word_1_162' title='bbox 635 1167 708 1193; x_wconf 92' lang='lat' dir='ltr'>sunt</span> <span class='ocrx_word' id='word_1_163' title='bbox 731 1160 761 1194; x_wconf 91' lang='lat' dir='ltr'>in</span> <span class='ocrx_word' id='word_1_164' title='bbox 787 1168 991 1207; x_wconf 79' lang='lat' dir='ltr'>perpetuum;</span> 
     </span>
     <span class='ocr_line' id='line_1_54' title="bbox 243 1207 991 1255; baseline 0.003 -14"><span class='ocrx_word' id='word_1_165' title='bbox 243 1207 446 1254; x_wconf 83' lang='lat' dir='ltr'>prohibentes</span> <span class='ocrx_word' id='word_1_166' title='bbox 472 1217 575 1243; x_wconf 83' lang='lat' dir='ltr'>nostra</span> <span class='ocrx_word' id='word_1_167' title='bbox 599 1209 769 1255; x_wconf 81' lang='lat' dir='ltr'>apostolica</span> <span class='ocrx_word' id='word_1_168' title='bbox 796 1209 991 1249; x_wconf 76' lang='lat' dir='ltr'>auctoritate,</span> 
     </span>
     <span class='ocr_line' id='line_1_55' title="bbox 243 1258 992 1304; baseline 0.003 -14"><span class='ocrx_word' id='word_1_169' title='bbox 243 1269 282 1291; x_wconf 88' lang='lat' dir='ltr'>ne</span> <span class='ocrx_word' id='word_1_170' title='bbox 323 1269 461 1304; x_wconf 89' lang='lat' dir='ltr'>uuquam</span> <span class='ocrx_word' id='word_1_171' title='bbox 499 1270 515 1292; x_wconf 89' lang='lat' dir='ltr'>a</span> <span class='ocrx_word' id='word_1_172' title='bbox 543 1259 717 1293; x_wconf 78' lang='lat' dir='ltr'>monastico</span> <span class='ocrx_word' id='word_1_173' title='bbox 757 1258 866 1293; x_wconf 85' lang='lat' dir='ltr'>ordine</span> <span class='ocrx_word' id='word_1_174' title='bbox 904 1258 992 1294; x_wconf 82' lang='lat' dir='ltr'>locus</span> 
     </span>
     <span class='ocr_line' id='line_1_56' title="bbox 244 1306 991 1355; baseline 0.003 -15"><span class='ocrx_word' id='word_1_175' title='bbox 244 1306 309 1350; x_wconf 88' lang='lat' dir='ltr'>ipse</span> <span class='ocrx_word' id='word_1_176' title='bbox 345 1306 523 1346; x_wconf 79' lang='lat' dir='ltr'>auferatur,</span> <span class='ocrx_word' id='word_1_177' title='bbox 555 1308 609 1342; x_wconf 83' lang='lat' dir='ltr'>sed</span> <span class='ocrx_word' id='word_1_178' title='bbox 645 1321 771 1355; x_wconf 81' lang='lat' dir='ltr'>semper</span> <span class='ocrx_word' id='word_1_179' title='bbox 797 1308 857 1343; x_wconf 91' lang='lat' dir='ltr'>sub</span> <span class='ocrx_word' id='word_1_180' title='bbox 885 1308 991 1352; x_wconf 69' lang='lat' dir='ltr'>regula</span> 
     </span>
     <span class='ocr_line' id='line_1_57' title="bbox 242 1355 991 1402; baseline 0.004 -13"><span class='ocrx_word' id='word_1_181' title='bbox 242 1355 340 1390; x_wconf 82' lang='lat' dir='ltr'>sancti</span> <span class='ocrx_word' id='word_1_182' title='bbox 378 1356 541 1392; x_wconf 79' lang='lat' dir='ltr'>Benedicti</span> <span class='ocrx_word' id='word_1_183' title='bbox 570 1367 766 1402; x_wconf 77' lang='lat' dir='ltr'>permaneat.</span> <span class='ocrx_word' id='word_1_184' title='bbox 789 1367 818 1392; x_wconf 91' lang='lat' dir='ltr'>et</span> <span class='ocrx_word' id='word_1_185' title='bbox 845 1359 991 1392; x_wconf 87' lang='lat' dir='ltr'>nomina-</span> 
     </span>
     <span class='ocr_line' id='line_1_58' title="bbox 242 1406 991 1454; baseline 0.004 -15"><span class='ocrx_word' id='word_1_186' title='bbox 242 1406 309 1445; x_wconf 71' lang='lat' dir='ltr'>tim,</span> <span class='ocrx_word' id='word_1_187' title='bbox 343 1417 423 1452; x_wconf 84' lang='lat' dir='ltr'>quae</span> <span class='ocrx_word' id='word_1_188' title='bbox 457 1406 524 1453; x_wconf 87' lang='lat' dir='ltr'>ipse</span> <span class='ocrx_word' id='word_1_189' title='bbox 562 1407 751 1454; x_wconf 65' lang='lat' dir='ltr'>Rayuardus</span> <span class='ocrx_word' id='word_1_190' title='bbox 786 1420 892 1442; x_wconf 89' lang='lat' dir='ltr'>comes</span> <span class='ocrx_word' id='word_1_191' title='bbox 921 1408 991 1442; x_wconf 89' lang='lat' dir='ltr'>buic</span> 
     </span>
     <span class='ocr_line' id='line_1_59' title="bbox 242 1454 991 1502; baseline 0.004 -14"><span class='ocrx_word' id='word_1_192' title='bbox 242 1454 312 1489; x_wconf 85' lang='lat' dir='ltr'>loco</span> <span class='ocrx_word' id='word_1_193' title='bbox 337 1467 392 1502; x_wconf 86' lang='lat' dir='ltr'>pro</span> <span class='ocrx_word' id='word_1_194' title='bbox 425 1456 562 1491; x_wconf 86' lang='lat' dir='ltr'>remedio</span> <span class='ocrx_word' id='word_1_195' title='bbox 585 1458 706 1492; x_wconf 87' lang='lat' dir='ltr'>animae</span> <span class='ocrx_word' id='word_1_196' title='bbox 733 1469 808 1492; x_wconf 86' lang='lat' dir='ltr'>suae</span> <span class='ocrx_word' id='word_1_197' title='bbox 836 1457 991 1501; x_wconf 72' lang='lat' dir='ltr'>contulit,</span> 
     </span>
     <span class='ocr_line' id='line_1_60' title="bbox 241 1505 992 1553; baseline 0.005 -16"><span class='ocrx_word' id='word_1_198' title='bbox 241 1516 375 1550; x_wconf 84' lang='lat' dir='ltr'>quarum</span> <span class='ocrx_word' id='word_1_199' title='bbox 404 1505 531 1550; x_wconf 90' lang='lat' dir='ltr'>quidem</span> <span class='ocrx_word' id='word_1_200' title='bbox 568 1514 755 1553; x_wconf 83' lang='lat' dir='ltr'>potestatum</span> <span class='ocrx_word' id='word_1_201' title='bbox 785 1507 910 1541; x_wconf 87' lang='grc'>11001103</span> <span class='ocrx_word' id='word_1_202' title='bbox 941 1507 992 1541; x_wconf 87' lang='grc'>1110</span> 
     </span>
     <span class='ocr_line' id='line_1_61' title="bbox 241 1553 992 1601; baseline 0.005 -14"><span class='ocrx_word' id='word_1_203' title='bbox 241 1553 398 1588; x_wconf 80' lang='lat' dir='ltr'>subscribi</span> <span class='ocrx_word' id='word_1_204' title='bbox 412 1553 564 1590; x_wconf 80' lang='lat' dir='ltr'>fecimus:</span> <span class='ocrx_word' id='word_1_205' title='bbox 589 1557 740 1601; x_wconf 67' lang='lat' dir='ltr'>integram</span> <span class='ocrx_word' id='word_1_206' title='bbox 757 1556 901 1591; x_wconf 74' lang='lat' dir='ltr'>videlicet</span> <span class='ocrx_word' id='word_1_207' title='bbox 916 1556 992 1591; x_wconf 84' lang='lat' dir='ltr'>Bel-</span> 
     </span>
     <span class='ocr_line' id='line_1_62' title="bbox 240 1603 992 1641; baseline 0.004 -3"><span class='ocrx_word' id='word_1_208' title='bbox 240 1603 338 1638; x_wconf 89' lang='lat' dir='ltr'>derici</span> <span class='ocrx_word' id='word_1_209' title='bbox 364 1603 432 1638; x_wconf 81' lang='lat' dir='ltr'>villa</span> <span class='ocrx_word' id='word_1_210' title='bbox 461 1618 533 1639; x_wconf 88' lang='lat' dir='ltr'>cum</span> <span class='ocrx_word' id='word_1_211' title='bbox 565 1606 694 1641; x_wconf 81' lang='lat' dir='ltr'>ecclesia</span> <span class='ocrx_word' id='word_1_212' title='bbox 722 1614 753 1641; x_wconf 84' lang='lat' dir='ltr'>et</span> <span class='ocrx_word' id='word_1_213' title='bbox 785 1607 870 1641; x_wconf 91' lang='lat' dir='ltr'>omni</span> <span class='ocrx_word' id='word_1_214' title='bbox 905 1607 992 1641; x_wconf 90' lang='lat' dir='ltr'>iute-</span> 
     </span>
     <span class='ocr_line' id='line_1_63' title="bbox 239 1653 990 1699; baseline 0.005 -13"><span class='ocrx_word' id='word_1_215' title='bbox 239 1653 350 1699; x_wconf 84' lang='lat' dir='ltr'>gritate</span> <span class='ocrx_word' id='word_1_216' title='bbox 381 1665 457 1688; x_wconf 89' lang='lat' dir='ltr'>sua:</span> <span class='ocrx_word' id='word_1_217' title='bbox 494 1655 641 1689; x_wconf 87' lang='lat' dir='ltr'>Romaldi</span> <span class='ocrx_word' id='word_1_218' title='bbox 670 1656 773 1691; x_wconf 66' lang='lat' dir='ltr'>villam</span> <span class='ocrx_word' id='word_1_219' title='bbox 803 1668 875 1690; x_wconf 87' lang='lat' dir='ltr'>cum</span> <span class='ocrx_word' id='word_1_220' title='bbox 904 1657 990 1690; x_wconf 90' lang='lat' dir='ltr'>omni</span> 
     </span>
     <span class='ocr_line' id='line_1_64' title="bbox 240 1703 992 1751; baseline 0.005 -15"><span class='ocrx_word' id='word_1_221' title='bbox 240 1703 436 1749; x_wconf 79' lang='lat' dir='ltr'>integritate:</span> <span class='ocrx_word' id='word_1_222' title='bbox 472 1704 609 1740; x_wconf 88' lang='lat' dir='ltr'>Salsuris</span> <span class='ocrx_word' id='word_1_223' title='bbox 636 1718 707 1740; x_wconf 91' lang='lat' dir='ltr'>cum</span> <span class='ocrx_word' id='word_1_224' title='bbox 745 1706 830 1740; x_wconf 91' lang='lat' dir='ltr'>omui</span> <span class='ocrx_word' id='word_1_225' title='bbox 861 1706 992 1751; x_wconf 68' lang='lat' dir='ltr'>iutegri-</span> 
     </span>
     <span class='ocr_line' id='line_1_65' title="bbox 240 1752 990 1800; baseline 0.005 -14"><span class='ocrx_word' id='word_1_226' title='bbox 240 1759 320 1787; x_wconf 88' lang='lat' dir='ltr'>tate:</span> <span class='ocrx_word' id='word_1_227' title='bbox 344 1752 552 1789; x_wconf 71' lang='lat' dir='ltr'>Panterillare</span> <span class='ocrx_word' id='word_1_228' title='bbox 584 1767 656 1789; x_wconf 91' lang='lat' dir='ltr'>cum</span> <span class='ocrx_word' id='word_1_229' title='bbox 680 1756 764 1789; x_wconf 90' lang='lat' dir='ltr'>omui</span> <span class='ocrx_word' id='word_1_230' title='bbox 794 1756 990 1800; x_wconf 74' lang='lat' dir='ltr'>integritate:</span> 
     </span>
     <span class='ocr_line' id='line_1_66' title="bbox 239 1801 992 1849; baseline 0.004 -13"><span class='ocrx_word' id='word_1_231' title='bbox 239 1801 390 1836; x_wconf 81' lang='lat' dir='ltr'>allodium</span> <span class='ocrx_word' id='word_1_232' title='bbox 419 1802 457 1837; x_wconf 91' lang='lat' dir='ltr'>de</span> <span class='ocrx_word' id='word_1_233' title='bbox 484 1803 602 1838; x_wconf 84' lang='lat' dir='ltr'>domno</span> <span class='ocrx_word' id='word_1_234' title='bbox 635 1804 766 1839; x_wconf 79' lang='lat' dir='ltr'>Bai-olo:</span> <span class='ocrx_word' id='word_1_235' title='bbox 794 1804 992 1849; x_wconf 72' lang='lat' dir='ltr'>Ligisdicur-</span> 
     </span>
     <span class='ocr_line' id='line_1_67' title="bbox 240 1852 993 1900; baseline 0.005 -15"><span class='ocrx_word' id='word_1_236' title='bbox 240 1858 304 1885; x_wconf 88' lang='lat' dir='ltr'>tem</span> <span class='ocrx_word' id='word_1_237' title='bbox 333 1864 404 1886; x_wconf 91' lang='lat' dir='ltr'>cum</span> <span class='ocrx_word' id='word_1_238' title='bbox 429 1852 621 1900; x_wconf 81' lang='lat' dir='ltr'>integritate:</span> <span class='ocrx_word' id='word_1_239' title='bbox 644 1854 793 1888; x_wconf 82' lang='lat' dir='ltr'>allodium</span> <span class='ocrx_word' id='word_1_240' title='bbox 818 1854 856 1889; x_wconf 88' lang='lat' dir='ltr'>de</span> <span class='ocrx_word' id='word_1_241' title='bbox 883 1854 993 1889; x_wconf 79' lang='lat' dir='ltr'>Uuzo-</span> 
     </span>
     <span class='ocr_line' id='line_1_68' title="bbox 240 1901 992 1950; baseline 0.005 -16"><span class='ocrx_word' id='word_1_242' title='bbox 240 1901 390 1936; x_wconf 89' lang='lat' dir='ltr'>niscurte.</span> <span class='ocrx_word' id='word_1_243' title='bbox 425 1901 501 1936; x_wconf 83' lang='lat' dir='ltr'>Post</span> <span class='ocrx_word' id='word_1_244' title='bbox 533 1915 668 1950; x_wconf 87' lang='lat' dir='ltr'>quorum</span> <span class='ocrx_word' id='word_1_245' title='bbox 696 1903 851 1938; x_wconf 88' lang='lat' dir='ltr'>donorum</span> <span class='ocrx_word' id='word_1_246' title='bbox 876 1903 992 1938; x_wconf 82' lang='lat' dir='ltr'>firmis-</span> 
     </span>
     <span class='ocr_line' id='line_1_69' title="bbox 240 1951 992 2000; baseline 0.004 -16"><span class='ocrx_word' id='word_1_247' title='bbox 240 1951 352 1985; x_wconf 88' lang='lat' dir='ltr'>simam</span> <span class='ocrx_word' id='word_1_248' title='bbox 380 1951 663 1994; x_wconf 65' lang='lat' dir='ltr'>contraditionem,</span> <span class='ocrx_word' id='word_1_249' title='bbox 691 1953 771 1987; x_wconf 85' lang='lat' dir='ltr'>sicut</span> <span class='ocrx_word' id='word_1_250' title='bbox 806 1953 872 2000; x_wconf 82' lang='lat' dir='ltr'>ipse</span> <span class='ocrx_word' id='word_1_251' title='bbox 897 1966 992 1998; x_wconf 84' lang='lat' dir='ltr'>prae-</span> 
     </span>
     <span class='ocr_line' id='line_1_70' title="bbox 240 1999 990 2049; baseline 0.004 -15"><span class='ocrx_word' id='word_1_252' title='bbox 240 1999 345 2034; x_wconf 89' lang='lat' dir='ltr'>dictus</span> <span class='ocrx_word' id='word_1_253' title='bbox 387 2012 494 2035; x_wconf 90' lang='lat' dir='ltr'>comes</span> <span class='ocrx_word' id='word_1_254' title='bbox 540 2003 599 2036; x_wconf 90' lang='lat' dir='ltr'>iam</span> <span class='ocrx_word' id='word_1_255' title='bbox 639 2004 835 2049; x_wconf 74' lang='lat' dir='ltr'>expetierat,</span> <span class='ocrx_word' id='word_1_256' title='bbox 871 2015 939 2036; x_wconf 86' lang='lat' dir='ltr'>eam</span> <span class='ocrx_word' id='word_1_257' title='bbox 975 2015 990 2037; x_wconf 90' lang='lat' dir='ltr'>a</span> 
     </span>
     <span class='ocr_line' id='line_1_71' title="bbox 241 2049 991 2098; baseline 0.004 -14"><span class='ocrx_word' id='word_1_258' title='bbox 241 2050 351 2093; x_wconf 87' lang='lat' dir='ltr'>nobis,</span> <span class='ocrx_word' id='word_1_259' title='bbox 384 2049 458 2084; x_wconf 90' lang='lat' dir='ltr'>dum</span> <span class='ocrx_word' id='word_1_260' title='bbox 490 2051 519 2085; x_wconf 92' lang='lat' dir='ltr'>in</span> <span class='ocrx_word' id='word_1_261' title='bbox 547 2053 614 2086; x_wconf 85' lang='lat' dir='ltr'>solo</span> <span class='ocrx_word' id='word_1_262' title='bbox 641 2053 822 2098; x_wconf 83' lang='lat' dir='ltr'>episcopatu</span> <span class='ocrx_word' id='word_1_263' title='bbox 850 2052 991 2087; x_wconf 76' lang='lat' dir='ltr'>Tullensi</span> 
     </span>
     <span class='ocr_line' id='line_1_72' title="bbox 240 2099 991 2146; baseline 0.005 -14"><span class='ocrx_word' id='word_1_264' title='bbox 240 2099 449 2146; x_wconf 80' lang='lat' dir='ltr'>praefuimus,</span> <span class='ocrx_word' id='word_1_265' title='bbox 461 2101 651 2140; x_wconf 81' lang='lat' dir='ltr'>consecrari,</span> <span class='ocrx_word' id='word_1_266' title='bbox 664 2102 760 2135; x_wconf 87' lang='lat' dir='ltr'>immo</span> <span class='ocrx_word' id='word_1_267' title='bbox 770 2110 799 2135; x_wconf 80' lang='lat' dir='ltr'>et</span> <span class='ocrx_word' id='word_1_268' title='bbox 810 2110 991 2136; x_wconf 84' lang='lat' dir='ltr'>consecrata</span> 
     </span>
     <span class='ocr_line' id='line_1_73' title="bbox 240 2149 992 2197; baseline 0.003 -14"><span class='ocrx_word' id='word_1_269' title='bbox 240 2157 305 2190; x_wconf 79' lang='lat' dir='ltr'>est3</span> <span class='ocrx_word' id='word_1_270' title='bbox 340 2149 380 2183; x_wconf 89' lang='lat' dir='ltr'>ita</span> <span class='ocrx_word' id='word_1_271' title='bbox 403 2158 432 2183; x_wconf 89' lang='lat' dir='ltr'>et</span> <span class='ocrx_word' id='word_1_272' title='bbox 461 2150 554 2185; x_wconf 91' lang='lat' dir='ltr'>modo</span> <span class='ocrx_word' id='word_1_273' title='bbox 580 2151 609 2184; x_wconf 91' lang='lat' dir='ltr'>iu</span> <span class='ocrx_word' id='word_1_274' title='bbox 638 2151 832 2197; x_wconf 79' lang='lat' dir='ltr'>apostolatus</span> <span class='ocrx_word' id='word_1_275' title='bbox 855 2151 992 2185; x_wconf 78' lang='lat' dir='ltr'>culmine</span> 
     </span>
     <span class='ocr_line' id='line_1_74' title="bbox 241 2198 992 2245; baseline 0.003 -13"><span class='ocrx_word' id='word_1_276' title='bbox 241 2198 345 2233; x_wconf 86' lang='lat' dir='ltr'>divina</span> <span class='ocrx_word' id='word_1_277' title='bbox 375 2208 535 2245; x_wconf 66' lang='lat' dir='ltr'>praeeunte</span> <span class='ocrx_word' id='word_1_278' title='bbox 559 2200 726 2235; x_wconf 86' lang='lat' dir='ltr'>clementia</span> <span class='ocrx_word' id='word_1_279' title='bbox 745 2200 992 2235; x_wconf 85' lang='lat' dir='ltr'>misericorditer</span> 
     </span>
     <span class='ocr_line' id='line_1_75' title="bbox 240 2248 993 2290; baseline 0.001 -7"><span class='ocrx_word' id='word_1_280' title='bbox 240 2248 399 2283; x_wconf 89' lang='lat' dir='ltr'>sublimati</span> <span class='ocrx_word' id='word_1_281' title='bbox 419 2250 652 2290; x_wconf 72' lang='lat' dir='ltr'>constituimus,</span> <span class='ocrx_word' id='word_1_282' title='bbox 675 2250 757 2284; x_wconf 86' lang='lat' dir='ltr'>idem</span> <span class='ocrx_word' id='word_1_283' title='bbox 779 2250 840 2285; x_wconf 88' lang='lat' dir='ltr'>illic</span> <span class='ocrx_word' id='word_1_284' title='bbox 865 2250 900 2284; x_wconf 88' lang='lat' dir='ltr'>ad</span> <span class='ocrx_word' id='word_1_285' title='bbox 924 2250 993 2284; x_wconf 86' lang='lat' dir='ltr'>lau-</span> 
     </span>
     <span class='ocr_line' id='line_1_76' title="bbox 241 2297 992 2344; baseline 0.001 -12"><span class='ocrx_word' id='word_1_286' title='bbox 241 2297 314 2332; x_wconf 89' lang='lat' dir='ltr'>dem</span> <span class='ocrx_word' id='word_1_287' title='bbox 345 2297 421 2341; x_wconf 71' lang='lat' dir='ltr'>Dei,</span> <span class='ocrx_word' id='word_1_288' title='bbox 448 2310 484 2333; x_wconf 85' lang='grc'>30</span> <span class='ocrx_word' id='word_1_289' title='bbox 511 2309 690 2334; x_wconf 88' lang='lat' dir='ltr'>sanctorum</span> <span class='ocrx_word' id='word_1_290' title='bbox 734 2300 992 2344; x_wconf 73' lang='lat' dir='ltr'>venerationem,</span> 
     </span>
     <span class='ocr_line' id='line_1_77' title="bbox 242 2346 991 2395; baseline 0 -13"><span class='ocrx_word' id='word_1_291' title='bbox 242 2346 395 2393; x_wconf 81' lang='lat' dir='ltr'>deinceps</span> <span class='ocrx_word' id='word_1_292' title='bbox 410 2349 687 2395; x_wconf 77' lang='lat' dir='ltr'>congregationem</span> <span class='ocrx_word' id='word_1_293' title='bbox 703 2349 991 2383; x_wconf 74' lang='lat' dir='ltr'>sanctimonialium</span> 
     </span>
     <span class='ocr_line' id='line_1_78' title="bbox 241 2397 991 2433; baseline 0.004 -3"><span class='ocrx_word' id='word_1_294' title='bbox 241 2397 462 2432; x_wconf 73' lang='lat' dir='ltr'>venerabiliter</span> <span class='ocrx_word' id='word_1_295' title='bbox 495 2399 625 2433; x_wconf 88' lang='lat' dir='ltr'>stabiliri</span> <span class='ocrx_word' id='word_1_296' title='bbox 649 2407 678 2433; x_wconf 90' lang='lat' dir='ltr'>et</span> <span class='ocrx_word' id='word_1_297' title='bbox 711 2399 770 2433; x_wconf 88' lang='lat' dir='ltr'>sub</span> <span class='ocrx_word' id='word_1_298' title='bbox 798 2398 907 2433; x_wconf 86' lang='lat' dir='ltr'>beatae</span> <span class='ocrx_word' id='word_1_299' title='bbox 935 2398 991 2432; x_wconf 89' lang='lat' dir='ltr'>Dei</span> 
     </span>
     <span class='ocr_line' id='line_1_79' title="bbox 242 2445 993 2495; baseline 0.001 -15"><span class='ocrx_word' id='word_1_300' title='bbox 242 2445 414 2481; x_wconf 90' lang='lat' dir='ltr'>Genitricis</span> <span class='ocrx_word' id='word_1_301' title='bbox 441 2459 476 2482; x_wconf 84' lang='lat' dir='ltr'>ac</span> <span class='ocrx_word' id='word_1_302' title='bbox 501 2447 641 2495; x_wconf 80' lang='lat' dir='ltr'>Virginis</span> <span class='ocrx_word' id='word_1_303' title='bbox 667 2448 807 2492; x_wconf 75' lang='lat' dir='ltr'>Mariae,</span> <span class='ocrx_word' id='word_1_304' title='bbox 830 2448 993 2495; x_wconf 84' lang='lat' dir='ltr'>sanctique</span> 
     </span>
     <span class='ocr_line' id='line_1_80' title="bbox 245 2497 994 2544; baseline 0.001 -14"><span class='ocrx_word' id='word_1_305' title='bbox 245 2497 483 2544; x_wconf 75' lang='lat' dir='ltr'>protomartyris</span> <span class='ocrx_word' id='word_1_306' title='bbox 509 2497 660 2543; x_wconf 86' lang='lat' dir='ltr'>Stephani</span> <span class='ocrx_word' id='word_1_307' title='bbox 688 2497 849 2532; x_wconf 82' lang='lat' dir='ltr'>Tullensis</span> <span class='ocrx_word' id='word_1_308' title='bbox 877 2497 994 2532; x_wconf 78' lang='lat' dir='ltr'>Eccle-</span> 
     </span>
     <span class='ocr_line' id='line_1_81' title="bbox 243 2546 992 2594; baseline 0 -14"><span class='ocrx_word' id='word_1_309' title='bbox 243 2546 307 2580; x_wconf 83' lang='lat' dir='ltr'>siae</span> <span class='ocrx_word' id='word_1_310' title='bbox 330 2546 532 2590; x_wconf 84' lang='lat' dir='ltr'>confirmari,</span> <span class='ocrx_word' id='word_1_311' title='bbox 560 2559 597 2581; x_wconf 88' lang='lat' dir='ltr'>eo</span> <span class='ocrx_word' id='word_1_312' title='bbox 630 2555 751 2586; x_wconf 78' lang='lat' dir='ltr'>tenore,</span> <span class='ocrx_word' id='word_1_313' title='bbox 781 2556 811 2581; x_wconf 92' lang='lat' dir='ltr'>ut</span> <span class='ocrx_word' id='word_1_314' title='bbox 839 2548 992 2594; x_wconf 89' lang='lat' dir='ltr'>quicum-</span> 
     </span>
     <span class='ocr_line' id='line_1_82' title="bbox 243 2595 994 2644; baseline 0.001 -15"><span class='ocrx_word' id='word_1_315' title='bbox 243 2607 304 2642; x_wconf 87' lang='lat' dir='ltr'>que</span> <span class='ocrx_word' id='word_1_316' title='bbox 326 2595 365 2630; x_wconf 88' lang='lat' dir='ltr'>de</span> <span class='ocrx_word' id='word_1_317' title='bbox 393 2596 462 2630; x_wconf 89' lang='lat' dir='ltr'>eius</span> <span class='ocrx_word' id='word_1_318' title='bbox 495 2597 637 2643; x_wconf 87' lang='lat' dir='ltr'>corporis</span> <span class='ocrx_word' id='word_1_319' title='bbox 664 2596 846 2644; x_wconf 80' lang='lat' dir='ltr'>posteritate</span> <span class='ocrx_word' id='word_1_320' title='bbox 874 2596 994 2631; x_wconf 85' lang='lat' dir='ltr'>Fonte-</span> 
     </span>
     <span class='ocr_line' id='line_1_83' title="bbox 243 2644 995 2692; baseline 0.003 -14"><span class='ocrx_word' id='word_1_321' title='bbox 243 2645 368 2679; x_wconf 90' lang='lat' dir='ltr'>niacum</span> <span class='ocrx_word' id='word_1_322' title='bbox 396 2644 558 2680; x_wconf 88' lang='lat' dir='ltr'>castellum</span> <span class='ocrx_word' id='word_1_323' title='bbox 588 2647 669 2681; x_wconf 87' lang='lat' dir='ltr'>iusta</span> <span class='ocrx_word' id='word_1_324' title='bbox 696 2645 887 2681; x_wconf 83' lang='lat' dir='ltr'>haereditate</span> <span class='ocrx_word' id='word_1_325' title='bbox 921 2658 995 2692; x_wconf 90' lang='lat' dir='ltr'>pos-</span> 
     </span>
     <span class='ocr_line' id='line_1_84' title="bbox 243 2694 996 2743; baseline 0 -13"><span class='ocrx_word' id='word_1_326' title='bbox 243 2694 373 2742; x_wconf 82' lang='lat' dir='ltr'>sederit,</span> <span class='ocrx_word' id='word_1_327' title='bbox 390 2694 584 2731; x_wconf 82' lang='lat' dir='ltr'>advocatiam</span> <span class='ocrx_word' id='word_1_328' title='bbox 607 2696 708 2743; x_wconf 80' lang='lat' dir='ltr'>ipsius</span> <span class='ocrx_word' id='word_1_329' title='bbox 729 2695 791 2731; x_wconf 73' lang='lat' dir='ltr'>loci</span> <span class='ocrx_word' id='word_1_330' title='bbox 813 2695 926 2730; x_wconf 87' lang='lat' dir='ltr'>habeat</span> <span class='ocrx_word' id='word_1_331' title='bbox 948 2707 996 2730; x_wconf 85' lang='lat' dir='ltr'>so-</span> 
     </span>
    </p>
   </div>
   <div class='ocr_carea' id='block_1_10' title="bbox 1668 290 1737 321">
    <p class='ocr_par' dir='ltr' id='par_1_11' title="bbox 1668 290 1737 321">
     <span class='ocr_line' id='line_1_85' title="bbox 1668 290 1737 321; baseline 0.014 -5"><span class='ocrx_word' id='word_1_332' title='bbox 1668 290 1737 321; x_wconf 53' lang='lat'>{303</span> 
     </span>
    </p>
   </div>
   <div class='ocr_carea' id='block_1_11' title="bbox 1037 355 1787 459">
    <p class='ocr_par' dir='ltr' id='par_1_12' title="bbox 1037 355 1787 459">
     <span class='ocr_line' id='line_1_86' title="bbox 1037 355 1787 403; baseline -0.013 -5"><span class='ocrx_word' id='word_1_333' title='bbox 1037 363 1108 399; x_wconf 77' lang='lat' dir='ltr'>lide.</span> <span class='ocrx_word' id='word_1_334' title='bbox 1135 359 1228 403; x_wconf 87' lang='lat' dir='ltr'>Quod</span> <span class='ocrx_word' id='word_1_335' title='bbox 1252 360 1276 394; x_wconf 85' lang='lat' dir='ltr'>si</span> <span class='ocrx_word' id='word_1_336' title='bbox 1301 359 1403 393; x_wconf 47' lang='lat' dir='ltr'>&amp;rsau</span> <span class='ocrx_word' id='word_1_337' title='bbox 1427 357 1463 392; x_wconf 84' lang='lat' dir='ltr'>ad</span> <span class='ocrx_word' id='word_1_338' title='bbox 1487 357 1555 391; x_wconf 86' lang='lat' dir='ltr'>eius</span> <span class='ocrx_word' id='word_1_339' title='bbox 1577 355 1787 391; x_wconf 61' lang='lat' dir='ltr'>successmuis</span> 
     </span>
     <span class='ocr_line' id='line_1_87' title="bbox 1038 406 1786 459; baseline -0.013 -12"><span class='ocrx_word' id='word_1_340' title='bbox 1038 413 1219 459; x_wconf 77' lang='lat' dir='ltr'>progeniem</span> <span class='ocrx_word' id='word_1_341' title='bbox 1256 423 1350 444; x_wconf 78' lang='lat' dir='ltr'>uenio</span> <span class='ocrx_word' id='word_1_342' title='bbox 1385 416 1543 455; x_wconf 67' lang='lat' dir='ltr'>superstes</span> <span class='ocrx_word' id='word_1_343' title='bbox 1582 406 1786 443; x_wconf 79' lang='lat' dir='ltr'>remanserit,</span> 
     </span>
    </p>
   </div>
   <div class='ocr_carea' id='block_1_12' title="bbox 1036 455 1819 507">
    <p class='ocr_par' dir='ltr' id='par_1_13' title="bbox 1036 455 1819 507">
     <span class='ocr_line' id='line_1_88' title="bbox 1036 455 1819 507; baseline -0.013 -10"><span class='ocrx_word' id='word_1_344' title='bbox 1036 466 1072 497; x_wconf 90' lang='lat' dir='ltr'>ad</span> <span class='ocrx_word' id='word_1_345' title='bbox 1099 460 1354 507; x_wconf 68' lang='lat' dir='ltr'>propinquiorem</span> <span class='ocrx_word' id='word_1_346' title='bbox 1371 468 1398 492; x_wconf 85' lang='lat' dir='ltr'>et</span> <span class='ocrx_word' id='word_1_347' title='bbox 1417 457 1655 492; x_wconf 77' lang='lat' dir='ltr'>natumaiorem.</span> <span class='ocrx_word' id='word_1_348' title='bbox 1674 456 1725 502; x_wconf 85' lang='lat' dir='ltr'>qui</span> <span class='ocrx_word' id='word_1_349' title='bbox 1747 455 1784 488; x_wconf 83' lang='grc'>(10</span> <span class='ocrx_word' id='word_1_350' title='bbox 1814 468 1819 470; x_wconf 93' lang='grc'><em>·</em></span> 
     </span>
    </p>
   </div>
   <div class='ocr_carea' id='block_1_13' title="bbox 1035 505 1784 697">
    <p class='ocr_par' dir='ltr' id='par_1_14' title="bbox 1035 505 1784 697">
     <span class='ocr_line' id='line_1_89' title="bbox 1036 505 1783 557; baseline -0.009 -12"><span class='ocrx_word' id='word_1_351' title='bbox 1036 513 1133 557; x_wconf 80' lang='lat' dir='ltr'>stirpe</span> <span class='ocrx_word' id='word_1_352' title='bbox 1161 510 1259 556; x_wconf 85' lang='lat' dir='ltr'>ipsius</span> <span class='ocrx_word' id='word_1_353' title='bbox 1293 507 1449 555; x_wconf 68' lang='lat' dir='ltr'>Raynardi</span> <span class='ocrx_word' id='word_1_354' title='bbox 1476 505 1697 542; x_wconf 72' lang='lat' dir='ltr'>descenderit.</span> <span class='ocrx_word' id='word_1_355' title='bbox 1732 513 1783 538; x_wconf 75' lang='lat' dir='ltr'>aut</span> 
     </span>
     <span class='ocr_line' id='line_1_90' title="bbox 1036 555 1784 595; baseline -0.012 0"><span class='ocrx_word' id='word_1_356' title='bbox 1036 575 1073 595; x_wconf 79' lang='lat' dir='ltr'>ex</span> <span class='ocrx_word' id='word_1_357' title='bbox 1096 560 1186 594; x_wconf 81' lang='lat' dir='ltr'>cuius</span> <span class='ocrx_word' id='word_1_358' title='bbox 1209 558 1398 592; x_wconf 84' lang='lat' dir='ltr'>haereditate</span> <span class='ocrx_word' id='word_1_359' title='bbox 1421 557 1502 590; x_wconf 88' lang='lat' dir='ltr'>idem</span> <span class='ocrx_word' id='word_1_360' title='bbox 1540 556 1627 590; x_wconf 89' lang='lat' dir='ltr'>locus</span> <span class='ocrx_word' id='word_1_361' title='bbox 1653 563 1697 588; x_wconf 81' lang='lat' dir='ltr'>cst</span> <span class='ocrx_word' id='word_1_362' title='bbox 1735 555 1784 587; x_wconf 88' lang='lat' dir='ltr'>iu-</span> 
     </span>
     <span class='ocr_line' id='line_1_91' title="bbox 1035 604 1783 657; baseline -0.009 -13"><span class='ocrx_word' id='word_1_363' title='bbox 1035 618 1156 657; x_wconf 66' lang='lat' dir='ltr'>ceptus,</span> <span class='ocrx_word' id='word_1_364' title='bbox 1184 608 1339 655; x_wconf 85' lang='lat' dir='ltr'>praedicta</span> <span class='ocrx_word' id='word_1_365' title='bbox 1363 606 1521 641; x_wconf 69' lang='lat' dir='ltr'>advocatia</span> <span class='ocrx_word' id='word_1_366' title='bbox 1550 604 1725 652; x_wconf 52' lang='lat' dir='ltr'>perveniam</span> <span class='ocrx_word' id='word_1_367' title='bbox 1754 613 1783 638; x_wconf 80' lang='lat' dir='ltr'>et</span> 
     </span>
     <span class='ocr_line' id='line_1_92' title="bbox 1035 654 1781 697; baseline -0.008 -4"><span class='ocrx_word' id='word_1_368' title='bbox 1035 659 1195 694; x_wconf 89' lang='lat' dir='ltr'>aunuatim</span> <span class='ocrx_word' id='word_1_369' title='bbox 1229 658 1259 691; x_wconf 90' lang='lat' dir='ltr'>in</span> <span class='ocrx_word' id='word_1_370' title='bbox 1288 656 1468 690; x_wconf 69' lang='lat' dir='ltr'>inventione</span> <span class='ocrx_word' id='word_1_371' title='bbox 1495 655 1602 690; x_wconf 88' lang='lat' dir='ltr'>Sancti</span> <span class='ocrx_word' id='word_1_372' title='bbox 1630 654 1781 697; x_wconf 68' lang='lat' dir='ltr'>Stephani</span> 
     </span>
    </p>
   </div>
   <div class='ocr_carea' id='block_1_14' title="bbox 1035 703 1836 757">
    <p class='ocr_par' dir='ltr' id='par_1_15' title="bbox 1035 703 1836 757">
     <span class='ocr_line' id='line_1_93' title="bbox 1035 703 1836 757; baseline -0.011 -14"><span class='ocrx_word' id='word_1_373' title='bbox 1035 709 1175 743; x_wconf 87' lang='lat' dir='ltr'>debitum</span> <span class='ocrx_word' id='word_1_374' title='bbox 1199 719 1329 741; x_wconf 86' lang='lat' dir='ltr'>censum</span> <span class='ocrx_word' id='word_1_375' title='bbox 1357 706 1493 739; x_wconf 87' lang='lat' dir='ltr'>instituta</span> <span class='ocrx_word' id='word_1_376' title='bbox 1522 713 1723 749; x_wconf 67' lang='lat' dir='ltr'>congregatio</span> <span class='ocrx_word' id='word_1_377' title='bbox 1743 703 1782 749; x_wconf 83' lang='lat' dir='ltr'>ip-</span> <span class='ocrx_word' id='word_1_378' title='bbox 1812 709 1836 757; x_wconf 48' lang='lat' dir='ltr'>Z·</span> 
     </span>
    </p>
   </div>
   <div class='ocr_carea' id='block_1_15' title="bbox 1819 308 2001 335">
    <p class='ocr_par' dir='ltr' id='par_1_16' title="bbox 1819 308 2001 335">
     <span class='ocr_line' id='line_1_94' title="bbox 1819 308 2001 335; baseline 0.005 -3"><span class='ocrx_word' id='word_1_379' title='bbox 1819 310 1867 334; x_wconf 64' lang='lat' dir='ltr'>An.</span> <span class='ocrx_word' id='word_1_380' title='bbox 1886 308 1913 334; x_wconf 50' lang='lat' dir='ltr'>(ss</span> <span class='ocrx_word' id='word_1_381' title='bbox 1938 312 1953 335; x_wconf 75' lang='lat'>1⁴</span> <span class='ocrx_word' id='word_1_382' title='bbox 1968 310 2001 333; x_wconf 53' lang='lat' dir='ltr'>ist</span> 
     </span>
    </p>
   </div>
   <div class='ocr_carea' id='block_1_16' title="bbox 1813 378 2002 435">
    <p class='ocr_par' dir='ltr' id='par_1_17' title="bbox 1813 378 2002 435">
     <span class='ocr_line' id='line_1_95' title="bbox 1815 378 2002 406; baseline 0.005 -9"><span class='ocrx_word' id='word_1_383' title='bbox 1815 378 1836 397; x_wconf 56' lang='lat' dir='ltr'>Si</span> <span class='ocrx_word' id='word_1_384' title='bbox 1856 386 1879 406; x_wconf 84' lang='lat' dir='ltr'>pr</span> <span class='ocrx_word' id='word_1_385' title='bbox 1899 379 1926 398; x_wconf 48' lang='lat' dir='ltr'>1·ss</span> <span class='ocrx_word' id='word_1_386' title='bbox 1949 380 2002 406; x_wconf 44' lang='lat' dir='ltr'>lio--</span> 
     </span>
     <span class='ocr_line' id='line_1_96' title="bbox 1813 414 1998 435; baseline -0.016 -1"><span class='ocrx_word' id='word_1_387' title='bbox 1813 414 1866 434; x_wconf 81' lang='lat' dir='ltr'>nard</span> <span class='ocrx_word' id='word_1_388' title='bbox 1904 415 1940 435; x_wconf 60' lang='lat' dir='ltr'>‹tf</span> <span class='ocrx_word' id='word_1_389' title='bbox 1970 424 1998 431; x_wconf 82' lang='lat'>.›-</span> 
     </span>
    </p>
   </div>
   <div class='ocr_carea' id='block_1_17' title="bbox 1035 753 1818 803">
    <p class='ocr_par' dir='ltr' id='par_1_18' title="bbox 1035 753 1818 803">
     <span class='ocr_line' id='line_1_97' title="bbox 1035 753 1818 803; baseline -0.009 -10"><span class='ocrx_word' id='word_1_390' title='bbox 1035 759 1100 793; x_wconf 87' lang='lat' dir='ltr'>sius</span> <span class='ocrx_word' id='word_1_391' title='bbox 1119 757 1177 792; x_wconf 87' lang='lat' dir='ltr'>loci</span> <span class='ocrx_word' id='word_1_392' title='bbox 1194 769 1249 803; x_wconf 86' lang='lat' dir='ltr'>pro</span> <span class='ocrx_word' id='word_1_393' title='bbox 1265 755 1459 790; x_wconf 83' lang='lat' dir='ltr'>subiectione</span> <span class='ocrx_word' id='word_1_394' title='bbox 1475 754 1641 801; x_wconf 74' lang='lat' dir='ltr'>persolvat,</span> <span class='ocrx_word' id='word_1_395' title='bbox 1664 753 1783 786; x_wconf 76' lang='lat' dir='ltr'>scilicet</span> <span class='ocrx_word' id='word_1_396' title='bbox 1812 754 1818 757; x_wconf 54' lang='grc'><strong>“</strong></span> 
     </span>
    </p>
   </div>
   <div class='ocr_carea' id='block_1_18' title="bbox 1035 801 1784 902">
    <p class='ocr_par' dir='ltr' id='par_1_19' title="bbox 1035 801 1784 902">
     <span class='ocr_line' id='line_1_98' title="bbox 1035 801 1784 842; baseline -0.011 0"><span class='ocrx_word' id='word_1_397' title='bbox 1035 819 1159 842; x_wconf 90' lang='lat' dir='ltr'>cereum</span> <span class='ocrx_word' id='word_1_398' title='bbox 1184 818 1280 839; x_wconf 89' lang='lat' dir='ltr'>unum</span> <span class='ocrx_word' id='word_1_399' title='bbox 1304 804 1471 838; x_wconf 71' lang='lat' dir='ltr'>duodecim</span> <span class='ocrx_word' id='word_1_400' title='bbox 1495 803 1631 837; x_wconf 85' lang='lat' dir='ltr'>denariis</span> <span class='ocrx_word' id='word_1_401' title='bbox 1657 801 1784 835; x_wconf 79' lang='lat' dir='ltr'>Tulleu-</span> 
     </span>
     <span class='ocr_line' id='line_1_99' title="bbox 1035 851 1782 902; baseline -0.008 -11"><span class='ocrx_word' id='word_1_402' title='bbox 1035 857 1122 892; x_wconf 82' lang='lat' dir='ltr'>sibus</span> <span class='ocrx_word' id='word_1_403' title='bbox 1137 855 1357 902; x_wconf 85' lang='lat' dir='ltr'>appretiatum.</span> <span class='ocrx_word' id='word_1_404' title='bbox 1383 853 1508 887; x_wconf 90' lang='lat' dir='ltr'>Donum</span> <span class='ocrx_word' id='word_1_405' title='bbox 1530 852 1624 898; x_wconf 73' lang='lat' dir='ltr'>igitur</span> <span class='ocrx_word' id='word_1_406' title='bbox 1639 851 1782 885; x_wconf 77' lang='lat' dir='ltr'>abbatiae</span> 
     </span>
    </p>
   </div>
   <div class='ocr_carea' id='block_1_19' title="bbox 1035 902 1882 950">
    <p class='ocr_par' dir='ltr' id='par_1_20' title="bbox 1035 902 1882 950">
     <span class='ocr_line' id='line_1_100' title="bbox 1035 902 1882 950; baseline -0.009 -9"><span class='ocrx_word' id='word_1_407' title='bbox 1035 907 1065 940; x_wconf 93' lang='lat' dir='ltr'>iu</span> <span class='ocrx_word' id='word_1_408' title='bbox 1095 917 1187 941; x_wconf 87' lang='lat' dir='ltr'>manu</span> <span class='ocrx_word' id='word_1_409' title='bbox 1215 904 1355 950; x_wconf 82' lang='lat' dir='ltr'>episcopi</span> <span class='ocrx_word' id='word_1_410' title='bbox 1379 902 1537 937; x_wconf 86' lang='lat' dir='ltr'>Tullensis</span> <span class='ocrx_word' id='word_1_411' title='bbox 1559 913 1684 948; x_wconf 83' lang='lat' dir='ltr'>semper</span> <span class='ocrx_word' id='word_1_412' title='bbox 1705 913 1783 935; x_wconf 87' lang='lat' dir='ltr'>con·</span> <span class='ocrx_word' id='word_1_413' title='bbox 1813 925 1825 945; x_wconf 65' lang='lat' dir='ltr'><strong>g</strong></span> <span class='ocrx_word' id='word_1_414' title='bbox 1873 926 1882 937; x_wconf 50' lang='lat' dir='ltr'>d</span> 
     </span>
    </p>
   </div>
   <div class='ocr_carea' id='block_1_20' title="bbox 1033 950 1784 1547">
    <p class='ocr_par' dir='ltr' id='par_1_21' title="bbox 1033 950 1784 1547">
     <span class='ocr_line' id='line_1_101' title="bbox 1034 950 1782 1001; baseline -0.009 -10"><span class='ocrx_word' id='word_1_415' title='bbox 1034 957 1134 995; x_wconf 73' lang='lat' dir='ltr'>sistat,</span> <span class='ocrx_word' id='word_1_416' title='bbox 1163 963 1191 989; x_wconf 80' lang='lat' dir='ltr'>et</span> <span class='ocrx_word' id='word_1_417' title='bbox 1219 965 1437 1001; x_wconf 82' lang='lat' dir='ltr'>quaecumque</span> <span class='ocrx_word' id='word_1_418' title='bbox 1459 951 1498 986; x_wconf 87' lang='lat' dir='ltr'>de</span> <span class='ocrx_word' id='word_1_419' title='bbox 1520 950 1659 985; x_wconf 85' lang='lat' dir='ltr'>eiusdem</span> <span class='ocrx_word' id='word_1_420' title='bbox 1685 963 1782 996; x_wconf 85' lang='lat' dir='ltr'>prae—</span> 
     </span>
     <span class='ocr_line' id='line_1_102' title="bbox 1034 1000 1782 1049; baseline -0.008 -10"><span class='ocrx_word' id='word_1_421' title='bbox 1034 1006 1086 1040; x_wconf 84' lang='lat' dir='ltr'>fati</span> <span class='ocrx_word' id='word_1_422' title='bbox 1122 1004 1246 1040; x_wconf 87' lang='lat' dir='ltr'>comitis</span> <span class='ocrx_word' id='word_1_423' title='bbox 1281 1003 1377 1049; x_wconf 80' lang='lat' dir='ltr'>stirpe</span> <span class='ocrx_word' id='word_1_424' title='bbox 1412 1002 1441 1035; x_wconf 90' lang='lat' dir='ltr'>in</span> <span class='ocrx_word' id='word_1_425' title='bbox 1480 1000 1592 1036; x_wconf 88' lang='lat' dir='ltr'>eodem</span> <span class='ocrx_word' id='word_1_426' title='bbox 1627 1001 1782 1034; x_wconf 84' lang='lat' dir='ltr'>coenobio</span> 
     </span>
     <span class='ocr_line' id='line_1_103' title="bbox 1034 1049 1781 1098; baseline -0.008 -9"><span class='ocrx_word' id='word_1_427' title='bbox 1034 1055 1146 1089; x_wconf 89' lang='lat' dir='ltr'>idonea</span> <span class='ocrx_word' id='word_1_428' title='bbox 1176 1054 1297 1087; x_wconf 69' lang='lat' dir='ltr'>§menta</span> <span class='ocrx_word' id='word_1_429' title='bbox 1327 1051 1440 1091; x_wconf 79' lang='lat' dir='ltr'>suerit,</span> <span class='ocrx_word' id='word_1_430' title='bbox 1475 1050 1686 1098; x_wconf 84' lang='lat' dir='ltr'>provisionem</span> <span class='ocrx_word' id='word_1_431' title='bbox 1722 1049 1781 1084; x_wconf 91' lang='lat' dir='ltr'>loci</span> 
     </span>
     <span class='ocr_line' id='line_1_104' title="bbox 1034 1100 1782 1147; baseline -0.008 -8"><span class='ocrx_word' id='word_1_432' title='bbox 1034 1105 1091 1139; x_wconf 89' lang='lat' dir='ltr'>sub</span> <span class='ocrx_word' id='word_1_433' title='bbox 1114 1104 1240 1139; x_wconf 82' lang='lat' dir='ltr'>nominc</span> <span class='ocrx_word' id='word_1_434' title='bbox 1268 1101 1444 1136; x_wconf 77' lang='lat' dir='ltr'>abbatissae</span> <span class='ocrx_word' id='word_1_435' title='bbox 1465 1100 1633 1147; x_wconf 53' lang='lat' dir='ltr'>suscipiam</span> <span class='ocrx_word' id='word_1_436' title='bbox 1653 1100 1700 1133; x_wconf 88' lang='lat' dir='ltr'>sin</span> <span class='ocrx_word' id='word_1_437' title='bbox 1724 1112 1782 1133; x_wconf 84' lang='lat' dir='ltr'>au-</span> 
     </span>
     <span class='ocr_line' id='line_1_105' title="bbox 1035 1149 1783 1198; baseline -0.009 -9"><span class='ocrx_word' id='word_1_438' title='bbox 1035 1164 1094 1189; x_wconf 86' lang='lat' dir='ltr'>tem</span> <span class='ocrx_word' id='word_1_439' title='bbox 1112 1153 1187 1188; x_wconf 91' lang='lat' dir='ltr'>inibi</span> <span class='ocrx_word' id='word_1_440' title='bbox 1211 1152 1385 1198; x_wconf 74' lang='lat' dir='ltr'>nequiverit</span> <span class='ocrx_word' id='word_1_441' title='bbox 1407 1150 1547 1197; x_wconf 78' lang='lat' dir='ltr'>reperiri,</span> <span class='ocrx_word' id='word_1_442' title='bbox 1567 1150 1605 1184; x_wconf 90' lang='lat' dir='ltr'>de</span> <span class='ocrx_word' id='word_1_443' title='bbox 1627 1149 1697 1183; x_wconf 90' lang='grc'>1000</span> <span class='ocrx_word' id='word_1_444' title='bbox 1714 1162 1783 1183; x_wconf 90' lang='lat' dir='ltr'>san-</span> 
     </span>
     <span class='ocr_line' id='line_1_106' title="bbox 1033 1199 1784 1248; baseline -0.009 -9"><span class='ocrx_word' id='word_1_445' title='bbox 1033 1205 1073 1239; x_wconf 89' lang='lat' dir='ltr'>cti</span> <span class='ocrx_word' id='word_1_446' title='bbox 1097 1202 1255 1239; x_wconf 82' lang='lat' dir='ltr'>Romarici</span> <span class='ocrx_word' id='word_1_447' title='bbox 1283 1202 1387 1248; x_wconf 86' lang='lat' dir='ltr'>aliqua</span> <span class='ocrx_word' id='word_1_448' title='bbox 1414 1200 1452 1234; x_wconf 86' lang='lat' dir='ltr'>de</span> <span class='ocrx_word' id='word_1_449' title='bbox 1474 1200 1542 1234; x_wconf 83' lang='lat' dir='ltr'>eius</span> <span class='ocrx_word' id='word_1_450' title='bbox 1565 1200 1716 1246; x_wconf 78' lang='lat' dir='ltr'>progenie</span> <span class='ocrx_word' id='word_1_451' title='bbox 1739 1199 1784 1232; x_wconf 89' lang='lat' dir='ltr'>di—</span> 
     </span>
     <span class='ocr_line' id='line_1_107' title="bbox 1033 1249 1781 1297; baseline -0.009 -9"><span class='ocrx_word' id='word_1_452' title='bbox 1033 1266 1092 1297; x_wconf 67' lang='lat' dir='ltr'>gua</span> <span class='ocrx_word' id='word_1_453' title='bbox 1120 1253 1156 1287; x_wconf 90' lang='lat' dir='ltr'>ad</span> <span class='ocrx_word' id='word_1_454' title='bbox 1180 1251 1368 1286; x_wconf 81' lang='lat' dir='ltr'>abbatissam</span> <span class='ocrx_word' id='word_1_455' title='bbox 1392 1257 1552 1290; x_wconf 59' lang='lat' dir='ltr'>somatum</span> <span class='ocrx_word' id='word_1_456' title='bbox 1588 1258 1616 1282; x_wconf 90' lang='lat' dir='ltr'>et</span> <span class='ocrx_word' id='word_1_457' title='bbox 1640 1249 1663 1282; x_wconf 88' lang='lat' dir='ltr'>si</span> <span class='ocrx_word' id='word_1_458' title='bbox 1688 1249 1781 1282; x_wconf 72' lang='lat' dir='ltr'>etiam</span> 
     </span>
     <span class='ocr_line' id='line_1_108' title="bbox 1034 1298 1783 1348; baseline -0.008 -11"><span class='ocrx_word' id='word_1_459' title='bbox 1034 1305 1063 1337; x_wconf 89' lang='lat' dir='ltr'>in</span> <span class='ocrx_word' id='word_1_460' title='bbox 1092 1303 1141 1338; x_wconf 88' lang='lat' dir='ltr'>bis</span> <span class='ocrx_word' id='word_1_461' title='bbox 1173 1302 1316 1348; x_wconf 88' lang='lat' dir='ltr'>utrisque</span> <span class='ocrx_word' id='word_1_462' title='bbox 1355 1299 1517 1334; x_wconf 89' lang='lat' dir='ltr'>coenobiis</span> <span class='ocrx_word' id='word_1_463' title='bbox 1551 1298 1633 1332; x_wconf 88' lang='lat' dir='ltr'>nulla</span> <span class='ocrx_word' id='word_1_464' title='bbox 1670 1299 1783 1345; x_wconf 86' lang='lat' dir='ltr'>poterit</span> 
     </span>
     <span class='ocr_line' id='line_1_109' title="bbox 1035 1347 1780 1398; baseline -0.008 -11"><span class='ocrx_word' id='word_1_465' title='bbox 1035 1353 1187 1394; x_wconf 70' lang='lat' dir='ltr'>inveniri,</span> <span class='ocrx_word' id='word_1_466' title='bbox 1228 1358 1410 1398; x_wconf 80' lang='lat' dir='ltr'>potestatem</span> <span class='ocrx_word' id='word_1_467' title='bbox 1446 1348 1616 1394; x_wconf 85' lang='lat' dir='ltr'>episcopus</span> <span class='ocrx_word' id='word_1_468' title='bbox 1650 1347 1780 1391; x_wconf 79' lang='lat' dir='ltr'>habeat,</span> 
     </span>
     <span class='ocr_line' id='line_1_110' title="bbox 1033 1397 1782 1439; baseline -0.009 -2"><span class='ocrx_word' id='word_1_469' title='bbox 1033 1412 1082 1437; x_wconf 84' lang='grc'>301</span> <span class='ocrx_word' id='word_1_470' title='bbox 1107 1403 1146 1437; x_wconf 85' lang='grc'>(10</span> <span class='ocrx_word' id='word_1_471' title='bbox 1179 1400 1298 1435; x_wconf 81' lang='lat' dir='ltr'>eisdem</span> <span class='ocrx_word' id='word_1_472' title='bbox 1327 1399 1426 1439; x_wconf 70' lang='lat' dir='ltr'>locis,</span> <span class='ocrx_word' id='word_1_473' title='bbox 1458 1406 1511 1432; x_wconf 84' lang='lat' dir='ltr'>aut</span> <span class='ocrx_word' id='word_1_474' title='bbox 1541 1397 1580 1431; x_wconf 90' lang='lat' dir='ltr'>de</span> <span class='ocrx_word' id='word_1_475' title='bbox 1607 1397 1676 1432; x_wconf 87' lang='lat' dir='ltr'>aliis</span> <span class='ocrx_word' id='word_1_476' title='bbox 1704 1397 1782 1431; x_wconf 77' lang='lat' dir='ltr'>iufra</span> 
     </span>
     <span class='ocr_line' id='line_1_111' title="bbox 1033 1446 1781 1496; baseline -0.008 -9"><span class='ocrx_word' id='word_1_477' title='bbox 1033 1452 1213 1486; x_wconf 84' lang='lat' dir='ltr'>Tullensem</span> <span class='ocrx_word' id='word_1_478' title='bbox 1229 1450 1444 1496; x_wconf 87' lang='lat' dir='ltr'>episcopatum</span> <span class='ocrx_word' id='word_1_479' title='bbox 1463 1448 1553 1482; x_wconf 89' lang='lat' dir='ltr'>aliam</span> <span class='ocrx_word' id='word_1_480' title='bbox 1573 1446 1700 1491; x_wconf 75' lang='lat' dir='ltr'>dignam</span> <span class='ocrx_word' id='word_1_481' title='bbox 1717 1459 1781 1493; x_wconf 86' lang='lat' dir='ltr'>per-</span> 
     </span>
     <span class='ocr_line' id='line_1_112' title="bbox 1034 1496 1782 1547; baseline -0.009 -11"><span class='ocrx_word' id='word_1_482' title='bbox 1034 1515 1141 1536; x_wconf 82' lang='lat' dir='ltr'>sonam</span> <span class='ocrx_word' id='word_1_483' title='bbox 1167 1500 1350 1547; x_wconf 80' lang='lat' dir='ltr'>perquirere</span> <span class='ocrx_word' id='word_1_484' title='bbox 1385 1506 1413 1532; x_wconf 76' lang='lat' dir='ltr'>ct</span> <span class='ocrx_word' id='word_1_485' title='bbox 1438 1498 1466 1530; x_wconf 91' lang='lat' dir='ltr'>iu</span> <span class='ocrx_word' id='word_1_486' title='bbox 1491 1498 1559 1532; x_wconf 92' lang='lat' dir='ltr'>loco</span> <span class='ocrx_word' id='word_1_487' title='bbox 1587 1496 1639 1530; x_wconf 91' lang='lat' dir='ltr'>illo</span> <span class='ocrx_word' id='word_1_488' title='bbox 1667 1508 1782 1530; x_wconf 88' lang='lat' dir='ltr'>secuu-</span> 
     </span>
    </p>
   </div>
   <div class='ocr_carea' id='block_1_21' title="bbox 1033 1546 1969 1596">
    <p class='ocr_par' dir='ltr' id='par_1_22' title="bbox 1033 1546 1969 1596">
     <span class='ocr_line' id='line_1_113' title="bbox 1033 1546 1969 1596; baseline -0.013 -11"><span class='ocrx_word' id='word_1_489' title='bbox 1033 1552 1106 1585; x_wconf 91' lang='lat' dir='ltr'>dum</span> <span class='ocrx_word' id='word_1_490' title='bbox 1129 1552 1231 1586; x_wconf 85' lang='lat' dir='ltr'>Deum</span> <span class='ocrx_word' id='word_1_491' title='bbox 1251 1548 1427 1596; x_wconf 77' lang='lat' dir='ltr'>praeficere.</span> <span class='ocrx_word' id='word_1_492' title='bbox 1451 1546 1483 1581; x_wconf 81' lang='lat' dir='ltr'>Si</span> <span class='ocrx_word' id='word_1_493' title='bbox 1502 1547 1573 1594; x_wconf 90' lang='lat' dir='ltr'>quis</span> <span class='ocrx_word' id='word_1_494' title='bbox 1591 1558 1677 1591; x_wconf 75' lang='lat' dir='ltr'>ergo,</span> <span class='ocrx_word' id='word_1_495' title='bbox 1696 1546 1781 1593; x_wconf 69' lang='lat' dir='ltr'>quud</span> <span class='ocrx_word' id='word_1_496' title='bbox 1814 1567 1835 1588; x_wconf 39' lang='grc' dir='ltr'>ᾗ</span> <span class='ocrx_word' id='word_1_497' title='bbox 1870 1570 1902 1589; x_wconf 43' lang='lat' dir='ltr'>w</span> <span class='ocrx_word' id='word_1_498' title='bbox 1921 1580 1937 1588; x_wconf 37' lang='grc' dir='ltr'>Η</span> <span class='ocrx_word' id='word_1_499' title='bbox 1965 1575 1969 1584; x_wconf 49' lang='grc'>,</span> 
     </span>
    </p>
   </div>
   <div class='ocr_carea' id='block_1_22' title="bbox 1033 1595 1784 2288">
    <p class='ocr_par' dir='ltr' id='par_1_23' title="bbox 1033 1595 1784 2288">
     <span class='ocr_line' id='line_1_114' title="bbox 1033 1595 1782 1646; baseline -0.008 -11"><span class='ocrx_word' id='word_1_500' title='bbox 1033 1601 1112 1635; x_wconf 79' lang='lat' dir='ltr'>absit</span> <span class='ocrx_word' id='word_1_501' title='bbox 1141 1609 1171 1635; x_wconf 83' lang='lat' dir='ltr'>et</span> <span class='ocrx_word' id='word_1_502' title='bbox 1191 1599 1275 1646; x_wconf 88' lang='lat' dir='ltr'>quod</span> <span class='ocrx_word' id='word_1_503' title='bbox 1305 1598 1368 1632; x_wconf 79' lang='lat' dir='ltr'>fieri</span> <span class='ocrx_word' id='word_1_504' title='bbox 1392 1597 1523 1631; x_wconf 85' lang='grc'>1111111100</span> <span class='ocrx_word' id='word_1_505' title='bbox 1544 1595 1716 1638; x_wconf 82' lang='lat' dir='ltr'>credimus⁷</span> <span class='ocrx_word' id='word_1_506' title='bbox 1743 1596 1782 1630; x_wconf 87' lang='lat' dir='ltr'>ab</span> 
     </span>
     <span class='ocr_line' id='line_1_115' title="bbox 1033 1645 1781 1696; baseline -0.009 -10"><span class='ocrx_word' id='word_1_507' title='bbox 1033 1651 1091 1685; x_wconf 88' lang='lat' dir='ltr'>bac</span> <span class='ocrx_word' id='word_1_508' title='bbox 1118 1658 1223 1685; x_wconf 88' lang='lat' dir='ltr'>nostra</span> <span class='ocrx_word' id='word_1_509' title='bbox 1252 1648 1376 1696; x_wconf 86' lang='lat' dir='ltr'>publica</span> <span class='ocrx_word' id='word_1_510' title='bbox 1410 1646 1571 1681; x_wconf 84' lang='lat' dir='ltr'>sanctione</span> <span class='ocrx_word' id='word_1_511' title='bbox 1599 1645 1781 1680; x_wconf 88' lang='lat' dir='ltr'>discordare</span> 
     </span>
     <span class='ocr_line' id='line_1_116' title="bbox 1035 1695 1781 1748; baseline -0.009 -12"><span class='ocrx_word' id='word_1_512' title='bbox 1035 1700 1260 1748; x_wconf 75' lang='lat' dir='ltr'>pertentaverit</span> <span class='ocrx_word' id='word_1_513' title='bbox 1286 1706 1315 1732; x_wconf 80' lang='lat' dir='ltr'>et</span> <span class='ocrx_word' id='word_1_514' title='bbox 1353 1697 1500 1744; x_wconf 85' lang='lat' dir='ltr'>praestito</span> <span class='ocrx_word' id='word_1_515' title='bbox 1529 1695 1664 1730; x_wconf 87' lang='lat' dir='ltr'>alicuius</span> <span class='ocrx_word' id='word_1_516' title='bbox 1693 1696 1781 1741; x_wconf 88' lang='lat' dir='ltr'>pretii</span> 
     </span>
     <span class='ocr_line' id='line_1_117' title="bbox 1033 1745 1782 1792; baseline -0.009 -7"><span class='ocrx_word' id='word_1_517' title='bbox 1033 1758 1213 1785; x_wconf 85' lang='lat' dir='ltr'>commento</span> <span class='ocrx_word' id='word_1_518' title='bbox 1228 1760 1288 1783; x_wconf 88' lang='lat' dir='ltr'>nou</span> <span class='ocrx_word' id='word_1_519' title='bbox 1306 1746 1482 1782; x_wconf 90' lang='lat' dir='ltr'>secundum</span> <span class='ocrx_word' id='word_1_520' title='bbox 1504 1745 1677 1782; x_wconf 91' lang='lat' dir='ltr'>Dominum</span> <span class='ocrx_word' id='word_1_521' title='bbox 1698 1757 1782 1792; x_wconf 88' lang='lat' dir='ltr'>prae-</span> 
     </span>
     <span class='ocr_line' id='line_1_118' title="bbox 1033 1795 1783 1838; baseline -0.008 -4"><span class='ocrx_word' id='word_1_522' title='bbox 1033 1800 1179 1834; x_wconf 77' lang='lat' dir='ltr'>lationem</span> <span class='ocrx_word' id='word_1_523' title='bbox 1205 1799 1264 1833; x_wconf 89' lang='lat' dir='ltr'>loci</span> <span class='ocrx_word' id='word_1_524' title='bbox 1290 1796 1475 1838; x_wconf 82' lang='lat' dir='ltr'>statuerint,</span> <span class='ocrx_word' id='word_1_525' title='bbox 1510 1803 1563 1829; x_wconf 87' lang='lat' dir='ltr'>aut</span> <span class='ocrx_word' id='word_1_526' title='bbox 1592 1795 1695 1829; x_wconf 87' lang='lat' dir='ltr'>locum</span> <span class='ocrx_word' id='word_1_527' title='bbox 1719 1795 1783 1829; x_wconf 90' lang='lat' dir='ltr'>de-</span> 
     </span>
     <span class='ocr_line' id='line_1_119' title="bbox 1033 1844 1782 1893; baseline -0.005 -10"><span class='ocrx_word' id='word_1_528' title='bbox 1033 1858 1174 1893; x_wconf 86' lang='lat' dir='ltr'>struere,</span> <span class='ocrx_word' id='word_1_529' title='bbox 1211 1848 1256 1882; x_wconf 78' lang='lat' dir='ltr'>rel</span> <span class='ocrx_word' id='word_1_530' title='bbox 1296 1847 1335 1881; x_wconf 88' lang='lat' dir='ltr'>de</span> <span class='ocrx_word' id='word_1_531' title='bbox 1370 1844 1558 1892; x_wconf 85' lang='lat' dir='ltr'>appenditiis</span> <span class='ocrx_word' id='word_1_532' title='bbox 1594 1844 1782 1879; x_wconf 82' lang='lat' dir='ltr'>imminuere</span> 
     </span>
     <span class='ocr_line' id='line_1_120' title="bbox 1035 1893 1784 1941; baseline -0.004 -9"><span class='ocrx_word' id='word_1_533' title='bbox 1035 1899 1178 1941; x_wconf 71' lang='lat' dir='ltr'>voluerit,</span> <span class='ocrx_word' id='word_1_534' title='bbox 1201 1897 1313 1932; x_wconf 87' lang='lat' dir='ltr'>habeat</span> <span class='ocrx_word' id='word_1_535' title='bbox 1335 1895 1507 1930; x_wconf 77' lang='lat' dir='ltr'>advocatus</span> <span class='ocrx_word' id='word_1_536' title='bbox 1533 1893 1663 1928; x_wconf 87' lang='lat' dir='ltr'>liberam</span> <span class='ocrx_word' id='word_1_537' title='bbox 1693 1902 1784 1941; x_wconf 90' lang='lat' dir='ltr'>pote-</span> 
     </span>
     <span class='ocr_line' id='line_1_121' title="bbox 1033 1943 1782 1991; baseline -0.008 -8"><span class='ocrx_word' id='word_1_538' title='bbox 1033 1957 1144 1983; x_wconf 82' lang='lat' dir='ltr'>statem</span> <span class='ocrx_word' id='word_1_539' title='bbox 1167 1946 1302 1982; x_wconf 82' lang='lat' dir='ltr'>adeundi</span> <span class='ocrx_word' id='word_1_540' title='bbox 1330 1957 1448 1991; x_wconf 80' lang='lat' dir='ltr'>regem,</span> <span class='ocrx_word' id='word_1_541' title='bbox 1467 1952 1497 1978; x_wconf 89' lang='lat' dir='ltr'>et</span> <span class='ocrx_word' id='word_1_542' title='bbox 1523 1943 1565 1978; x_wconf 91' lang='lat' dir='ltr'>ibi</span> <span class='ocrx_word' id='word_1_543' title='bbox 1581 1955 1691 1978; x_wconf 86' lang='lat' dir='ltr'>causas</span> <span class='ocrx_word' id='word_1_544' title='bbox 1713 1956 1782 1978; x_wconf 87' lang='grc'>010-</span> 
     </span>
     <span class='ocr_line' id='line_1_122' title="bbox 1033 1993 1782 2043; baseline -0.005 -11"><span class='ocrx_word' id='word_1_545' title='bbox 1033 1998 1159 2032; x_wconf 87' lang='lat' dir='ltr'>nasterii</span> <span class='ocrx_word' id='word_1_546' title='bbox 1182 1996 1336 2043; x_wconf 72' lang='lat' dir='ltr'>sagaciter</span> <span class='ocrx_word' id='word_1_547' title='bbox 1353 2002 1490 2041; x_wconf 81' lang='lat' dir='ltr'>exponat</span> <span class='ocrx_word' id='word_1_548' title='bbox 1503 2001 1533 2028; x_wconf 87' lang='lat' dir='ltr'>et</span> <span class='ocrx_word' id='word_1_549' title='bbox 1546 1993 1643 2028; x_wconf 88' lang='lat' dir='ltr'>huius</span> <span class='ocrx_word' id='word_1_550' title='bbox 1658 2002 1782 2028; x_wconf 85' lang='lat' dir='ltr'>nostrae</span> 
     </span>
     <span class='ocr_line' id='line_1_123' title="bbox 1033 2043 1782 2094; baseline -0.008 -12"><span class='ocrx_word' id='word_1_551' title='bbox 1033 2047 1222 2094; x_wconf 86' lang='lat' dir='ltr'>apostolicae</span> <span class='ocrx_word' id='word_1_552' title='bbox 1247 2044 1476 2093; x_wconf 83' lang='lat' dir='ltr'>praeceptionis</span> <span class='ocrx_word' id='word_1_553' title='bbox 1498 2043 1730 2089; x_wconf 84' lang='lat' dir='ltr'>diruptionem;</span> <span class='ocrx_word' id='word_1_554' title='bbox 1753 2051 1782 2077; x_wconf 86' lang='lat' dir='ltr'>et</span> 
     </span>
     <span class='ocr_line' id='line_1_124' title="bbox 1034 2092 1782 2140; baseline -0.007 -9"><span class='ocrx_word' id='word_1_555' title='bbox 1034 2105 1066 2131; x_wconf 92' lang='lat' dir='ltr'>ut</span> <span class='ocrx_word' id='word_1_556' title='bbox 1081 2097 1268 2131; x_wconf 79' lang='lat' dir='ltr'>reformetur</span> <span class='ocrx_word' id='word_1_557' title='bbox 1281 2105 1482 2140; x_wconf 89' lang='lat' dir='ltr'>summopere</span> <span class='ocrx_word' id='word_1_558' title='bbox 1501 2093 1633 2128; x_wconf 85' lang='lat' dir='ltr'>studeat.</span> <span class='ocrx_word' id='word_1_559' title='bbox 1656 2092 1689 2127; x_wconf 82' lang='lat' dir='ltr'>Si</span> <span class='ocrx_word' id='word_1_560' title='bbox 1710 2105 1782 2127; x_wconf 77' lang='lat' dir='ltr'>vero</span> 
     </span>
     <span class='ocr_line' id='line_1_125' title="bbox 1033 2142 1782 2181; baseline -0.005 -1"><span class='ocrx_word' id='word_1_561' title='bbox 1033 2146 1203 2181; x_wconf 75' lang='lat' dir='ltr'>advocatus</span> <span class='ocrx_word' id='word_1_562' title='bbox 1238 2145 1277 2180; x_wconf 90' lang='lat' dir='ltr'>de</span> <span class='ocrx_word' id='word_1_563' title='bbox 1309 2142 1511 2178; x_wconf 78' lang='lat' dir='ltr'>facultatibus</span> <span class='ocrx_word' id='word_1_564' title='bbox 1543 2142 1725 2176; x_wconf 90' lang='lat' dir='ltr'>monasterii</span> <span class='ocrx_word' id='word_1_565' title='bbox 1752 2143 1782 2176; x_wconf 72' lang='lat' dir='ltr'>vi</span> 
     </span>
     <span class='ocr_line' id='line_1_126' title="bbox 1033 2192 1783 2240; baseline -0.005 -9"><span class='ocrx_word' id='word_1_566' title='bbox 1033 2204 1086 2231; x_wconf 87' lang='lat' dir='ltr'>aut</span> <span class='ocrx_word' id='word_1_567' title='bbox 1125 2195 1208 2230; x_wconf 90' lang='lat' dir='ltr'>malo</span> <span class='ocrx_word' id='word_1_568' title='bbox 1244 2194 1371 2240; x_wconf 78' lang='lat' dir='ltr'>ingenio</span> <span class='ocrx_word' id='word_1_569' title='bbox 1407 2193 1569 2240; x_wconf 87' lang='lat' dir='ltr'>quippiam</span> <span class='ocrx_word' id='word_1_570' title='bbox 1604 2192 1783 2227; x_wconf 89' lang='lat' dir='ltr'>diminuere</span> 
     </span>
     <span class='ocr_line' id='line_1_127' title="bbox 1035 2242 1784 2288; baseline -0.003 -10"><span class='ocrx_word' id='word_1_571' title='bbox 1035 2245 1178 2285; x_wconf 82' lang='lat' dir='ltr'>voluerit,</span> <span class='ocrx_word' id='word_1_572' title='bbox 1200 2252 1251 2279; x_wconf 92' lang='lat' dir='ltr'>aut</span> <span class='ocrx_word' id='word_1_573' title='bbox 1275 2245 1366 2278; x_wconf 83' lang='lat' dir='ltr'>etiam</span> <span class='ocrx_word' id='word_1_574' title='bbox 1390 2242 1472 2277; x_wconf 89' lang='lat' dir='ltr'>hauc</span> <span class='ocrx_word' id='word_1_575' title='bbox 1498 2250 1637 2276; x_wconf 86' lang='lat' dir='ltr'>nostram</span> <span class='ocrx_word' id='word_1_576' title='bbox 1661 2250 1784 2288; x_wconf 89' lang='lat' dir='ltr'>aposto-</span> 
     </span>
    </p>
   </div>
   <div class='ocr_carea' id='block_1_23' title="bbox 1034 2291 1859 2338">
    <p class='ocr_par' dir='ltr' id='par_1_24' title="bbox 1034 2291 1859 2338">
     <span class='ocr_line' id='line_1_128' title="bbox 1034 2291 1859 2338; baseline -0.006 -8"><span class='ocrx_word' id='word_1_577' title='bbox 1034 2295 1124 2330; x_wconf 87' lang='lat' dir='ltr'>licam</span> <span class='ocrx_word' id='word_1_578' title='bbox 1144 2294 1415 2329; x_wconf 84' lang='lat' dir='ltr'>confirmationem</span> <span class='ocrx_word' id='word_1_579' title='bbox 1435 2291 1622 2338; x_wconf 80' lang='lat' dir='ltr'>infringere:</span> <span class='ocrx_word' id='word_1_580' title='bbox 1646 2303 1785 2326; x_wconf 84' lang='lat' dir='ltr'>commo·</span> <span class='ocrx_word' id='word_1_581' title='bbox 1814 2305 1825 2317; x_wconf 72' lang='grc' dir='ltr'>υ</span> <span class='ocrx_word' id='word_1_582' title='bbox 1848 2305 1859 2316; x_wconf 72' lang='lat'>⁴¹</span> 
     </span>
    </p>
   </div>
   <div class='ocr_carea' id='block_1_24' title="bbox 1813 1569 1999 1841">
    <p class='ocr_par' dir='ltr' id='par_1_25' title="bbox 1813 1569 1999 1667">
     <span class='ocr_line' id='line_1_129' title="bbox 1814 1569 1996 1599; baseline -0.005 -17"><span class='ocrx_word' id='word_1_583' title='bbox 1814 1569 1826 1582; x_wconf 56' lang='grc' dir='ltr'>κ</span> <span class='ocrx_word' id='word_1_584' title='bbox 1855 1578 1866 1599; x_wconf 70' lang='lat'>11</span> <span class='ocrx_word' id='word_1_585' title='bbox 1986 1577 1996 1591; x_wconf 53' lang='lat' dir='ltr'><strong>d</strong></span> 
     </span>
     <span class='ocr_line' id='line_1_130' title="bbox 1813 1605 1999 1627; baseline 0.005 -1"><span class='ocrx_word' id='word_1_586' title='bbox 1813 1605 1865 1626; x_wconf 71' lang='lat' dir='ltr'>baet-</span> <span class='ocrx_word' id='word_1_587' title='bbox 1979 1611 1999 1627; x_wconf 79' lang='lat' dir='ltr'>ta</span> 
     </span>
     <span class='ocr_line' id='line_1_131' title="bbox 1814 1637 1895 1667; baseline 0.012 -10"><span class='ocrx_word' id='word_1_588' title='bbox 1814 1646 1840 1667; x_wconf 75' lang='lat' dir='ltr'>ql!</span> <span class='ocrx_word' id='word_1_589' title='bbox 1854 1637 1895 1667; x_wconf 55' lang='lat'>(¹¹1⁰-</span> 
     </span>
    </p>

    <p class='ocr_par' dir='ltr' id='par_1_26' title="bbox 1814 1675 1892 1695">
     <span class='ocr_line' id='line_1_132' title="bbox 1814 1675 1892 1695; baseline -0.013 0"><span class='ocrx_word' id='word_1_590' title='bbox 1814 1675 1892 1695; x_wconf 59' lang='lat' dir='ltr'>taxet-&#39;t</span> 
     </span>
    </p>

    <p class='ocr_par' dir='ltr' id='par_1_27' title="bbox 1814 1715 1875 1731">
     <span class='ocr_line' id='line_1_133' title="bbox 1814 1715 1875 1731; baseline 0 0"><span class='ocrx_word' id='word_1_591' title='bbox 1814 1715 1875 1731; x_wconf 71' lang='lat' dir='ltr'>catus</span> 
     </span>
    </p>

    <p class='ocr_par' dir='ltr' id='par_1_28' title="bbox 1813 1746 1921 1841">
     <span class='ocr_line' id='line_1_134' title="bbox 1813 1746 1919 1768; baseline 0 -1"><span class='ocrx_word' id='word_1_592' title='bbox 1813 1746 1875 1767; x_wconf 75' lang='lat' dir='ltr'>ad··.u</span> <span class='ocrx_word' id='word_1_593' title='bbox 1896 1755 1919 1768; x_wconf 52' lang='lat'>111·</span> 
     </span>
     <span class='ocr_line' id='line_1_135' title="bbox 1814 1788 1921 1812; baseline -0.009 -9"><span class='ocrx_word' id='word_1_594' title='bbox 1814 1788 1921 1812; x_wconf 46' lang='lat' dir='ltr'>paralion*</span> 
     </span>
     <span class='ocr_line' id='line_1_136' title="bbox 1814 1819 1902 1841; baseline -0.011 0"><span class='ocrx_word' id='word_1_595' title='bbox 1814 1819 1902 1841; x_wconf 64' lang='lat' dir='ltr'>timendi</span> 
     </span>
    </p>
   </div>
   <div class='ocr_carea' id='block_1_25' title="bbox 1034 2340 1998 2489">
    <p class='ocr_par' dir='ltr' id='par_1_29' title="bbox 1034 2340 1998 2489">
     <span class='ocr_line' id='line_1_137' title="bbox 1034 2340 1998 2389; baseline -0.005 -10"><span class='ocrx_word' id='word_1_596' title='bbox 1034 2346 1120 2379; x_wconf 90' lang='lat' dir='ltr'>nitus</span> <span class='ocrx_word' id='word_1_597' title='bbox 1147 2344 1196 2379; x_wconf 86' lang='lat' dir='ltr'>bis</span> <span class='ocrx_word' id='word_1_598' title='bbox 1230 2356 1266 2378; x_wconf 89' lang='grc'>30</span> <span class='ocrx_word' id='word_1_599' title='bbox 1293 2342 1386 2378; x_wconf 86' lang='lat' dir='ltr'>tertio</span> <span class='ocrx_word' id='word_1_600' title='bbox 1408 2354 1424 2377; x_wconf 92' lang='lat' dir='ltr'>a</span> <span class='ocrx_word' id='word_1_601' title='bbox 1452 2341 1617 2389; x_wconf 78' lang='lat' dir='ltr'>praesule,</span> <span class='ocrx_word' id='word_1_602' title='bbox 1652 2341 1677 2375; x_wconf 90' lang='lat' dir='ltr'>si</span> <span class='ocrx_word' id='word_1_603' title='bbox 1710 2354 1782 2376; x_wconf 86' lang='lat' dir='ltr'>cum</span> <span class='ocrx_word' id='word_1_604' title='bbox 1814 2341 1823 2389; x_wconf 60' lang='lat' dir='ltr'><em>J</em></span> <span class='ocrx_word' id='word_1_605' title='bbox 1851 2340 1915 2389; x_wconf 65' lang='grc' dir='ltr'>ζ</span> <span class='ocrx_word' id='word_1_606' title='bbox 1962 2348 1964 2350; x_wconf 79' lang='grc'>’</span> <span class='ocrx_word' id='word_1_607' title='bbox 1989 2346 1998 2348; x_wconf 21' lang='grc' dir='ltr'>ἡ</span> 
     </span>
     <span class='ocr_line' id='line_1_138' title="bbox 1035 2391 1905 2440; baseline -0.006 -12"><span class='ocrx_word' id='word_1_608' title='bbox 1035 2394 1152 2428; x_wconf 86' lang='lat' dir='ltr'>iustitia</span> <span class='ocrx_word' id='word_1_609' title='bbox 1185 2393 1308 2440; x_wconf 85' lang='lat' dir='ltr'>culpam</span> <span class='ocrx_word' id='word_1_610' title='bbox 1345 2391 1514 2426; x_wconf 87' lang='lat' dir='ltr'>emendare</span> <span class='ocrx_word' id='word_1_611' title='bbox 1545 2391 1697 2429; x_wconf 70' lang='lat' dir='ltr'>voluerit,</span> <span class='ocrx_word' id='word_1_612' title='bbox 1724 2391 1783 2425; x_wconf 87' lang='lat' dir='ltr'>ad—</span> <span class='ocrx_word' id='word_1_613' title='bbox 1815 2414 1865 2425; x_wconf 66' lang='grc'>1.,</span> <span class='ocrx_word' id='word_1_614' title='bbox 1890 2395 1905 2418; x_wconf 62' lang='grc' dir='ltr'><em>ἃ</em></span> 
     </span>
     <span class='ocr_line' id='line_1_139' title="bbox 1035 2441 1866 2489; baseline -0.005 -12"><span class='ocrx_word' id='word_1_615' title='bbox 1035 2444 1153 2479; x_wconf 75' lang='lat' dir='ltr'>vocatia</span> <span class='ocrx_word' id='word_1_616' title='bbox 1199 2443 1257 2478; x_wconf 89' lang='lat' dir='ltr'>sibi</span> <span class='ocrx_word' id='word_1_617' title='bbox 1303 2449 1500 2489; x_wconf 86' lang='lat' dir='ltr'>permaneat:</span> <span class='ocrx_word' id='word_1_618' title='bbox 1539 2448 1571 2474; x_wconf 89' lang='lat' dir='ltr'>at</span> <span class='ocrx_word' id='word_1_619' title='bbox 1607 2441 1632 2475; x_wconf 90' lang='lat' dir='ltr'>si</span> <span class='ocrx_word' id='word_1_620' title='bbox 1677 2449 1782 2474; x_wconf 83' lang='lat' dir='ltr'>contra</span> <span class='ocrx_word' id='word_1_621' title='bbox 1814 2450 1831 2461; x_wconf 46' lang='grc' dir='ltr'>Ἣ</span> <span class='ocrx_word' id='word_1_622' title='bbox 1863 2459 1866 2469; x_wconf 53' lang='lat' dir='ltr'>i</span> 
     </span>
    </p>
   </div>
   <div class='ocr_carea' id='block_1_26' title="bbox 1035 2486 1845 2540">
    <p class='ocr_par' dir='ltr' id='par_1_30' title="bbox 1035 2486 1905 2540">
     <span class='ocr_line' id='line_1_140' title="bbox 1035 2486 1845 2540; baseline -0.006 -13"><span class='ocrx_word' id='word_1_623' title='bbox 1035 2493 1172 2540; x_wconf 83' lang='lat' dir='ltr'>episcopi</span> <span class='ocrx_word' id='word_1_624' title='bbox 1217 2492 1465 2527; x_wconf 82' lang='lat' dir='ltr'>admonitionem</span> <span class='ocrx_word' id='word_1_625' title='bbox 1505 2489 1553 2525; x_wconf 71' lang='lat' dir='ltr'>vel</span> <span class='ocrx_word' id='word_1_626' title='bbox 1597 2502 1784 2524; x_wconf 52' lang='grc'>0100010111-</span> <span class='ocrx_word' id='word_1_627' title='bbox 1814 2486 1905 2537; x_wconf 23' lang='grc' dir='ltr'>ζῆ]</span> 
     </span>
    </p>
   </div>
   <div class='ocr_carea' id='block_1_27' title="bbox 1035 2540 1785 2737">
    <p class='ocr_par' dir='ltr' id='par_1_31' title="bbox 1035 2540 1785 2737">
     <span class='ocr_line' id='line_1_141' title="bbox 1036 2540 1784 2587; baseline -0.005 -10"><span class='ocrx_word' id='word_1_628' title='bbox 1036 2543 1223 2577; x_wconf 69' lang='lat' dir='ltr'>nic-ationem</span> <span class='ocrx_word' id='word_1_629' title='bbox 1248 2541 1469 2587; x_wconf 75' lang='lat' dir='ltr'>incorrigibilis</span> <span class='ocrx_word' id='word_1_630' title='bbox 1492 2540 1709 2587; x_wconf 72' lang='lat' dir='ltr'>permanserit,</span> <span class='ocrx_word' id='word_1_631' title='bbox 1726 2540 1784 2573; x_wconf 82' lang='lat' dir='ltr'>ad-</span> 
     </span>
     <span class='ocr_line' id='line_1_142' title="bbox 1035 2589 1781 2637; baseline -0.008 -9"><span class='ocrx_word' id='word_1_632' title='bbox 1035 2593 1188 2628; x_wconf 81' lang='lat' dir='ltr'>cavocatia</span> <span class='ocrx_word' id='word_1_633' title='bbox 1218 2599 1342 2631; x_wconf 77' lang='lat' dir='ltr'>careat,</span> <span class='ocrx_word' id='word_1_634' title='bbox 1377 2598 1407 2625; x_wconf 91' lang='lat' dir='ltr'>et</span> <span class='ocrx_word' id='word_1_635' title='bbox 1443 2589 1565 2637; x_wconf 88' lang='lat' dir='ltr'>praesul</span> <span class='ocrx_word' id='word_1_636' title='bbox 1592 2590 1687 2624; x_wconf 87' lang='lat' dir='ltr'>alium</span> <span class='ocrx_word' id='word_1_637' title='bbox 1723 2590 1781 2623; x_wconf 90' lang='lat' dir='ltr'>ad-</span> 
     </span>
     <span class='ocr_line' id='line_1_143' title="bbox 1035 2639 1785 2687; baseline -0.007 -10"><span class='ocrx_word' id='word_1_638' title='bbox 1035 2650 1179 2677; x_wconf 82' lang='lat' dir='ltr'>vocatum</span> <span class='ocrx_word' id='word_1_639' title='bbox 1207 2641 1344 2687; x_wconf 85' lang='lat' dir='ltr'>requirat</span> <span class='ocrx_word' id='word_1_640' title='bbox 1377 2640 1429 2687; x_wconf 87' lang='lat' dir='ltr'>qui</span> <span class='ocrx_word' id='word_1_641' title='bbox 1468 2639 1600 2674; x_wconf 85' lang='lat' dir='ltr'>fideliter</span> <span class='ocrx_word' id='word_1_642' title='bbox 1631 2639 1689 2673; x_wconf 87' lang='lat' dir='ltr'>loci</span> <span class='ocrx_word' id='word_1_643' title='bbox 1724 2639 1785 2673; x_wconf 87' lang='lat' dir='ltr'>de-</span> 
     </span>
     <span class='ocr_line' id='line_1_144' title="bbox 1035 2689 1783 2737; baseline -0.005 -10"><span class='ocrx_word' id='word_1_644' title='bbox 1035 2692 1209 2728; x_wconf 84' lang='lat' dir='ltr'>fensionem</span> <span class='ocrx_word' id='word_1_645' title='bbox 1242 2690 1415 2737; x_wconf 79' lang='lat' dir='ltr'>provideat.</span> <span class='ocrx_word' id='word_1_646' title='bbox 1453 2689 1491 2724; x_wconf 88' lang='lat' dir='ltr'>Et</span> <span class='ocrx_word' id='word_1_647' title='bbox 1522 2701 1563 2724; x_wconf 89' lang='lat' dir='ltr'>ne</span> <span class='ocrx_word' id='word_1_648' title='bbox 1598 2689 1715 2732; x_wconf 82' lang='lat' dir='ltr'>aliquid</span> <span class='ocrx_word' id='word_1_649' title='bbox 1743 2689 1783 2723; x_wconf 86' lang='lat' dir='ltr'>de</span> 
     </span>
    </p>
   </div>
  </div>
 </body>
</html>
