2237 3127
563 274 634 310 “712

514 342 552 378 ll.
593 341 799 377 Confirmatio
826 340 981 374 bonorum
1023 347 1050 373 ct
1092 352 1270 385 possessm-

617 404 704 431 num,
727 395 763 424 ad
780 390 927 423 Sanctam
951 389 1195 423 Gerundeusem
1213 389 1272 424 Ec-

615 440 742 474 clesiam
765 439 988 486 spectantium,
1013 439 1095 471 568.

512 488 567 524 Ill.
588 488 772 532 Decretum,
795 500 857 534 quo
880 488 910 521 in
928 487 1052 521 civitate
1073 487 1269 522 Dorobernia

614 538 798 584 metropolis
820 545 849 571 et
872 537 971 583 prima
1001 537 1093 572 sedes
1114 537 1154 571 sit
1177 537 1271 572 totius

616 587 700 632 regui
725 587 912 632 Anglorum,
943 588 1023 619 569.

512 635 565 670 lV.
592 636 822 670 Monasterium
847 634 1057 680 Giguiaceuse
1080 635 1110 669 in
1134 634 1269 669 dioecesi

612 685 821 731 Lug=l11ne11si
857 684 916 717 sub
948 685 1147 730 Apostolicae
1176 684 1270 718 Sedis

612 734 809 781 protectione
850 733 1021 779 recipitur:
1064 733 1196 768 liberum
1231 733 1270 767 ab

611 784 697 818 omni
722 783 822 817 aliena
848 782 1062 817 iurisdictione
1082 782 1268 823 declaratur,

610 833 743 879 eiusque
766 832 846 865 bona
877 833 981 866 omnia
1005 843 1078 866 cum
1102 833 1271 879 pertiuen—

612 882 663 916 tiis
691 881 929 924 confirmantur,
954 883 1035 915 570.

515 929 549 965 V.
578 930 782 965 Adimlicatio
821 930 1005 964 Bremensis
1040 929 1201 964 Ecclesiae
1237 929 1268 963 in

611 980 842 1025 suffraganeam
858 979 1087 1025 archiepiscopi
1103 978 1271 1013 Colonien-

612 1031 667 1069 sis,
691 1042 724 1062 ea
752 1037 855 1062 tamen
884 1028 1077 1066 conditione,
1104 1036 1137 1062 ut
1169 1028 1271 1062 Ham-

613 1078 762 1123 burgeusi
786 1077 946 1112 Ecclesiae
976 1077 1180 1123 suffragetur,
1216 1089 1268 1111 us-

613 1139 675 1173 que
716 1129 790 1161 dum
841 1127 917 1160 haec
965 1126 1269 1174 archiepiscopalem

613 1176 721 1211 sedem
744 1176 926 1220 instituerit,
951 1178 1032 1209 571.

663 1276 916 1312 STEPHANUS
943 1276 1119 1311 SEXTUS.

566 1370 770 1416 privilegium
791 1370 987 1404 Narbonensi
1017 1370 1176 1404 Ecclesiae
1192 1381 1270 1404 con-

614 1432 756 1459 cessum,
792 1432 855 1466 quo
881 1420 963 1453 bona
992 1420 1095 1454 onmia
1135 1419 1172 1453 ad
1201 1431 1268 1453 eam

620 1470 808 1516 pertinentia
822 1469 1061 1512 confirmantur,
1080 1476 1109 1502 et
1128 1481 1143 1502 a
1160 1468 1270 1503 cuius—

613 1531 747 1565 cumque
776 1518 946 1552 saecularis
969 1530 1119 1564 personae
1142 1517 1270 1552 iurisnli-

613 1568 716 1602 ctione
744 1567 840 1602 libera
864 1567 1075 1605 declarantur,
1098 1569 1180 1600 572.

514 1616 553 1651 Π.
582 1616 786 1661 Privilegium
817 1617 1007 1651 monasterio
1045 1616 1269 1656 Vizeliacensi,

614 1666 765 1712 omnique
785 1666 1018 1711 congregationi
1042 1665 1185 1699 eiusdem
1202 1677 1270 1700 mo-

615 1716 742 1750 nasterii
764 1715 793 1749 in
819 1723 1019 1762 perpetuum,
1039 1717 1120 1748 574.

778 1817 997 1852 ROMANUS.

516 1911 539 1946 l.
561 1911 778 1957 Privilegium,
801 1924 865 1958 quo
887 1910 1136 1945 Rossilionensis
1157 1910 1271 1945 Eccle-

614 1961 678 1995 siae
701 1967 803 2004 <nunc
826 1961 1014 1995 Helenensis
1041 1960 1159 2003 (lictae)
1187 1960 1268 1994 bona

614 2010 719 2044 onmia
756 2011 1002 2044 confirmantur:
1044 2009 1204 2056 liberaque
1232 2009 1271 2042 ab

614 2059 699 2094 omni
727 2060 957 2105 cuiuscumque
989 2070 1141 2105 personae
1170 2058 1273 2092 mole-

614 2108 671 2143 stia
691 2108 748 2142 sub
760 2109 968 2143 anathematis
985 2120 1085 2156 poena
1100 2107 1202 2142 futura
1216 2107 1269 2142 de-

615 2166 800 2195 cernuntur,
830 2160 911 2191 574.

517 2205 555 2240 ll.
578 2205 688 2240 Simile
718 2206 914 2253 privilegium
944 2218 1000 2253 pro
1027 2206 1119 2240 bonis
1146 2205 1183 2240 ad
1207 2204 1273 2240 Ge-

618 2255 807 2289 rundensem
857 2255 1032 2290 Ecclesiam
1080 2255 1274 2302 pertiuenti-

619 2304 690 2346 bus,
718 2306 800 2338 576.

712 2383 1086 2419 CHRISTOPHORUS.

519 2455 542 2490 Ι.
576 2455 783 2491 Confirmatio
807 2455 962 2489 bonorum
991 2455 1146 2495 omnium,
1171 2454 1275 2489 dona-

619 2506 752 2549 tionum,
768 2516 804 2539 ac
822 2504 1068 2551 privilegiorum,
1089 2503 1274 2538 Corbeiensi

619 2554 809 2589 monasterio
831 2566 847 2588 a
870 2553 1009 2600 regibuS,
1030 2553 1272 2600 imperatoribus

618 2615 654 2638 ac
683 2603 825 2639 Summis
855 2602 1066 2639 Pontificibus
1103 2614 1275 2638 concesso-

619 2665 702 2695 rum,
731 2654 812 2687 578.

1125 286 1312 308 BULlARlI'M
1336 286 1377 308 1ὶο
1383 288 1403 307 M
1410 288 1424 308 A
1431 287 1495 308 Y'i'u

1485 341 1668 376 >Uicus
1696 341 1889 377 triarius.

1312 432 1335 466 1.
1364 432 1555 478 Concessio,
1587 447 1643 469 seu
1671 436 1868 469 conlirmatio
1904 435 2060 470 bonorum

1410 484 1564 522 omnium,
1592 484 1628 518 ad
1652 483 1824 518 Ecclesiam
1852 484 1957 519 Silvae
1975 484 2064 519 Can-

1410 531 1501 566 didae
1537 534 1784 579 pertinentium;
1821 533 1937 580 quibus
1977 534 2062 577 vim,

1411 581 1650 628 molestiamque
1693 582 1789 616 ullam
1828 583 1966 629 irrogare
2004 582 2064 617 sub

1409 630 1616 665 anathematis
1640 643 1738 678 poena
1759 631 1875 678 cuique
1903 631 2067 667 interdici-

1410 686 1473 720 tur,
1502 682 1583 714 579.

1558 781 1743 817 IOANNES
1775 782 1816 817 X.

1310 874 1334 908 Ι.
1358 874 1566 909 Confirmatio
1600 876 1853 922 privilegiorum,
1885 876 2066 923 exemptio-

1410 937 1485 958 num
1514 934 1545 959 et
1574 925 1688 959 iurium
1719 926 1900 960 monasterii
1929 927 2064 962 Sanctae

1408 973 1524 1008 Mariae
1546 974 1577 1007 in
1605 976 1731 1020 Organo
1750 974 1905 1016 Veronae,
1930 978 2012 1010 581.

1434 1076 1686 1111 STEPHANUS
1717 1077 1939 1113 SEPTIMUS.
1976 1104 1981 1108 .

1310 1168 1334 1203 Ι.
1357 1168 1563 1204 Confirmatio
1591 1170 1784 1206 fundationis
1812 1171 1954 1207 abbatiae
1980 1172 2065 1207 Bro-

1410 1219 1528 1253 nieusis
1542 1221 1571 1253 in
1586 1220 1733 1254 comitatu
1749 1220 1968 1264 Namurcensi,
1982 1223 2064 1256 385.

1311 1267 1348 1301 ΙΙ.
1372 1266 1577 1302 Confirmatio
1607 1270 1720 1303 iurium
1749 1279 1779 1304 et
1806 1270 1960 1304 bonorum
1993 1283 2064 1305 mo-

1409 1318 1534 1351 nasterii
1559 1318 1666 1353 Sancti
1689 1318 1845 1354 Vincentii
1868 1319 2066 1361 Vulturnen-

1410 1367 1465 1411 sis,
1489 1369 1571 1401 585.

1561 1468 1746 1505 ioannes
1768 1469 1824 1517 xi.

1312 1561 1334 1596 l.
1361 1561 1569 1597 Confirmatio
1605 1564 1862 1610 privilegiorum,
1889 1572 1919 1598 ot
1947 1572 2068 1607 metrof-

1411 1612 1502 1659 poliei
1535 1613 1613 1646 iuris
1639 1612 1774 1648 Sanctae
1806 1613 1977 1649 Toletauae
2004 1614 2067 1650 Ec-

1411 1661 1537 1703 clesiae,
1566 1663 1648 1696 586.

1529 1763 1613 1799 LEO
1634 1763 1854 1800 SEPTlMUS.

1312 1856 1336 1890 1.
1377 1856 1545 1891 Decretum
1582 1870 1621 1892 ne
1658 1858 1813 1894 foeminae
1847 1859 2064 1905 ingrediantur

1410 1907 1597 1941 coenobium
1632 1907 1665 1942 S.
1700 1907 1824 1942 Martini
1852 1908 2060 1955 Turonensis,

1412 1956 1470 1989 nisi
1499 1957 1652 1991 orationis
1673 1969 1785 2001 causa,
1815 1959 1896 1991 588.

1314 2003 1351 2038 ll.
1394 2003 1600 2051 privilegium
1639 2007 1830 2041 monasterio
1869 2007 2063 2043 Floriacensi

1412 2071 1618 2100 concessum,
1652 2073 1715 2107 quo
1749 2061 1817 2095 eius
1843 2060 1942 2105 bona,
1975 2061 2065 2103 iura,

1412 2120 1443 2147 et
1477 2113 1690 2148 immunitates
1724 2125 1835 2150 omnes
1871 2114 2064 2150 confirman-

1413 2173 1474 2210 tur,
1498 2169 1580 2201 589.
1823 2163 1827 2166 ’

1314 2219 1367 2254 ΠΙ.
1401 2220 1536 2255 Donatio
1571 2221 1752 2256 monasterii
1789 2220 1896 2256 Sancti
1935 2221 2060 2256 Erasmi

1412 2272 1533 2308 Romae
1552 2274 1583 2308 in
1606 2282 1712 2309 monte
1727 2273 1848 2319 Coelio,
1870 2274 2067 2321 aliorumque

1413 2327 1568 2362 bonorum
1584 2327 1771 2363 Sublacensi
1795 2327 1960 2373 coenobio,
1979 2330 2061 2363 591.

1315 2380 1367 2416 lv.
1402 2381 1449 2415 Ad
1478 2381 1633 2416 Gherardi
1655 2382 1873 2417 Lauriacensis
1905 2381 2068 2417 Ecclesiae

1413 2436 1640 2482 archiepiscopi
1663 2436 1910 2471 consultationes
1932 2447 2067 2483 respon-

1416 2490 1469 2524 det
1494 2490 1559 2524 Leo
1578 2490 1660 2531 PR,
1681 2491 1846 2537 variosque
1868 2489 1996 2530 abusus,
2012 2489 2068 2536 qui

1414 2543 1564 2578 adversus
1585 2552 1723 2578 veterum
1752 2543 1870 2578 rituum
1898 2542 2067 2590 puritatem

1413 2597 1618 2645 obrepserant
1640 2597 1722 2644 apud
1751 2596 1860 2632 Gallos
1881 2604 1912 2631 et
1932 2596 2068 2632 Germa·-

1414 2663 1484 2693 nos,
1506 2651 1668 2687 emendari
1691 2651 1789 2697 iubet,
1812 2652 1894 2686 592.
1967 2649 1970 2651 ’
