2237 3127
50 323 101 351 An.
124 324 151 351 C.

183 325 230 352 5:³1

38 1834 155 1856 Manifesta
183 1834 221 1856 Dei

53 1869 206 1891 misericordia

39 1905 125 1935 quiando
159 1905 223 1934 prin-

37 1942 99 1970 cipes
139 1940 221 1962 snecnl'r

38 1977 103 1998 sutem
147 1976 221 1998 forent

34 2015 56 2033 et
121 2011 221 2041 episcopi

38 2055 98 2069 suum
143 2055 221 2069 munus

36 2082 167 2112 adimplent.

867 323 892 348 S.
915 323 1087 347 nomutsnA
1110 325 1121 347 1
1144 324 1194 347 1²1³.

605 375 651 414 VI
693 392 697 396 ·

256 449 434 494 Epiphanio
481 450 620 495 episcopo
661 450 1006 494 Constantinopolitano

302 500 421 532 vicaria
470 500 549 533 sedis
591 500 775 543 apostolicae
812 500 1006 542 praefectura

302 549 472 592 delegatur,
507 560 543 581 ac
573 559 701 582 examen
726 548 927 581 continittt'mr
946 559 1006 590 pe—

302 597 418 630 titionis
442 597 555 630 Iustt‘ni
573 598 648 641 imp.
684 603 717 629 ut
744 598 890 630 damnato
919 597 1005 630 Aca-

302 646 343 678 ct't'
363 646 507 689 nomine,
538 652 565 679 et
585 646 699 678 erroris
724 646 902 678 auctoribus
925 656 1006 678 (tua-

303 694 518 734 thematizatt's,
533 701 721 727 caeterorum
737 695 862 727 nomina
883 694 916 726 in
934 694 1004 738 Dip-

304 743 398 788 tycht‘s
419 743 621 776 retineremur
642 744 697 786 (1).

520 806 737 837 SUMMARtUM

251 859 402 891 Manifesta
421 859 473 889 Dei
494 859 698 889 misericordia
718 859 836 897 quando
854 859 1004 898 principes

290 899 402 929 saeculi
421 899 507 928 tidem
524 898 620 928 fovent
638 902 665 927 et
681 899 812 937 episcopi
832 908 920 928 suum
939 908 1005 927 mu-

289 947 346 968 nus
364 938 536 977 adimplent.
560 954 600 959 ——-
614 938 702 967 Fides
722 947 873 976 nunquam
894 937 1002 967 defati-

289 982 383 1016 gatur.
404 993 445 1000 —
469 976 532 1006 Non
555 977 672 1006 initium
701 977 827 1013 laboris,
856 977 907 1006 scd
937 978 1003 1007 finis

289 1017 453 1056 praemium
476 1016 574 1046 habet.
590 1032 631 1038 —
650 1016 741 1046 Sedes
764 1017 923 1055 apostolica
943 1026 1004 1046 om-

288 1057 370 1086 nium
383 1056 582 1086 Ecclesiarum
600 1065 704 1085 curare
717 1055 803 1085 debet
821 1056 1004 1094 redintegra-

289 1096 399 1126 tionem
419 1111 459 1118 —
477 1095 556 1125 quta
576 1095 724 1125 Ecclesiae
744 1096 888 1131 ordinem,
908 1099 935 1125 et
958 1096 1004 1125 iu-

289 1135 386 1165 stitiae
406 1134 545 1170 formam,
567 1134 747 1173 benignitas,
769 1139 798 1164 et
819 1134 1002 1164 rationabilis

288 1174 435 1205 medicina
458 1174 677 1213 poenitentibus
693 1178 739 1204 est
756 1175 953 1204 concedenda.
965 1191 1005 1197 —

238 1220 240 1225 ·
287 1213 327 1243 De
354 1213 526 1253 separandis
549 1223 565 1243 a
593 1222 679 1252 grege
701 1214 810 1244 Christi
836 1214 1002 1249 haereticis,

237 1440 240 1460 1

287 1258 316 1283 et
333 1253 533 1283 innocentiam
557 1253 776 1283 simulantibus.
797 1270 837 1276 —
858 1253 896 1282 De
919 1253 1004 1282 Chal-

288 1292 466 1323 cedonensis
489 1293 593 1330 synodi
611 1293 798 1331 praestantia.
811 1310 849 1315 —
865 1292 1002 1328 Nestorii,

288 1337 317 1362 et
338 1332 478 1371 Eutychis
507 1333 658 1361 haereses.
675 1348 716 1354 -
732 1332 907 1362 Earumdem
928 1333 1001 1361 hae-

288 1380 388 1401 resum
411 1371 583 1401 confutatio.
599 1388 640 1393 —
654 1370 716 1400 Non
733 1372 943 1408 ambigendum
967 1372 1002 1401 de

289 1411 379 1440 rebus
408 1411 476 1440 fidei
499 1411 556 1440 iam
581 1411 720 1440 definitis.
746 1427 786 1433 —
806 1411 1001 1440 Thessaloni-

237 1463 239 1473 ι
288 1450 435 1486 censium,
452 1454 480 1480 et
497 1449 602 1479 lustini
622 1450 692 1489 imp.
712 1450 862 1488 petitionis
881 1460 1001 1479 examen

287 1489 452 1528 Epiphanio
474 1489 630 1519 committit
652 1489 790 1528 pontifex.

248 1545 389 1575 normisda
406 1545 553 1582 Epiphanio
569 1545 693 1581 episcopo
705 1545 1002 1581 Constantinopolitano

296 1599 398 1634 Multo
417 1598 535 1645 gaudio
556 1611 627 1633 sum
647 1599 798 1646 repletus,
820 1599 904 1645 quod
922 1599 1001 1634 eirca

249 1647 413 1683 Ecclesiae
435 1659 562 1694 pacem,
585 1655 615 1682 et
645 1648 835 1682 sanctissimi
864 1648 1002 1693 impera-

249 1696 347 1741 toris,
374 1704 404 1731 et
432 1696 613 1731 dilectionis
641 1704 713 1731 tuae
745 1697 805 1731 tale
835 1697 1000 1735 studium,

247 1745 340 1792 quale
361 1745 459 1780 literis
481 1744 625 1780 indicasti
639 1773 647 1787 ,
673 1745 851 1792 legaturum
874 1758 1001 1792 quoque

248 1806 391 1829 meorum
441 1794 613 1829 assertione
651 1794 796 1840 cognovi.
836 1794 999 1828 Manifesta

248 1843 335 1878 enim
362 1842 437 1877 hinc
459 1854 616 1890 supernae
637 1842 875 1878 misericordiae
902 1842 1002 1876 docu-

248 1899 354 1926 menta
377 1891 569 1938 produntur,
584 1891 712 1937 quando
726 1899 755 1926 et
769 1891 898 1925 humani
921 1891 1002 1936 prin-

248 1940 335 1987 cipes
350 1952 477 1975 causam
498 1939 568 1974 fidei
595 1940 775 1986 republicae
801 1939 1001 1974 ordinatione

248 1989 469 2035 coniungunt,
504 1996 534 2023 et
580 1988 794 2023 Ecclesiarum
841 1988 1002 2034 praesules

248 2038 333 2085 quod
355 2038 394 2072 ad
427 2038 693 2083 dispensationem
728 2049 817 2072 suam
842 2037 1000 2082 pertinet,

248 2087 342 2122 officii
369 2098 526 2121 memores
554 2093 764 2133 exequuntur.
792 2085 924 2120 Talibus
952 2085 1002 2119 in-

248 2135 376 2181 digebat
404 2143 475 2182 post
505 2134 681 2170 discordiae
712 2134 864 2181 procellas
892 2134 1001 2180 religio

249 2184 418 2219 christiana
443 2184 629 2228 rectoribus,
644 2184 696 2230 qui
722 2183 912 2230 compressis
935 2195 1001 2229 pro-

249 2233 317 2268 vida
339 2232 574 2279 dispensatione
603 2232 807 2276 turbinibus,
829 2232 882 2266 diu
910 2244 1001 2278 pere-

248 2282 401 2327 grinatam
439 2293 548 2328 pacem
582 2281 713 2327 depulsa
740 2287 927 2327 tempestate
956 2292 1002 2314 re-

248 2330 425 2373 ducerent,
447 2337 478 2364 et
505 2330 536 2364 in
560 2330 663 2364 futura
690 2329 816 2364 saecula
846 2329 999 2376 propositi

248 2379 297 2413 sui
319 2377 465 2425 exempla
499 2378 685 2422 tendentes,
712 2378 772 2412 sibi
808 2377 1001 2413 adscriben-

248 2431 325 2462 dum
353 2426 569 2462 indubitanter
602 2426 822 2468 ostenderent,
846 2426 999 2474 quicquid

249 2476 317 2511 Deo
339 2475 491 2523 placitum
519 2475 637 2522 posteri
666 2487 721 2522 pro
744 2487 799 2510 sua
826 2475 1001 2510 imitatione

249 2524 407 2560 fecissent.
430 2524 665 2559 Benedicamus
688 2524 802 2568 Deum,
819 2524 911 2559 frater
926 2524 1002 2558 cha—

249 2573 383 2615 rissime,
399 2573 517 2608 nostris
539 2573 600 2608 hoc
618 2573 731 2607 diebus
754 2573 850 2608 fuisse
869 2585 1002 2608 conces-

249 2634 333 2664 sum,
359 2629 390 2657 et
418 2622 492 2656 totis
513 2622 705 2663 orationum,
727 2629 757 2656 et
779 2634 927 2657 curarum
954 2621 1002 2656 vi-

284 2682 325 2718 (¹)
340 2682 379 2709 Ex
392 2682 447 2710 VV.
464 2681 515 2710 CC.
533 2682 615 2710 edidit
630 2682 704 2710 card.
722 2681 825 2711 carata.

1684 317 1746 349 ttt

1049 377 1135 412 ribus
1161 377 1358 417 annitamur,
1379 386 1412 413 ut
1435 391 1515 425 quae
1538 391 1594 425 per
1614 380 1672 415 Dei
1702 382 1797 416 nostri

1048 438 1140 473 opem
1163 427 1244 461 bene
1263 436 1401 462 correcta
1429 437 1520 469 sunt,
1544 430 1610 475 ipso
1633 429 1800 466 adiuvante

1048 488 1104 520 per
1125 476 1229 510 omnia
1251 476 1478 522 compleantur.
1495 478 1694 524 Sperandum
1714 480 1799 514 enim

1047 532 1114 565 est,
1143 531 1178 558 ut
1203 525 1241 559 ad
1270 537 1454 571 compagem
1482 527 1622 572 corporis
1648 528 1695 561 sui
1719 528 1799 563 reli-

1047 585 1107 618 qua
1140 584 1280 618 quoque,
1315 586 1395 619 quae
1425 574 1528 609 adhuc
1560 575 1659 610 divisa
1700 585 1801 622 sunt,

1048 621 1186 655 membra
1211 622 1359 656 festinent
1381 630 1411 657 et
1433 635 1447 657 a
1477 624 1652 670 potioribus
1676 625 1797 661 minora

1047 681 1109 703 non
1136 670 1337 717 discrepent:
1372 671 1409 705 ad
1433 672 1518 718 quod
1540 684 1612 707 cum
1640 685 1690 708 me
1717 674 1798 709 dile-

1045 718 1172 753 ctiotna
1195 719 1382 754 christianae
1401 720 1504 754 studio
1521 721 1682 757 eharitatis
1697 723 1799 758 horte-

1046 774 1108 810 tur,
1135 767 1239 808 debet,
1267 768 1350 814 quod
1375 769 1482 803 incitat
1509 771 1610 816 sequi,
1637 779 1668 805 et
1692 784 1799 807 aman-

1046 814 1122 849 dum
1149 816 1270 857 suadet,
1290 817 1447 862 amplecti.
1470 818 1614 853 Similem
1637 821 1720 854 enim
1736 821 1796 855 iam

1046 863 1118 898 fidei
1150 876 1256 899 curam
1281 874 1426 911 gerentes
1454 878 1509 912 per
1535 867 1711 913 religiosam
1741 882 1798 915 pa-

1047 912 1184 947 tientiam
1218 925 1274 960 par
1311 914 1403 948 etiam
1438 916 1611 961 praemium
1647 917 1686 951 de
1721 917 1797 952 boni

1045 961 1149 1008 operis
1175 974 1340 1008 speramus
1362 963 1492 997 effectu:
1511 976 1612 1010 neque
1635 965 1719 999 enim
1735 966 1798 1000 dif-

1045 1010 1236 1045 ficuttatibns
1263 1018 1311 1045 est
1341 1012 1530 1046 cedendum.
1554 1013 1623 1047 Non
1651 1013 1798 1060 fatigatur

1044 1059 1166 1106 asperis
1188 1060 1276 1101 fides,
1299 1072 1357 1094 nec
1378 1060 1417 1095 ad
1445 1061 1606 1096 coelorum
1628 1063 1724 1098 ardua
1741 1076 1797 1110 per

1045 1108 1181 1155 proclive
1203 1109 1415 1153 contenditur,
1433 1121 1490 1144 nec
1510 1112 1797 1147 remunerationem

1044 1157 1120 1191 eitra
1143 1157 1256 1192 laboris
1278 1159 1425 1193 exercitia
1440 1159 1512 1205 quis
1534 1168 1681 1195 meretur.
1703 1161 1797 1197 Unde

1045 1218 1084 1240 ne
1106 1206 1258 1241 facientes
1293 1207 1372 1242 bona
1399 1207 1595 1249 deficiamus,
1619 1210 1799 1256 specialiter

1044 1255 1267 1297 admonemur,
1298 1255 1381 1290 beati
1412 1257 1504 1291 etiam
1524 1260 1626 1300 (teste
1653 1259 1797 1293 Psalmi-

1044 1307 1106 1347 sta)
1133 1305 1186 1351 qui
1222 1304 1406 1339 custodiunt
1429 1305 1595 1347 iudicium,
1623 1314 1654 1341 et
1675 1307 1795 1343 faciunt

1045 1353 1192 1387 iustitiam
1209 1353 1240 1387 in
1256 1354 1341 1388 omni
1359 1356 1645 1402 tempore(l),quia
1661 1368 1722 1391 non
1737 1356 1795 1391 ini-

1044 1401 1121 1436 tium
1170 1402 1286 1437 laboris
1331 1404 1618 1438 remunerationem
1664 1405 1794 1451 praemii

1044 1451 1206 1485 consuevit
1240 1451 1405 1495 invenire,
1435 1452 1491 1486 sed
1519 1453 1683 1488 terminus.
1711 1454 1797 1500 Ergo

1045 1511 1100 1545 par
1137 1499 1279 1534 studium
1324 1500 1536 1535 solicitudinis
1567 1511 1764 1537 assumentes
1788 1530 1796 1543 ,

1043 1548 1160 1594 quibus
1194 1557 1242 1583 est
1273 1561 1335 1583 una
1364 1549 1395 1583 in
1417 1550 1643 1585 communione
1669 1559 1700 1585 et
1726 1563 1797 1586 cre-

1043 1597 1174 1631 dulitate
1200 1597 1345 1642 societas,
1368 1598 1638 1645 quemadmodum
1660 1599 1699 1634 de
1714 1599 1797 1634 adu-

1044 1653 1113 1680 nata
1141 1646 1208 1680 sedi
1230 1647 1421 1693 apostolicae
1446 1647 1796 1695 Constantinopolitana

1042 1693 1184 1729 Ecclesia
1213 1696 1328 1740 pariter
1361 1696 1538 1730 exultamus
1572 1696 1603 1731 in
1634 1696 1795 1739 Domino,

1044 1743 1083 1777 ita
1105 1743 1144 1777 de
1160 1744 1351 1790 reliquarum
1366 1756 1492 1790 quoque
1510 1745 1608 1788 (sicut
1627 1746 1796 1781 affectuose

1042 1791 1797 1840 admones)redintegrationecuremusprimum,

1045 1848 1076 1874 ut
1098 1840 1191 1874 fidem
1207 1868 1215 1882 ,
1236 1842 1510 1888 integritatemque
1526 1851 1663 1877 nostram
1682 1845 1795 1878 imma-

1042 1889 1176 1923 culatam
1211 1889 1251 1924 ab
1284 1890 1372 1924 omni
1407 1891 1597 1936 contagione
1620 1903 1794 1926 servemus.

1043 1937 1129 1972 Nosti
1157 1938 1260 1983 enim,
1283 1938 1376 1973 frater
1402 1940 1612 1981 sanctissime,
1638 1952 1719 1986 quae
1740 1953 1795 1976 ec-

1042 1986 1251 2021 clesiasticam
1278 1996 1403 2022 servent
1425 1988 1547 2022 vincula
1575 1989 1795 2034 concordiam,

1042 2046 1122 2080 quae
1149 2048 1206 2069 nos
1228 2035 1267 2070 ab
1295 2036 1525 2071 baereticorum
1551 2044 1699 2072 tueantur
1717 2038 1796 2072 insi-

1043 2083 1114 2127 diis,
1142 2096 1197 2130 per
1224 2096 1305 2131 quae
1334 2084 1429 2119 etiam
1449 2097 1606 2120 canonum
1628 2086 1795 2120 custodia-

1043 2139 1093 2166 tur
1122 2135 1302 2168 auctoritas.
1336 2132 1394 2168 His
1427 2133 1458 2167 in
1488 2133 1601 2168 robore
1628 2146 1685 2168 suo
1707 2134 1797 2169 omni

1042 2180 1327 2228 circumspectione
1361 2182 1513 2223 servatis,
1549 2182 1687 2217 remedia
1720 2195 1798 2230 spe-

1043 2230 1185 2264 rantibus
1211 2230 1424 2265 conserantur.
1447 2230 1551 2265 Habet
1572 2231 1657 2266 enim
1683 2239 1715 2266 et
1740 2232 1797 2267 Ec-

1043 2278 1210 2313 clesiarum
1234 2279 1312 2314 ordo
1328 2279 1519 2324 regularum,
1535 2287 1566 2314 et
1579 2279 1680 2326 ipsius
1693 2280 1794 2316 forma

1044 2327 1189 2367 institiae,
1216 2335 1251 2362 ut
1277 2327 1452 2362 medicinae
1480 2327 1678 2363 rationabilis
1705 2328 1798 2364 beni-

1042 2388 1103 2421 gne
1124 2385 1155 2410 et
1176 2375 1310 2411 fideliter
1331 2377 1532 2423 sperantibus
1555 2389 1618 2411 non
1644 2385 1796 2423 negetur3

1043 2436 1102 2459 nec
1123 2425 1290 2471 qnisquam
1318 2425 1358 2460 ita
1389 2432 1437 2460 est
1463 2426 1502 2460 ab
1527 2426 1723 2461 humanitate
1745 2427 1796 2460 di-

1043 2482 1184 2518 scretus,
1207 2485 1302 2520 quem
1330 2486 1392 2509 non
1420 2486 1437 2509 a
1463 2475 1567 2520 rigore
1594 2474 1796 2510 discretionis

1044 2522 1173 2557 inclinet
1195 2522 1319 2557 incauta
1340 2523 1550 2570 simplicitas:
1573 2523 1629 2558 sed
1650 2531 1684 2558 ut
1705 2532 1796 2559 caute

1043 2571 1103 2606 boc
1129 2571 1205 2606 citra
1232 2571 1392 2618 querelam
1409 2598 1418 2615 ,
1445 2579 1498 2606 aut
1518 2572 1634 2607 erroris
1664 2571 1798 2607 alicuius

1045 2632 1179 2655 naevum
1201 2621 1301 2654 valeat
1326 2621 1480 2669 expediri,
1505 2620 1711 2658 dilectissime
1731 2620 1798 2656 fra-

1079 2680 1118 2717 (1)
1134 2680 1231 2709 Psalm.
1253 2680 1314 2708 106.

1836 322 1877 350 An
1916 323 1932 349 (Σ
1971 324 2016 347 [νέ

1829 1731 1896 1754 Sedes
1911 1731 2013 1760 Aposto-

1829 1768 1872 1790 lira
1916 1768 2014 1788 omnium

1850 1802 1998 1825 Ecclesiam„

1829 1845 1905 1859 curare
1949 1837 2014 1859 debs-t

1828 1873 2003 1903 redintegratio—

1828 1916 1887 1932 neu]-

1857 2256 1916 2277 quta
1929 2255 2006 2279 Eccle-

1826 2292 1870 2314 siae
1898 2291 2007 2320 ordinem,

1825 2330 1847 2349 ct
1864 2327 1958 2349 institiae
1968 2326 2011 2348 sor-

1825 2370 1882 2385 mam
1908 2362 2011 2392 benigni—

1824 2402 1868 2428 tas,
1892 2401 1913 2421 et
1941 2399 2010 2420 ratio-

1823 2434 1902 2457 nabilis
1934 2434 2010 2457 medi-

1824 2472 1872 2494 cina
1890 2471 2012 2501 poeniten-

1823 2507 1882 2529 tibus
1899 2510 1932 2529 est
1949 2515 2009 2529 con-

1824 2541 1933 2565 cedenda.
