2237 3127
80 320 133 348 An.
155 320 184 349 C.
212 321 264 348 443

106 833 152 855 Nan
161 837 194 855 cst
207 841 258 855 cou-

73 867 125 896 ittgii
149 868 256 898 duplica-

84 904 115 925 tio
149 904 245 934 quando,

71 938 149 961 ancilla
167 940 255 970 relicta,

71 982 126 996 uxot·
156 978 255 998 assumi-

72 1014 115 1033 tur.

101 1188 254 1211 poenitentiae

69 1226 154 1253 tempus
173 1234 243 1257 usquo

78 1260 105 1282 nd
137 1262 237 1286 ultimum

68 1297 126 1319 vituo
143 1298 218 1321 finem.

67 1372 169 1401 Necpost
187 1381 246 1395 mor-

68 1410 110 1429 tem
135 1408 161 1429 iis
190 1418 252 1433 cnm-

73 1443 226 1468 municanduiu
238 1464 243 1477 ,

68 1478 144 1507 quibus
174 1481 251 1504 tivcn<

67 1513 123 1536 tibus
147 1523 190 1538 non
217 1523 250 1542 est

80 1552 233 1574 communica-

67 1587 120 1608 tum,

98 1670 128 1692 De
144 1670 187 1701 his,
211 1673 247 1703 qui

76 1706 232 1735 poenitentiam

79 1748 144 1770 egere
161 1742 232 1766 disse-

65 1780 122 1799 runt.

92 2015 131 2043 Qui
146 2023 186 2044 pro
201 2015 245 2037 illi-

61 2051 111 2072 citis
160 2051 244 2072 veniam

61 2086 145 2116 poscit,
180 2088 244 2110 etiam

60 2129 70 2143 a
88 2123 244 2146 multislicitrs

59 2157 170 2181 abstinere
205 2160 245 2182 ‹le-

58 2192 102 2216 bet.

951 318 975 341 S.
1006 317 1067 340 [EO
1096 318 1103 340 1
1133 318 1176 340 ΡΡ.

293 373 439 408 eubinam
464 372 493 406 iu
519 372 751 407 matrimonium
769 372 905 416 dederit,
926 385 986 406 non
1005 373 1042 407 ita

292 422 512 469 accipiendum
552 431 614 467 est,
648 424 735 469 quasi
772 423 940 467 coniugato
975 435 1042 456 eam

291 471 424 516 dederit,
447 473 505 506 nisi
529 472 608 506 forte
632 472 681 505 illa
705 471 829 516 mulier,
852 480 881 506 et
906 471 1042 517 ingenua

291 520 389 559 saeta
434 529 465 555 et
496 521 600 555 dotata
648 521 802 566 legitime,
853 528 883 554 et
911 521 1043 566 publicis

291 571 407 625 nuptiis
429 570 591 605 honestata
619 569 770 604 videatur.
797 570 930 604 Paterno
958 570 1043 605 arbi-

290 619 349 653 trio
377 619 450 654 viris
477 620 600 653 iunctae
624 626 731 653 camut
753 619 856 673 culpa
885 620 909 653 si
934 619 1043 653 mulie-

291 681 351 709 ιρις,
368 681 418 714 qu:
413 681 473 702 iea
489 669 561 702 xiiis
577 668 783 708 liabtbantur
799 681 828 702 ιιι
840 678 1041 702 matrimonio

288 730 350 751 non
376 718 511 762 suerunt,
534 718 606 764 quia
634 717 717 751 aliud
746 726 792 751 est
820 726 929 765 nupta,
957 718 1039 751 aliud

288 766 476 801 concubina.

337 821 368 850 8.
393 815 547 849 Ancillam
571 828 585 848 a
609 823 677 849 toro
696 815 844 856 abiicere,
862 823 893 849 ct
910 827 1038 849 uxorem

285 875 388 900 certae
417 865 620 908 ingenuitatis
652 865 804 910 accipere,
834 878 894 898 nou
925 864 1039 911 dupli—

284 915 365 948 catio
387 914 536 959 coniugii,
559 913 612 947 sed
632 914 790 960 profectus
803 922 849 949 est
866 914 1038 948 honestatis

284 966 339 1005 (t).
364 963 528 1009 Culpanda
556 971 601 997 est
629 975 703 997 saue
726 963 834 997 talium
871 963 1035 1010 negligen-

284 1013 335 1051 tia,
359 1013 413 1047 sed
437 1025 499 1046 non
529 1012 654 1058 penitus
682 1011 890 1058 ‹lospera11da3
918 1020 951 1046 ut
973 1025 1037 1047 erc-

284 1061 348 1096 bris
374 1061 791 1101 cohortationibusincitati,
819 1062 902 1108 qnod
931 1074 1038 1096 neces-

281 1112 362 1145 sarie
409 1111 630 1157 expetierunt,
673 1110 805 1145 fideliter
827 1119 1033 1157 exequantur.

282 1160 384 1195 Nemo
406 1161 488 1196 enim
509 1159 726 1207 desperandus
748 1169 806 1201 est,
829 1160 904 1194 dum
928 1161 957 1194 in
976 1161 1036 1195 boc

281 1222 412 1256 corpore
428 1211 616 1244 constitutus
627 1218 684 1250 est‚
703 1210 774 1256 quia
793 1222 1033 1256 nonnunquam,

281 1259 364 1306 quod
388 1259 560 1294 diffidentia
582 1259 689 1293 aetatis
716 1259 867 1304 differtur,
902 1259 1034 1294 consilio

281 1309 453 1343 maturiore
483 1309 643 1354 perlicitur
665 1310 717 1351 (⁶2).

330 1360 363 1392 9.
384 1358 503 1392 Horum
521 1370 614 1392 causa
630 1358 688 1391 Dei
707 1357 824 1392 iudicio
848 1357 1032 1392 reservanda

279 1415 338 1451 est,
363 1408 394 1442 in
422 1408 511 1442 cuius
536 1420 629 1441 manu
658 1407 725 1447 suit,
750 1416 782 1441 ut
805 1408 910 1441 talium
928 1407 1033 1441 obitus

281 1457 430 1502 usquead
443 1457 679 1491 communionis
703 1457 876 1490 remedium
895 1456 1033 1491 dill'errc-

281 1514 340 1540 tur.
372 1506 437 1540 Nos
470 1514 586 1546 autem,
620 1506 734 1552 quibus
763 1505 940 1539 virentibus
969 1518 1029 1540 non

279 1556 596 1599 communieaviums,
628 1554 762 1590 mortuis
796 1556 1031 1590 communicare

279 1617 342 1639 non
373 1617 541 1651 possumus
568 1609 622 1649 (5).

330 1657 385 1690 10.
414 1654 633 1690 Dissimulatio
668 1654 745 1688 haec
773 1661 873 1700 potest
902 1666 964 1688 non
992 1654 1031 1689 de

279 1711 462 1751 contemptu
502 1715 571 1739 esse
609 1703 752 1741 remedii,
790 1703 844 1737 sed
878 1703 917 1737 de
946 1712 1030 1738 metu

278 1753 405 1800 gravius
440 1753 657 1800 delinquendi.
693 1752 784 1787 Unde
819 1753 1029 1799 poenitentia

279 1815 359 1850 quae
375 1803 467 1837 dilata
484 1812 542 1847 cst,
565 1815 637 1837 cum
660 1802 836 1836 studiosius
854 1802 946 1847 petita
963 1802 1031 1836 fue-

280 1853 330 1891 rit,
363 1865 425 1887 non
461 1860 613 1898 uegetum
651 1859 683 1885 ut
713 1863 842 1897 quoquo
871 1850 965 1885 modo
992 1851 1028 1885 ad

279 1900 494 1948 indulgentiae
522 1900 711 1936 medicinam
744 1901 846 1934 anima
870 1900 1029 1936 vulnerata

280 1951 438 1997 perveniat
461 1952 514 1994 (4).

330 2001 341 2033 ‘l
358 2004 385 2034 t.
414 1999 508 2034 Aliud
531 1999 659 2047 quidem
684 2008 729 2034 est
751 1998 854 2033 debita
877 1998 957 2033 iuste
980 2011 1030 2033 re-

279 2061 420 2096 poscere,
442 2049 527 2084 aliud
551 2048 675 2095 propria
699 2048 901 2095 perfectionis
923 2061 1029 2084 amore

277 2108 481 2133 contemnere
514 2101 569 2142 (5).
606 2098 670 2133 Sed
696 2097 876 2132 illicitorum
907 2098 1028 2132 reniam

277 2148 488 2195 postulantem
512 2155 636 2194 oportet
654 2159 671 2182 a
693 2147 801 2182 multis
819 2147 912 2181 etiam
936 2148 1029 2182 licitis

276 2197 447 2239 abstinere,
470 2197 595 2232 dicente
616 2197 781 2244 Apostoloz
809 2196 925 2231 Omnia
953 2197 1028 2231 mihi

277 2246 393 2290 licent,
436 2246 492 2282 sed
530 2259 593 2281 non
639 2247 745 2281 omnia
779 2246 951 2293 expediunt
976 2249 1026 2290 (α).

276 2295 369 2331 Unde
395 2297 419 2331 si
454 2296 618 2343 poenitens
644 2295 739 2330 habet
765 2308 905 2335 causam,
932 2308 1026 2343 quam

277 2346 438 2392 negligere
472 2345 550 2380 forte
577 2357 641 2380 non
671 2345 794 2389 debeat,
821 2344 936 2379 melius
973 2357 1028 2379 ex·-

277 2395 354 2441 pctit
384 2394 647 2436 ecclesiasticum,
674 2407 768 2442 quam
795 2394 919 2429 forense
937 2394 1028 2428 iudi-

275 2456 371 2479 cium.

326 2496 382 2528 1⁶2.
425 2492 568 2535 Qualitas
605 2492 685 2528 lucri
721 2493 936 2540 negotiantem
974 2501 1028 2528 aut

311 2559 350 2595 (Ι)
366 2560 401 2586 52
417 2563 522 2594 quaest.
762 2559 800 2593 (2)
817 2559 862 2585 Dis
866 2563 883 2585 ι
906 2559 931 2585 7
946 2559 1027 2585 Mino

274 2597 314 2621 (les
311 2568 460 2627 peremnis.
502 2594 540 2629 (5)
543 2559 590 2620 2⁹2st
606 2597 709 2628 quaest.
727 2594 753 2620 9.
773 2596 809 2620 De
826 2597 1024 2621 Communium.

275 2631 314 2665 (71)
332 2631 398 2656 Dist.
420 2632 442 2656 ἱ.
461 2631 624 2656 Ροσιιῖίιιιίια
640 2638 707 2662 quac
729 2631 823 2655 (litata.
857 2630 883 2692 (¹3)
875 2631 895 2664 ι’)
914 2630 958 2655 Dis
962 2634 979 2655 t.
1002 2631 1023 2655 l.

274 2668 354 2692 Aliud
373 2668 488 2698 quidem,
510 2673 567 2700 cap.
585 2665 619 2692 65
635 2668 662 2693 et
680 2666 721 2698 1¹,
737 2667 872 2701 quaest.t
879 2685 886 2699 2
903 2673 961 2700 cap.
980 2666 1023 2691 δί.

273 2701 313 2736 (ιι)
329 2701 448 2728 Corinth.
465 2701 492 2727 t).

563 2560 729 2585 .Ancmam.

1745 309 1790 342 45

1086 379 1224 412 excusat,
1248 381 1298 406 aut
1323 373 1432 416 arguit:
1457 373 1528 420 quia
1553 382 1599 407 est
1629 382 1659 407 et
1686 373 1839 410 honestus

1085 430 1234 468 quaestus
1257 430 1286 456 et
1303 423 1403 468 turpis
1419 425 1473 465 (Ι).
1490 422 1712 456 Verumtamen
1732 425 1839 470 poeni-

1086 471 1160 504 tenti
1202 471 1310 505 utilius
1348 479 1394 505 est
1433 472 1525 505 etiam
1563 471 1724 517 dispendia
1763 474 1837 518 pati,

1084 532 1177 566 quam
1225 520 1374 565 periculis
1416 520 1636 567 negotiationis
1668 521 1836 568 obstringi3

1084 570 1156 615 quia
1185 569 1311 603 dillicile
1346 579 1390 603 est
1416 570 1496 603 inter
1522 570 1667 611 ementis,
1697 570 1836 604 renden-

1085 619 1186 664 tisque
1207 619 1434 653 commercium
1460 631 1521 652 non
1550 619 1739 654 intervenire
1767 632 1837 667 pcc-

1084 675 1198 701 catum.

1135 718 1189 749 15.
1213 716 1414 751 Contrarium
1442 724 1490 750 est
1522 716 1653 751 omnino
1683 717 1835 753 ecclesia-

1081 765 1167 799 sticis
1196 766 1323 810 regulis,
1348 774 1416 812 post
1440 766 1652 812 poenitentiae
1679 768 1833 802 actionem

1081 814 1182 849 redire
1205 816 1243 848 ad
1271 815 1413 849 militiam
1432 815 1637 856 saecularenu
1660 827 1731 850 cum
1752 817 1834 862 Apo-

1081 863 1179 897 stolus
1198 863 1290 897 ‹licat:
1313 864 1415 898 Nemo
1438 864 1574 898 militans
1596 864 1675 906 Deo,
1694 865 1834 911 implicet

1080 924 1113 945 se
1142 913 1278 958 negotiis
1305 913 1521 947 saecularibus
1555 916 1608 957 (α).
1645 913 1736 947 Unde
1770 926 1831 949 non

1080 969 1126 995 ost
1150 962 1228 996 liber
1249 962 1397 1008 alaqueis
1420 961 1552 1002 diaboli,
1572 962 1623 1009 qui
1647 975 1681 997 se
1704 962 1833 998 militine

1080 1011 1256 1045 mundanae
1280 1012 1410 1046 voluerit
1439 1011 1599 1057 implicare
1623 1014 1678 1055 (2).

1130 1063 1141 1093 ‘l
1160 1063 1184 1094 l.
1214 1060 1247 1094 In
1271 1060 1482 1096 adolescentia
1512 1061 1713 1101 constitutus7
1730 1061 1754 1095 si
1785 1074 1833 1095 ur-

1077 1117 1171 1155 gente
1205 1118 1257 1144 aut
1284 1118 1369 1144 metu
1405 1110 1529 1150 mortis
1563 1118 1617 1145 aut
1642 1111 1832 1157 captivitatis

1078 1158 1233 1204 periculo
1258 1160 1481 1214 poenitentiam
1506 1160 1619 1205 gessit
1653 1168 1683 1194 et
1721 1168 1828 1207 postea

1077 1208 1191 1242 timens
1229 1209 1351 1255 lapsum
1388 1209 1636 1244 incontinentiae
1672 1209 1830 1253 iuv7enilis

1075 1258 1222 1312 copulam
1249 1259 1355 1292 uxoris
1383 1258 1451 1304 eloy
1433 1259 1497 1301 it,
1542 1271 1581 1293 no
1609 1258 1728 1293 crimen
1766 1259 1830 1293 l'or-

1075 1307 1241 1341 nicationis
1284 1308 1481 1351 incurreret,
1521 1320 1586 1343 rem
1617 1307 1740 1342 ιίιίοῑειι·
1777 1308 1829 1342 se-

1075 1356 1155 1390 cisse
1174 1357 1340 1397 venialem,
1368 1357 1393 1391 si
1419 1365 1540 1404 praeter
1561 1357 1730 1403 coniugem
1754 1358 1828 1392 nul-

1075 1404 1134 1438 lam
1170 1407 1301 1440 omnino
1329 1407 1524 1453 cognoverit.
1560 1406 1595 1441 In
1624 1419 1687 1453 quo
1722 1414 1826 1441 tamen

1074 1467 1136 1488 non
1165 1456 1303 1500 regulam
1327 1456 1562 1499 constituimus,
1589 1457 1643 1490 sed
1676 1455 1751 1502 quid
1788 1456 1826 1490 sit

1074 1503 1271 1539 tolerabilius
1303 1506 1518 1540 aestimamus.
1547 1505 1626 1540 Nam
1649 1504 1826 1539 secundum

1074 1566 1178 1588 veram
1207 1555 1421 1600 cognitionem
1456 1555 1532 1588 nihil
1563 1554 1661 1600 magis
1694 1554 1721 1588 ei
1750 1566 1827 1588 con-

1072 1603 1177 1649 gruit⁷
1219 1604 1272 1650 qui
1309 1603 1537 1650 poenitentiam
1576 1605 1692 1650 gessit,
1729 1616 1825 1651 quam

1073 1653 1199 1687 castitas
1236 1665 1441 1700 perseverans
1475 1661 1506 1688 et
1542 1654 1658 1688 inentis
1685 1660 1716 1687 ct
1750 1665 1828 1688 cor—

1074 1702 1160 1748 poris
1183 1705 1239 1746 (5).

1123 1754 1179 1786 15.
1203 1752 1405 1798 l‘ropositum
1434 1751 1579 1787 monachi
1613 1753 1740 1800 proprio
1775 1766 1827 1788 ar-

1073 1799 1167 1835 bitrio
1200 1810 1252 1836 ant
1288 1803 1447 1836 xoluntate
1482 1809 1687 1848 susceptum
1723 1803 1825 1838 deseri

1073 1862 1134 1883 ιιοιι
1160 1858 1262 1897 potest
1288 1850 1408 1898 absque
1444 1859 1582 1898 peceato.
1619 1851 1713 1892 Ouod
1741 1853 1825 1887 enim

1072 1912 1123 1945 qiu
1117 1912 1142 1933 ,5
1165 1900 1247 1934 νοιιῑ
1268 1896 1348 1940 Deo
1376 1900 1469 1935 debet
1495 1909 1524 1935 et
1558 1900 1701 1935 reddere
1732 1901 1824 1936 Unde

1071 1948 1126 1994 qui
1154 1949 1260 1983 relicta
1289 1949 1515 1996 singula-utatis
1551 1950 1758 1996 professione,
1785 1951 1823 1985 ad

1071 1998 1227 2039 militiam⁷
1255 1998 1303 2033 vel
1338 1998 1377 2033 ad
1412 1999 1538 2046 nuptias
1569 1999 1734 2034 devolutus
1755 2008 1824 2041 est,

1072 2047 1216 2093 publicae
1252 2048 1466 2094 poenitentiae
1500 2048 1714 2084 satisfactione
1747 2062 1825 2095 pur-

1071 2096 1193 2143 gandus
1215 2106 1273 2141 est⁷
1299 2097 1384 2144 quia,
1407 2098 1463 2132 etsi
1492 2098 1643 2132 innocens
1665 2098 1773 2133 militia
1796 2107 1826 2133 et

1071 2146 1239 2181 honestum
1264 2155 1366 2193 potest
1387 2159 1456 2181 esse
1480 2147 1674 2193 coniugium,
1701 2147 1827 2182 electio-

1070 2207 1143 2230 nem
1179 2205 1283 2231 tamen
1318 2196 1484 2231 meliorum
1520 2197 1697 2231 deseruisse
1731 2204 1824 2232 tran-

1070 2245 1192 2292 gressio
1214 2253 1261 2279 est
1288 2248 1344 2289 (4).

1122 2296 1176 2329 16.
1191 2294 1331 2335 Puellae,
1347 2307 1497 2342 quaenon
1513 2303 1639 2330 coactae
1658 2303 1823 2343 parentum

1070 2343 1218 2391 imperio,
1246 2344 1300 2379 sed
1321 2345 1623 2391 spontaneoindicio
1638 2346 1824 2392 virginitatis

1071 2393 1266 2440 propositum
1292 2402 1385 2441 atque
1406 2394 1546 2429 liabitnm
1561 2403 1781 2442 susceperunt,
1796 2408 1822 2430 sn

1070 2451 1178 2490 postea
1217 2443 1344 2490 nuptias
1381 2444 1514 2490 eligunt,
1553 2444 1821 2491 praevaricantur:

1069 2499 1162 2527 etiam
1190 2505 1215 2527 si
1237 2502 1432 2528 consecratio
1461 2505 1523 2528 non
1553 2501 1703 2535 accessit,
1731 2505 1823 2529 cuius

1070 2542 1177 2589 utique
1213 2554 1276 2577 non
1310 2542 1527 2577 fraudarentur
1562 2555 1711 2589 munere,
1737 2543 1763 2578 si
1790 2543 1820 2578 in

1103 2629 1143 2664 (1)
1159 2630 1229 2656 Dist.
1251 2630 1278 2662 5,
1295 2637 1319 2656 c.
1338 2630 1468 2662 Qiuitilns.
1508 2629 1547 2664 (Ξ)
1570 2629 1636 2656 lbid.
1664 2638 1722 2665 cap.
1749 2633 1822 2658 Cou-

1069 2668 1197 2691 [uiritim.
1231 2665 1270 2699 (5)
1287 2666 1320 2691 55
1336 2670 1439 2699 quaest.
1458 2666 1473 2690 5
1490 2670 1516 2691 et
1536 2666 1575 2691 lli.
1591 2666 1619 2691 [ιι
1636 2668 1820 2692 adolescentia.

1066 2700 1105 2736 (Vt)
1121 2700 1155 2728 20
1166 2706 1270 2737 quaest..
1282 2701 1309 2734 5,
1320 2708 1344 2728 c.
1357 2702 1380 2727 1.
1393 2702 1572 2735 Propositum.
1589 2701 1628 2737 ((ι)
1638 2701 1655 2728 2
1665 2701 1780 2730 Timotlt.
1793 2703 1820 2730 2.

1865 331 1918 358 An.
1942 331 1969 359 C.
1998 333 2048 360 443

1908 402 2048 425 Poe-nitentes

1876 439 2032 466 negotiationis

1868 472 1927 495 luera
1949 482 2049 497 uenero

1866 516 1907 530 uon
1927 509 2015 531 debent.

1864 739 1915 761 Post
1931 741 2047 769 put-uiten-

1863 775 1914 796 tiam
1943 775 1969 797 ud
1998 785 2047 797 sue*

1862 811 1959 833 cularem
1989 812 2047 834 mili-

1878 847 1929 868 tiam
1958 848 1995 869 roal
2008 856 2030 870 ro

1861 891 1903 904 non
1926 883 1987 905 licet.

1881 1086 2049 1119 Adolescentw,

1859 1125 1877 1146 si
1895 1128 1943 1151 pust
1968 1125 2046 1152 poeni-

1859 1160 1950 1179 tentiam
1960 1167 1981 1179 se
1992 1168 2045 1181 rnn-

1859 1194 1928 1215 tinere
1947 1202 1988 1215 non
2008 1203 2040 1215 va-

1858 1229 1912 1258 lent,
1946 1233 2041 1259 possunt

1857 1272 1934 1287 uxores
1949 1264 2038 1287 ducere.

1886 1777 2007 1799 Monachus

1876 1814 2015 1842 propositum

1853 1847 1898 1869 des*
1908 1856 1955 1869 roro
1996 1858 2038 1871 uon

1916 1885 1989 1907 dola-i.

1881 2316 1967 2339 Puellae
1986 2326 2035 2347 pro-

1848 2353 1947 2381 positum
1988 2355 2035 2375 iir-

1815 2395 1821 2400 ·
1848 2388 1947 2416 ,finitatis
1991 2397 2032 2411 non

1847 2427 1948 2454 servant,
1968 2425 1984 2445 si
1999 2433 2035 2446 nu-

1847 2459 1908 2481 bant.
