2237 3127
1642 233 1685 265 47

199 305 290 345 ralis
316 304 583 345 sollicitudinis
601 305 846 354 documenta,
866 318 982 358 quam
1006 304 1170 343 Romani
1186 303 1390 343 Pontifices
1409 317 1479 357 pro
1493 305 1736 344 Christianae

198 367 411 420 Religionis
437 367 684 415 defensione,
713 381 755 405 ac
785 381 857 420 pro
882 367 1078 405 commissi
1105 367 1178 405 sibi
1200 366 1384 405 divinitus
1406 367 1575 405 universi
1607 367 1734 418 gregis

197 443 287 468 cura
312 428 538 482 impendere
558 443 760 482 nunquam
779 429 1081 467 intermiserunt.

247 491 333 529 Hoc
348 491 526 543 praesidii
544 504 680 541 genus,
692 491 797 544 quod
812 505 858 528 ex
874 490 1036 542 publicis
1054 490 1249 528 tabulariis
1263 499 1300 528 et
1321 490 1471 528 scriniis
1498 498 1732 528 caeterarum

195 553 396 591 nationum
416 552 625 604 petendum
642 561 734 600 erat,
749 553 1094 590 subministrarunt
1112 552 1206 589 mihi
1226 552 1445 604 scriptores,
1455 561 1492 590 ct
1507 554 1733 604 praesertim

196 614 263 666 qni
284 627 426 664 magno
444 627 607 651 numero
624 613 752 665 elapso
771 613 921 651 saeculo
937 612 1164 660 floruerunt,
1180 622 1294 665 atque
1308 613 1489 650 historiae
1504 622 1587 651 tum
1605 627 1732 651 sarrae

194 689 283 713 cum
300 675 523 728 prophanae
540 674 788 712 illustrandae
809 675 1000 725 egregiam
1023 683 1213 711 navarunt
1233 688 1401 725 operam.
1423 675 1505 712 Diei
1523 675 1626 712 enim
1651 689 1731 713 non

193 745 345 789 potest,
384 750 501 788 quam
536 736 703 787 impigro
735 735 866 774 labore
900 735 1039 772 eruditi
1069 736 1140 773 viri
1171 736 1240 773 hac
1270 745 1391 773 aetate
1419 736 1565 774 forulos
1595 751 1732 776 omnes

194 797 440 835 archivorum
470 805 509 835 et
541 796 862 835 bibliothecarum
901 796 1158 842 revolverint,
1190 806 1233 834 ut
1261 796 1352 834 iude
1382 807 1561 836 eruerent
1589 799 1731 849 bullas,

193 858 423 911 diplomata,
448 858 598 896 chartas
620 867 788 906 veteres,
816 867 854 896 et
878 858 916 895 id
946 872 1068 908 genus
1100 871 1241 905 omne,
1273 857 1379 909 quod
1407 858 1536 896 lumen
1575 859 1733 912 aliquod

192 919 364 958 historiis
384 919 463 957 sive
477 919 731 970 generalibus,
748 920 827 957 sive
852 919 1157 970 particularibus,
1175 933 1271 971 quas
1289 919 1458 969 aggressi
1478 929 1581 968 sunt,
1596 922 1733 960 afferre

191 989 336 1034 posset,
352 990 396 1019 ut
412 980 603 1034 quidquid
625 980 671 1019 ad
689 995 789 1027 rem,
809 995 926 1034 quam
947 981 1174 1028 tractabant,
1191 982 1413 1033 pertineret,
1430 991 1517 1033 apte
1540 983 1618 1021 suis
1639 983 1731 1022 locis

191 1043 418 1082 insererent.
435 1043 588 1081 Horum
609 1052 736 1080 autem
760 1043 948 1081 librorum
966 1043 1164 1093 ingentem
1187 1044 1336 1095 copiam
1358 1045 1619 1097 suppeditavit
1637 1045 1731 1083 mihi

192 1104 438 1143 selectissima
452 1133 462 1152 ,
492 1113 608 1157 atque
628 1105 754 1142 omnis
774 1105 924 1155 generis
951 1104 1138 1142 librorum
1168 1105 1413 1143 refertissima
1438 1106 1671 1145 bibliotheca
1689 1108 1731 1146 il-

192 1167 413 1209 lustrissimi
447 1166 632 1218 praesulis
661 1166 823 1218 Philippi
857 1166 904 1203 de
934 1167 1132 1204 Montibus
1161 1168 1416 1218 protonotarii
1445 1169 1666 1220 apostolici,
1693 1180 1731 1210 et

191 1228 328 1266 Sacrae
348 1228 670 1279 Congregationis
698 1228 744 1266 de
764 1230 1015 1280 propaganda
1048 1228 1141 1266 Fide
1166 1242 1186 1265 a
1216 1230 1396 1277 secretis,
1425 1231 1497 1267 viri
1529 1231 1730 1271 literarum

192 1290 465 1338 amantissimi,
484 1304 527 1328 ac
545 1303 625 1328 non
643 1290 772 1328 minus
791 1304 945 1328 morum
966 1290 1176 1343 probitate,
1197 1304 1313 1343 quam
1338 1290 1513 1330 doctrina
1537 1302 1575 1331 et
1599 1294 1730 1332 erudi-

192 1351 298 1390 tione
326 1352 569 1403 praestantis.

245 1413 460 1466 Equidem,
492 1423 536 1452 ut
564 1427 699 1452 verum
734 1413 872 1462 fatear,
902 1413 1022 1451 facem
1052 1414 1144 1452 mihi
1170 1428 1260 1466 prae
1289 1418 1447 1454 caeteris
1476 1416 1730 1469 scriptoribus

193 1474 459 1527 praetulerunt
486 1488 650 1526 magnus
670 1475 865 1512 annalium
891 1475 1233 1513 ecclesiasticorum
1260 1490 1399 1528 parens
1431 1478 1632 1517 cardinalis
1664 1480 1731 1518 Ba-

193 1537 348 1584 ronius,
381 1536 542 1590 eiusque
571 1538 816 1575 continuator
846 1537 1038 1575 Odoricus
1066 1537 1307 1591 Raynaldus,
1333 1553 1502 1590 quorum
1534 1541 1731 1580 annalium

193 1598 392 1649 ingentem
415 1599 558 1637 molem
585 1598 790 1650 diligenter
809 1599 945 1647 evolvi,
965 1608 1007 1637 ut
1026 1609 1292 1648 monumenta,
1311 1615 1409 1653 quae
1433 1601 1480 1640 ad
1500 1617 1582 1640 rein
1604 1617 1730 1642 meam

193 1659 402 1708 faciebant,
428 1660 519 1699 inde
545 1661 795 1701 extraherem.
819 1661 922 1700 Haec
940 1662 1065 1714 primo
1084 1663 1323 1715 transcripsi,
1339 1677 1381 1701 ac
1397 1665 1540 1714 notavi,
1557 1666 1730 1705 aditurus

191 1721 401 1775 postmodo
430 1722 556 1761 fontes
582 1724 712 1775 ipsos,
737 1723 842 1761 unde
870 1737 912 1761 ea
942 1724 1111 1762 derivata
1140 1737 1223 1762 esse
1257 1724 1506 1777 deprehendi:
1536 1741 1663 1781 neque
1689 1729 1730 1767 id

192 1784 364 1836 quidem,
378 1784 485 1837 quod
503 1784 543 1822 in
558 1793 685 1823 tantae
698 1786 933 1823 auctoritatis
950 1787 1124 1824 virorum
1141 1788 1216 1826 fide
1230 1788 1421 1826 noluerim
1440 1790 1650 1841 quiescere,
1662 1791 1730 1830 sed

192 1846 282 1898 quia
301 1847 460 1884 recitare
486 1855 651 1899 uterque
673 1855 899 1894 contentuS,
920 1847 1113 1901 quidquid
1143 1863 1274 1887 rerum
1305 1859 1499 1900 gestarum
1528 1852 1729 1891 veritatem

192 1908 488 1959 comprobaret,
520 1907 663 1946 referre
693 1908 910 1960 supersedit
945 1919 1197 1949 monumenta
1232 1911 1406 1962 integra,
1439 1925 1608 1964 quorum
1638 1928 1728 1966 pars

193 1982 332 2020 magna
356 1969 510 2007 nonnisi
539 1969 574 2008 S.
597 1971 640 2007 R.
667 1970 707 2008 E.
733 1970 972 2022 perlustratis
997 1971 1181 2020 archivis,
1207 1972 1484 2026 codicibusque
1513 1975 1728 2015 innumeris

194 2043 285 2068 mss.
314 2030 520 2069 Vaticanae
546 2040 584 2069 et
608 2031 876 2070 Vallicellanae
905 2032 1245 2081 bibliothecarum,
1273 2048 1363 2072 suae
1389 2037 1598 2086 integritati
1617 2037 1727 2076 reddi

194 2100 354 2144 poterat.
368 2093 519 2130 Horum
535 2102 663 2131 autem
679 2094 882 2146 praecipue
899 2104 1099 2133 auctorum
1115 2110 1207 2134 usus
1227 2110 1312 2134 sum
1329 2110 1402 2148 ope
1417 2097 1457 2134 in
1473 2099 1728 2149 congerendis

194 2153 494 2205 diplomatibus,
527 2168 625 2208 quae
656 2164 832 2208 spectant
864 2157 910 2195 ad
942 2157 1176 2209 temporale,
1212 2158 1479 2211 directumque
1511 2159 1728 2200 dominium

196 2215 438 2267 Apostolicae
457 2216 565 2255 Sedis
585 2218 624 2254 in
644 2218 920 2269 patrimonium
946 2219 981 2256 S.
1013 2220 1126 2266 Petri,
1145 2220 1185 2257 in
1208 2234 1325 2270 regna
1345 2222 1548 2274 utriusque
1570 2223 1729 2272 Siciliae,

195 2277 404 2325 Sardiniae,
434 2279 627 2326 Corsicae,
645 2288 682 2317 et
703 2280 742 2316 in
760 2281 990 2331 provincias,
1015 2281 1199 2329 civitates,
1218 2291 1255 2319 et
1281 2292 1404 2321 castra
1436 2293 1597 2332 caetera,
1629 2299 1728 2337 quae

196 2347 260 2376 aut
288 2339 407 2390 pietas
432 2339 621 2389 fidelium,
639 2349 705 2379 aut
728 2341 932 2380 liberalitas
958 2343 1179 2395 principum
1206 2344 1451 2396 Apostolicae
1484 2345 1609 2384 eidem
1639 2347 1728 2386 Sedi

195 2410 483 2439 concesserunt.

245 2463 401 2500 Praeter
429 2462 500 2501 hos
531 2463 624 2502 alios
659 2464 868 2504 nonnullos
905 2475 1072 2519 praestat
1101 2481 1301 2508 recensere
1330 2470 1433 2508 viros
1469 2470 1728 2520 clarissimos,

197 2523 338 2576 quibus
358 2537 437 2562 non
457 2525 649 2563 modicam
682 2527 795 2565 huius
828 2528 1063 2566 collectionis
1085 2539 1233 2580 partem
1252 2541 1446 2582 acceptam
1468 2532 1680 2572 referimus.
1697 2535 1727 2572 Ιι

197 2595 391 2624 veiosunt
405 2600 580 2624 summus
596 2588 655 2625 vir
669 2589 861 2627 Antonius
877 2603 906 2626 e
900 2589 1055 2627 udinzli
1048 2605 1078 2628 is
1092 2591 1131 2629 C
1136 2605 1166 2628 ir
1169 2592 1224 2629 afi
1241 2593 1275 2630 S.
1291 2594 1333 2630 R.
1351 2595 1387 2631 E.
1404 2593 1728 2644 bibliothecarius,

198 2652 265 2701 qui
282 2656 370 2699 post
385 2647 608 2698 diligentem
625 2650 814 2689 Codicum
830 2652 1017 2690 vaticano
1021 2666 1108 2717 nni,
1127 2667 1225 2706 quos
1242 2654 1383 2729 laudat,
1396 2657 1728 2709 peiquisitionem‚

301 2709 372 2736 Ball.
393 2709 466 2736 Rom.
487 2709 546 2736 1301
565 2710 784 2737 1.5
1281 2728 1291 2733 .

1800 488 1897 521 Quoad
1915 492 2078 517 exterarum

1764 526 1910 553 nationum
1930 525 2076 564 tabularia,

1765 562 1934 589 documenta
1978 560 2007 589 in
2045 563 2078 590 iis

1765 601 1907 625 asservata
1948 598 2078 631 suppedi-

1765 637 1859 661 tarunt
1908 638 2003 660 sacrae
2046 641 2078 661 ac

1763 670 1926 709 prophanae
1946 667 2077 697 historiae

1763 704 1931 740 scriptores,

1799 1060 1927 1093 Quorum
1974 1060 2077 1094 scripta

1763 1095 1798 1123 cl.
1817 1096 1847 1122 V.
1865 1096 1937 1124 Phil.
1955 1095 1988 1122 de
2000 1095 2077 1122 Mon-

1764 1132 1838 1159 tibus
1866 1132 1979 1167 copiose
2008 1138 2077 1165 sup-

1763 1167 1895 1201 peditavit
1939 1167 2076 1194 ditissima

1762 1203 1939 1231 bibliotheca.

1797 1425 1935 1454 Baronius
1950 1427 2076 1454 cardina-

1761 1461 1794 1489 lis
1809 1463 1837 1489 in
1845 1463 1943 1497 prIniis
1958 1463 2076 1498 eiusque

1762 1498 1940 1526 continuator
1958 1499 2077 1534 Bamal-

1762 1533 1815 1561 dus
1839 1541 1901 1569 mag
1895 1542 1969 1562 nam
1988 1529 2076 1563 d'ocu-

1760 1574 1924 1597 mentorum
1950 1575 2075 1606 segetem

1762 1607 1968 1641 praebuerunt3

1793 2040 1870 2073 Quae
1903 2048 1971 2068 suae
2004 2041 2072 2070 inte-

1756 2076 1848 2111 gritati
1885 2076 1993 2104 reddita
2031 2082 2072 2105 est

1756 2112 1918 2140 adiumento
1932 2113 2070 2140 codmss.

1755 2147 1904 2175 Vaticanae
1937 2152 1964 2175 et
1992 2147 2072 2175 Valli-

1756 2184 1890 2211 cellianae
1907 2183 2069 2212 bibliothec.

1788 2485 1957 2522 Plura2item
1972 2492 2068 2515 excer-

1719 2534 1725 2540 -
1753 2524 1799 2556 pta
1816 2529 1851 2550 ex
1862 2523 1996 2556 operibus
2011 2530 2068 2550 car-

1755 2557 1855 2586 dinalis
1873 2558 1979 2593 Carasa,
