2237 3127
97 308 150 338 An.
177 308 206 338 C.
228 308 279 337 ⁴95

911 316 935 339 S.
964 315 1121 339 GELAStus

359 371 580 418 Evangelium,
603 383 697 420 quern
721 370 841 406 falsavit
855 370 1015 415 Eusicius,
1031 377 1062 405 et

311 420 442 463 Lucius,
465 435 537 469 apg.

357 471 427 506 Lib.
455 471 496 506 de
518 471 648 506 infantia
671 470 855 515 Salvatoris,
877 482 950 517 apg.

358 521 428 556 Lib.
456 521 495 556 de
528 521 687 556 nativitate
721 520 918 564 Salvatoris,
951 527 982 554 et
1021 518 1061 554 de

308 568 405 608 Maria
426 570 476 606 vel
497 571 663 615 obsetrice,
685 583 757 618 apg.

358 620 454 655 Liber
474 620 528 668 qui
551 620 726 668 appellatur
747 619 896 660 Pastoris,
919 630 991 666 apg.

354 670 424 705 Lib.
447 682 570 711 omnes,
593 681 673 716 quos
701 669 774 704 fecit
795 669 933 704 Leucius
965 668 1060 703 disci-

308 720 404 767 pulus
429 719 566 760 Diaboli,
589 731 659 765 apg.

355 770 425 804 Lib.
464 769 518 816 qui
558 767 737 815 appellatur
777 767 1035 802 Fundamentum
1050 794 1057 808 ,

305 831 321 854 a
349 832 378 853 σ.

326 832 423 903 poLib.
446 867 499 915 qui
527 866 704 914 appellatur
734 867 958 910 Thesaurum,
986 878 1056 912 apg.

350 917 421 952 Lib.
457 917 497 951 de
524 916 650 951 filiabus
684 915 771 951 Adae
806 917 922 951 lectum
957 927 1058 962 gene—

301 979 502 1063 seolffibiipssui
530 1015 708 1062 appellatur
729 1014 822 1050 hactu
845 1014 979 1056 Thecle,
1007 1013 1056 1049 vel

300 1066 446 1108 Tholius,
470 1074 500 1101 et
517 1065 608 1100 Pauli
631 1078 695 1112 ap.,
718 1077 791 1112 apg.

347 1117 456 1157 Liber,
481 1116 535 1163 qui
564 1115 742 1163 appellatur
764 1114 911 1161 Nopotis,
932 1126 1005 1162 apg.

1148 316 1157 337 l
1188 315 1234 337 ΙΨ.

1152 369 1214 417 Op.
1239 369 1401 407 Affricani.
1429 382 1501 417 apg.

1152 420 1214 466 Op.
1242 419 1438 453 Postumiani
1468 428 1498 454 et
1520 417 1617 465 Galli,
1635 432 1702 466 apg.

1152 469 1213 517 Op.
1237 468 1390 510 Montani,
1414 469 1574 505 Priscillae
1600 478 1628 505 et
1652 470 1852 511 Maximillae,

1102 531 1173 566 apg.

1150 569 1211 615 Op.
1235 568 1340 603 omnia
1359 567 1467 603 Fausti
1494 568 1664 615 Manichci,
1682 583 1754 618 apg.

1150 618 1213 665 Op.
1236 617 1472 657 Commodiani,
1496 630 1566 665 apg.

1149 668 1211 716 Op.
1235 667 1364 702 alterins
1391 667 1565 703 Clementis
1591 667 1828 705 Alexandrinae
1844 699 1851 711 ,

1100 729 1172 765 apg.

1149 768 1269 814 Opusc.
1292 766 1381 802 Tarsi
1404 766 1559 814 Cipriani,
1583 779 1652 815 apg.

1148 817 1210 864 Op.
1234 817 1368 861 Arnobi,
1387 829 1457 864 apg.

1148 866 1208 913 Op.
1233 867 1360 912 Tigoni,
1383 879 1455 913 apg.

1148 916 1311 963 Opnscula
1334 915 1477 951 Cassiani
1493 915 1558 962 pbri
1575 915 1769 963 Gallearum,
1781 931 1849 966 apg.

1148 966 1209 1012 Op.
1239 966 1390 1000 Victorini
1415 965 1668 1008 Pctabionensis,
1690 980 1760 1015 apg.

1147 1015 1208 1062 Op.
1233 1015 1337 1050 Fausti
1365 1015 1544 1062 chgcnsis
1566 1015 1759 1063 Gallearum,
1782 1031 1841 1065 apg

1147 1065 1209 1112 Op.
1232 1065 1431 1100 Frumentini
1455 1065 1562 1106 Coeci,
1581 1078 1653 1113 apg.

1147 1114 1325 1150 Centonem
1348 1115 1386 1150 de
1414 1115 1487 1162 Xpo
1515 1115 1699 1162 Virgilianis
1726 1129 1852 1165 compa-

345 1166 416 1201 Lib.
453 1165 696 1214 proverbiorum
730 1164 770 1199 ab
796 1164 954 1200 Hereticis
979 1177 1057 1200 con·
1075 1157 1079 1193 i
1097 1164 1239 1211 ginatum
1262 1165 1418 1205 versibus,
1443 1178 1515 1212 apg.

298 1216 447 1264 scriptuS,
470 1224 500 1250 et
526 1215 627 1251 sancti
654 1214 740 1249 Xisti
769 1227 888 1250 nomeu
917 1227 1056 1262 praeno-

299 1274 394 1306 tatus,
417 1278 489 1312 apg.

348 1315 523 1356 Revelatio,
545 1314 597 1362 qui
621 1313 802 1361 appellatur
835 1313 938 1356 Pauli,
962 1326 1032 1362 apg.

346 1365 521 1405 Revelatio,
536 1365 588 1411 qui
612 1364 789 1411 appellatur
803 1364 957 1409 Thomae,
980 1378 1052 1412 apg.

346 1414 522 1458 Revelatio,
537 1414 590 1461 qui
605 1413 782 1461 appellatur
797 1413 964 1460 Stephani,
980 1427 1052 1462 apg.

344 1465 414 1500 Lib.
451 1465 504 1511 qui
533 1464 710 1511 appellatur
750 1463 938 1508 Transitus,
973 1464 1055 1499 idest

296 1514 490 1564 Adsumptio
516 1512 550 1548 S.
578 1513 711 1553 Mariae,
733 1525 806 1560 apg.

345 1565 416 1600 Lib.
451 1563 506 1612 qui
529 1563 707 1611 appellatur
735 1562 916 1611 penetentia
943 1562 1052 1606 Adae,

295 1627 311 1650 a
337 1627 367 1661 g.

315 1627 415 1699 pLib.
436 1661 571 1710 Eugenii
593 1674 610 1697 a
633 1674 719 1697 nom.
739 1661 865 1709 gigante
879 1690 887 1702 ,
910 1662 1052 1709 quicum

294 1713 430 1749 dracone
454 1720 525 1759 post
551 1712 706 1747 diluvium
734 1712 772 1747 ab
808 1713 956 1747 hereticis
987 1726 1053 1760 pu-

294 1773 408 1811 gnasse
430 1762 626 1809 perhibetur,
649 1774 719 1808 apg.

343 1812 452 1853 Liber,
464 1812 519 1860 qui
533 1811 711 1859 appellatur
723 1811 963 1846 Testamentum
979 1812 1051 1853 Job,

295 1875 367 1910 apg.
404 1861 473 1896 Non
511 1861 642 1896 historia
669 1861 751 1896 bean
780 1861 860 1903 Job,
888 1869 935 1896 set
972 1862 1053 1897 alius

297 1912 338 1947 ab
361 1912 511 1947 hereticis
532 1910 728 1946 coucribtus.

345 1962 414 1996 Lib.
437 1962 491 2008 qui
524 1960 702 2008 appellatur
736 1960 946 2007 poenitentiae
983 1961 1052 1997 Ori-

295 2012 397 2059 genis.
425 2023 494 2058 apg.

342 2061 413 2095 Lib.
445 2060 499 2107 qui
522 2059 699 2108 appellatur
720 2059 917 2107 poenitentia
945 2060 978 2096 S.
1002 2061 1051 2097 Ci-

301 2123 415 2159 priani,
434 2123 506 2157 apg.

343 2160 414 2195 Lib.
446 2161 500 2206 qni
530 2159 708 2207 appellatur
729 2159 940 2207 poenitentiae
969 2160 1052 2196 Jam-

298 2222 369 2251 nae,
388 2218 418 2245 et
435 2210 588 2249 Mambre,
609 2222 680 2256 apg.

342 2260 413 2294 Lib.
442 2260 495 2307 qui
519 2259 698 2307 appellatur
719 2258 798 2294 Sors
821 2260 1050 2307 apostolorum,

298 2321 371 2356 apg.

344 2359 413 2394 Lib.
427 2358 481 2407 qui
508 2358 685 2406 appellatur
712 2358 795 2394 Lusa
820 2359 1048 2407 apostolorum,

296 2420 311 2443 a
336 2420 366 2454 g.

316 2421 442 2492 pLiber
463 2457 633 2503 filosogus,
661 2459 714 2507 qui
737 2459 776 2494 ab
799 2459 946 2495 hereticis
971 2473 1050 2496 con-

296 2508 434 2555 scriptus
456 2516 514 2551 est,
530 2516 560 2542 ct
574 2508 654 2543 beati
671 2509 830 2545 Ambrosii
848 2522 933 2545 nom.
950 2523 1049 2558 prae-

296 2558 451 2604 signatus,
480 2570 551 2604 apg.

345 2607 483 2642 Historia
502 2607 619 2642 Eusebi
638 2607 810 2655 Pamphili,
833 2622 904 2658 apg.

344 2656 505 2704 Opuscola
526 2657 713 2700 Tertuliani,
738 2671 812 2707 apg.

344 2706 407 2755 Op.
430 2706 584 2753 Lactanti,
607 2719 679 2756 apg.

1146 1215 1288 1262 Epistola
1310 1215 1383 1249 Jhu.
1408 1215 1444 1249 ad
1466 1214 1651 1261 Abgiarum,
1667 1228 1739 1263 apg.

1146 1264 1223 1311 Epla
1247 1265 1366 1310 Abgari
1394 1265 1432 1299 ad
1458 1264 1545 1308 Jhm,
1568 1276 1639 1312 apg.

1145 1314 1256 1349 Passio
1279 1314 1389 1360 Cirici,
1411 1323 1441 1349 et
1462 1314 1587 1356 Jolitae,
1613 1326 1686 1362 apg.

1145 1364 1234 1399 Pass.
1258 1363 1381 1410 Giorgi,
1404 1377 1474 1412 apg.

1144 1414 1321 1461 Scriptura,
1344 1426 1424 1462 quae
1446 1413 1623 1462 appellatur
1644 1415 1851 1451 contradictio

1095 1463 1288 1504 Salomonis,
1316 1476 1388 1511 apg.

1144 1513 1309 1548 Filacteria
1326 1513 1443 1558 omnia,
1463 1525 1544 1561 quae
1561 1526 1624 1548 non
1640 1514 1849 1562 Angelorum,

1095 1570 1129 1597 ut
1152 1562 1195 1597 illi
1218 1563 1417 1610 confingunt,
1440 1563 1495 1598 sed
1517 1563 1719 1599 Daeinonuin
1749 1565 1849 1612 magis

1094 1621 1160 1647 arte
1187 1613 1364 1660 conscripta
1389 1621 1474 1658 sunt,
1497 1625 1569 1661 apg.

1143 1662 1229 1698 Haec
1252 1672 1282 1698 et
1298 1663 1346 1698 his
1360 1663 1485 1707 similia,
1498 1676 1578 1710 quae
1593 1663 1705 1698 Simon
1722 1664 1847 1710 Magus,

1094 1712 1256 1758 Nigolaus,
1293 1712 1469 1754 Uiriathus,
1497 1713 1650 1757 Marcion,
1672 1713 1847 1757 Baselides,

1093 1762 1222 1805 Ebion,
1251 1763 1370 1797 Paulus
1402 1764 1495 1798 etiam
1529 1771 1559 1798 et
1599 1763 1846 1806 Samosetauus,

1093 1812 1242 1857 Futinus,
1266 1821 1296 1847 et
1316 1813 1474 1857 Bonosus,
1497 1813 1595 1860 etqui
1623 1813 1718 1847 simili
1741 1826 1847 1849 errore

1093 1861 1302 1907 defecerunt,
1337 1863 1506 1898 Montanus
1537 1875 1665 1910 quoque
1687 1875 1758 1898 cnm
1781 1864 1847 1898 suis

1093 1912 1330 1947 obscenissimis
1352 1912 1541 1959 sequacibus
1557 1912 1762 1960 Apolonaris,
1782 1913 1848 1948 Va-

1093 1961 1298 2003 lentinianus,
1313 1962 1379 1997 sive
1394 1962 1591 2004 ManicheuS,
1613 1961 1759 2003 Faustus,
1788 1963 1847 1998 As-

1094 2011 1242 2055 fricanus,
1269 2012 1427 2053 Sabelius,
1456 2012 1580 2054 Arrius,
1606 2012 1846 2059 Machedonius,

1092 2061 1282 2101 Ennomius,
1301 2062 1453 2107 Novatus,
1481 2061 1660 2102 Sabastius,
1684 2062 1841 2102 Celestus,

1092 2110 1247 2155 Donatus,
1260 2112 1442 2153 Eustacius,
1458 2112 1616 2151 Iovianus,
1629 2111 1786 2159 Pelegius,
1798 2112 1844 2147 lu-

1092 2160 1194 2196 lianus
1210 2161 1320 2201 Elanc,
1339 2161 1508 2201 Celestius,
1528 2162 1753 2201 Maximianus,
1771 2162 1844 2197 Psi-

1091 2211 1249 2246 scelianus
1263 2212 1302 2246 ab
1315 2211 1488 2259 Hyspania,
1500 2211 1667 2246 Nestorius
1685 2211 1845 2246 Constan-

1092 2260 1329 2307 tinopolitanus,
1350 2261 1517 2305 Maximus,
1545 2261 1676 2306 Unicus,
1704 2261 1844 2309 Lampe-

1091 2310 1170 2352 cius,
1186 2310 1371 2349 Dioscorus,
1391 2311 1566 2358 Eutychius
1582 2311 1696 2346 Petrus
1715 2320 1746 2346 et
1763 2312 1844 2347 alius

1092 2360 1222 2395 Petrus:
1238 2373 1254 2396 e
1270 2361 1388 2407 quibus
1405 2374 1487 2396 unus
1505 2361 1740 2401 Alexandriam,
1763 2361 1843 2396 alius

1091 2410 1292 2446 Antiochiam
1305 2411 1486 2446 maculavit:
1509 2411 1643 2445 Aeacius
1659 2410 1842 2446 Constanti-

1091 2461 1294 2508 nopolitanus
1303 2473 1374 2496 cum
1383 2459 1583 2496 consortibus
1598 2461 1681 2501 suis;
1698 2473 1756 2495 nec
1777 2473 1839 2496 non

1090 2519 1119 2545 et
1130 2523 1242 2546 omnes
1255 2511 1413 2552 haereses,
1432 2512 1653 2546 haereseorum
1679 2510 1839 2558 discipuli,

1090 2561 1154 2595 sive
1163 2561 1346 2606 scismatici,
1362 2562 1413 2609 qui
1427 2561 1614 2599 docuerunt,
1627 2560 1672 2595 rel
1682 2560 1840 2608 conscrip-

1091 2619 1211 2651 serunt,
1236 2623 1372 2658 quorum
1394 2611 1519 2645 uomina
1543 2610 1674 2645 minime
1694 2619 1841 2645 retenen-

1091 2668 1153 2705 tur,
1172 2673 1234 2696 non
1253 2661 1355 2696 solum
1377 2660 1551 2707 repudiata,
1570 2673 1677 2695 verum
1693 2659 1839 2695 abomini

1092 2722 1230 2753 romana,
1246 2710 1293 2746 vcl
1307 2710 1461 2747 catholica
1476 2718 1506 2746 et
1519 2710 1688 2760 apostolica
1698 2709 1839 2749 Ecclesia
