2237 3127
204 292 252 327 to.
268 289 298 323 c.
315 292 383 322 4052

203 375 233 396 lis
255 379 306 395 vero
333 373 382 391 tun-

203 413 247 432 tum
269 405 382 429 cntionicis

234 442 362 466 conceditur

203 481 238 511 qui
267 476 382 502 Clementis

202 518 221 540 11
238 517 281 538 PP,
303 513 380 543 sepul-

202 554 254 575 chro
307 553 381 574 inser-

202 589 269 611 vium.

201 650 312 679 Privilegii
336 649 380 670 hu-

202 687 233 709 ius
249 686 370 708 roboratio.

230 854 348 877 Annthema

200 895 274 913 eontra
335 890 380 912 eius

199 927 326 949 violatores.

466 295 535 329 6⁶24

416 360 467 407 qui
494 366 612 394 tantum
640 355 815 403 specialiter
841 353 1006 396 excubant7
1030 355 1074 387 vel
1098 354 1157 387 de-

415 406 642 452 serviuntapud
667 405 811 452 praedicti
837 404 1085 450 praedecessoris
1106 416 1157 437 no-

414 459 465 492 stri
499 456 712 503 sepulchrum.
758 454 931 488 Conteutos
966 461 1067 487 tamen
1109 452 1155 486 bis

413 506 569 540 sancimus
590 505 701 539 diebus
731 504 817 546 fore,
853 515 908 537 uec
933 502 1009 536 ultra
1032 514 1046 535 a
1075 515 1155 549 qun-

411 568 503 602 quam
538 563 654 589 temere
682 553 843 597 usurpari,
882 564 919 586 ne
956 552 1056 585 honor
1083 564 1155 597 pro-

411 607 499 651 prius
520 603 706 651 apostolicae
722 603 803 636 sedis
824 601 957 636 vilescat.
982 600 1066 635 Haec
1082 613 1154 634 vero

409 654 512 687 omnia
539 652 714 699 supradicta
747 651 903 685 observari
939 658 968 684 et
1003 650 1150 684 custodiri

409 703 438 736 in
468 711 652 749 perpetuum
687 710 789 735 nostra
827 700 994 747 apostolica
1017 700 1153 734 auctori-

407 759 469 786 tate
491 752 710 789 decernimus,
750 750 974 784 confirmamus
1000 758 1029 783 et
1057 749 1152 783 robo-

407 813 522 835 ramus.
556 801 616 842 Qui
641 812 723 841 vero„
747 799 830 846 quod
858 799 950 842 absit7
974 798 1067 832 huius
1096 812 1153 832 no-

407 850 460 884 stri
489 850 642 897 privilegii
670 849 854 883 temerarius
876 857 1087 893 transgressor
1102 861 1152 882 ex-

408 899 513 939 titerit,
539 900 609 941 Det,
624 907 654 933 et
676 899 873 933 beatissimae
896 898 1023 939 Mariae5
1039 906 1065 931 et
1084 898 1152 932 bea-

407 957 507 983 torum
531 949 614 983 Petri
648 957 677 982 et
705 948 790 982 Pauli
808 975 817 991 7
845 948 1048 993 omniumque
1075 960 1151 981 sau-

407 1006 445 1033 ct<
460 1011 528 1032 rum
556 1002 601 1041 (et
628 1001 748 1033 nostrai
775 1005 899 1031 aeterna
934 996 1151 1031 maledictione

406 1047 621 1087 maledicatur,
649 1056 678 1081 et
701 1047 840 1094 perpetui
861 1046 1066 1080 anathematis
1082 1047 1150 1080 rin-

406 1098 484 1131 culis
507 1097 690 1141 innodetur,
726 1097 782 1130 nisi
811 1096 905 1135 digna
939 1096 1150 1130 satisfactione,

407 1147 593 1194 resipuerit,
620 1155 650 1181 et
675 1146 824 1180 canonice
857 1145 1051 1179 satisfecerit.
1087 1146 1148 1187 Qui

407 1208 478 1230 vero
494 1196 544 1243 pio
566 1196 659 1231 corde
677 1195 771 1230 huius
793 1195 972 1229 observator
994 1195 1148 1241 privilegii

406 1246 554 1284 extiteritq
583 1245 637 1279 Dei
657 1245 893 1292 omnipotentis,
917 1252 945 1278 et
968 1244 1067 1278 almae
1085 1245 1149 1278 Ma-

408 1294 486 1332 riae,
521 1303 551 1329 et
579 1295 737 1329 beatorum
772 1294 985 1340 apostolorum
1014 1294 1096 1328 Petri
1120 1303 1148 1328 et

406 1342 495 1378 Pauli
519 1344 735 1379 benedictione
761 1345 893 1385 ditatus,
921 1344 1037 1377 aeterni
1062 1345 1147 1389 regni

408 1395 562 1440 particeps
583 1394 648 1428 fieri
671 1402 835 1427 mercatur.
860 1393 937 1427 Data
962 1406 1015 1439 per
1037 1406 1149 1428 manus

406 1441 556 1478 Friderici
583 1443 702 1477 diaconi
726 1442 949 1477 bibliothecarii
972 1450 1001 1477 et
1023 1444 1149 1478 eain-cl-

407 1491 473 1526 larii
498 1501 621 1527 sanctae
649 1505 793 1527 romanae
820 1493 991 1527 catholicae
1021 1501 1149 1540 aposto-

408 1541 484 1576 licae
494 1542 666 1581 Ecclesiae,
679 1554 761 1576 anuo
774 1542 949 1576 dominicae
966 1543 1150 1577 incarnatio-

408 1590 456 1625 nis
478 1604 561 1633 iuLtt,
589 1604 671 1626 antio
707 1604 779 1626 vero
802 1592 1000 1639 pontificatus
1029 1592 1149 1627 domini

407 1639 526 1676 Leonis
542 1642 616 1675 noni
640 1653 684 1675 iv.

578 1698 641 1727 Dat..
661 1708 736 1727 anno
759 1698 872 1728 Domini
892 1699 978 1734 1052,

563 1738 664 1778 pontif.
700 1738 804 1768 Leonis
842 1748 918 1768 anno
953 1747 989 1769 tv.

412 1929 564 1964 Concessio
602 1932 693 1975 pallii
734 1932 892 1965 Harnvico
932 1933 1152 1976 Bamberqmisi

458 1982 616 2025 episeopo,
657 1987 682 2013 et
716 1982 930 2015 successoribus
970 1983 1001 2014 ιἰι
1039 1994 1150 2027 perpe-

457 2036 540 2062 tuum
570 2033 631 2072 (A).

672 2099 883 2130 §tantinum

409 2160 488 2195 Quae
523 2170 591 2190 cura
626 2162 720 2199 gregis
749 2162 947 2192 Ecclesiarum
981 2163 1149 2201 pastoribus

449 2200 546 2229 inesse
577 2200 687 2231 debeat.
708 2218 747 2223 —
777 2202 934 2232 Concessio
958 2204 1036 2242 pallii
1065 2203 1151 2233 Bam-

448 2239 568 2277 bergen.
591 2241 736 2279 episcopis
756 2243 789 2271 ad
814 2243 972 2272 missarum
997 2244 1151 2280 solemnia3

448 2296 487 2301 —
509 2280 592 2309 Salvo
614 2286 708 2309 tamen
734 2282 795 2310 iure
827 2283 956 2321 archiep.
979 2283 1150 2321 lloguntini.

447 2335 487 2340 —
503 2319 667 2356 Assignatio
689 2321 813 2354 dierum,
836 2322 943 2360 quibus
966 2324 1006 2352 uti
1026 2323 1151 2353 debeant

449 2359 548 2397 pallio.
573 2376 613 2381 —-
634 2359 698 2389 Dies
725 2362 795 2390 l'esta
820 2361 847 2390 S.
869 2361 1000 2399 Dyonisii
1026 2363 1150 2392 celebris

449 2399 586 2428 statuitur
607 2400 635 2428 in
655 2404 711 2429 tota
743 2401 871 2430 dioecesi
895 2401 1087 2441 Bambergen.
1112 2419 1152 2425 —

449 2438 617 2468 Adhortatio
639 2440 673 2468 atl
690 2439 874 2470 llartwicut‘n.

411 2503 458 2531 Leo
476 2505 614 2541 episcopus
635 2513 728 2535 servus
752 2514 889 2535 servorum
916 2508 978 2541 Dei,
1003 2509 1151 2544 norwico,
1170 2509 1173 2515 “

454 2549 678 2585 Babenbergensis
696 2552 826 2580 Ecclesiae
850 2553 1000 2581 venerabili
1019 2554 1151 2591 episcopo,

454 2596 610 2629 perpetuam
626 2596 654 2623 in
671 2595 778 2625 Domino
797 2597 923 2626 salutem.

448 2654 485 2688 (l)
502 2656 541 2681 Ex
557 2656 629 2684 Actis
643 2658 814 2685 Bollandiauis
831 2667 913 2687 mens.
925 2660 981 2688 iulii
990 2660 1023 2688 ad
1039 2661 1108 2689 diem
1120 2662 1152 2688 tls

413 2690 440 2717 in
456 2690 512 2718 vita
527 2692 555 2719 S.
575 2692 680 2720 Henrici
695 2694 871 2729 imperatoris.

995 299 1093 323 nt'tLA
1099 299 1180 321 tumr
1202 299 1364 321 nmnxml

1247 352 1279 387 Si
1305 360 1444 398 pastores
1470 352 1574 386 ovium
1598 352 1696 387 solem
1720 353 1855 402 geluque
1888 369 1945 401 pro

1197 403 1302 447 gregis
1336 402 1382 436 sui
1419 403 1560 436 custodia
1595 403 1646 437 die
1673 416 1707 438 ac
1741 413 1830 439 noete
1865 405 1945 441 serre

1197 452 1334 485 contenti
1357 459 1446 493 sunt,
1469 460 1498 486 et
1526 460 1576 495 ut,
1606 465 1643 486 ne
1665 465 1727 499 qua
1749 466 1786 488 ex
1817 455 1860 488 eis
1891 463 1945 490 aut

1196 500 1329 535 errando
1349 510 1465 547 pereat7
1499 510 1551 535 aut
1579 501 1686 536 l'erinis
1714 503 1823 538 laniata
1853 517 1944 538 mor—

1195 551 1283 584 sibus
1306 551 1454 596 rapiatur,
1473 551 1572 585 oeulis
1594 564 1718 598 semper
1740 553 1943 599 vigilantibus

1195 601 1471 645 circumspectant,
1507 608 1625 646 quanto
1651 601 1784 642 sudore,
1807 613 1944 649 quanta·-

1195 662 1256 696 que
1291 648 1444 683 debemus
1477 650 1659 696 praevigiles
1686 663 1754 686 esse
1781 651 1942 697 diligentia

1196 712 1274 737 nos,
1307 699 1360 747 qui
1399 707 1539 745 pastores
1573 700 1747 734 animarum
1783 701 1942 736 dicimur?

1194 748 1413 789 Attetnlamus,
1436 758 1464 782 et
1492 758 1672 796 susceptum
1695 750 1831 785 ollicium
1852 752 1943 786 exhi-

1195 798 1266 832 here
1290 810 1362 843 erga
1385 798 1560 832 custodiam
1582 800 1811 834 dominicarum
1835 801 1941 836 ovium

1195 860 1254 881 nou
1281 860 1452 885 cessemus,
1477 860 1515 882 ne
1538 848 1568 882 in
1591 848 1641 882 die
1664 849 1761 883 divini
1785 851 1941 886 examinis

1195 910 1248 943 pro
1271 897 1390 931 desidia
1416 906 1517 931 nostra
1546 907 1616 932 ante
1650 911 1810 933 summum
1835 909 1943 945 pasto-

1194 959 1257 980 rem
1292 947 1503 992 negligentiae
1540 955 1641 981 reatus
1670 961 1726 982 nos
1760 950 1941 994 excruciet,

1193 997 1275 1030 unde
1299 997 1391 1030 modo
1420 996 1548 1031 lionoris
1573 998 1745 1032 reverentia
1771 999 1940 1034 sublimio-

1192 1058 1241 1080 res
1264 1046 1344 1080 inter
1372 1055 1512 1079 caeteros
1535 1046 1723 1081 iudicamur.

1240 1095 1288 1129 Ad
1326 1096 1491 1129 missarum
1529 1096 1631 1143 itaque
1671 1097 1822 1132 solemnia
1849 1098 1940 1134 cele-

1192 1144 1309 1179 branda
1335 1145 1517 1179 fraternitati
1534 1155 1603 1180 tuae
1626 1146 1753 1192 pallium
1775 1149 1940 1183 transmit-

1191 1195 1298 1239 timus7
1321 1195 1406 1241 quod
1425 1195 1676 1230 antecessoribus
1690 1197 1750 1230 tuis
1766 1210 1937 1244 numquam

1190 1253 1261 1277 aute
1289 1258 1495 1288 eoncessum,
1524 1245 1617 1279 modo
1645 1245 1699 1279 tibi
1736 1246 1836 1293 priino
1858 1259 1939 1282 eou-

1190 1294 1332 1328 eedimus
1369 1302 1475 1339 rogatu
1514 1294 1709 1329 dilectissimi
1745 1296 1798 1330 lilii
1838 1297 1937 1332 nostri

1192 1344 1387 1390 imperatoris
1409 1344 1568 1385 lleiurici,
1602 1353 1632 1379 et
1656 1357 1711 1392 pro
1737 1347 1938 1382 veneratione

1189 1395 1399 1428 antecessoris
1434 1394 1476 1427 tui
1507 1394 1574 1439 piae
1609 1395 1778 1429 memoriae
1815 1395 1936 1431 domini

1192 1456 1287 1488 papae
1309 1443 1493 1483 Clementis,
1512 1453 1540 1478 et
1557 1457 1612 1491 pro
1633 1445 1780 1478 memoria
1797 1444 1938 1481 Heinrici

1192 1493 1387 1539 imperatoris
1403 1493 1505 1539 primi,
1522 1493 1675 1539 praefatae
1692 1494 1851 1529 Ecclesiae
1865 1507 1939 1530 con-

1190 1543 1353 1577 structoris
1380 1542 1613 1587 benigfflissiini;
1641 1556 1704 1590 quo
1737 1544 1791 1579 tibi
1823 1552 1870 1579 ter
1904 1546 1937 1580 in

1190 1605 1272 1626 anno
1295 1593 1336 1625 nti
1369 1593 1601 1639 permittimus,
1635 1594 1717 1627 salva
1749 1594 1935 1630 auctoritate

1190 1642 1324 1676 domnae
1347 1642 1606 1689 metropolitanae
1630 1643 1857 1689 Monguntiuae
1875 1644 1937 1679 Ec-

1190 1692 1318 1726 clesiae:
1341 1691 1462 1726 scilicet
1483 1692 1512 1726 in
1536 1692 1587 1727 die
1608 1692 1642 1727 S.
1665 1692 1936 1728 Resurrectionis:

1191 1742 1263 1775 etin
1289 1741 1435 1776 natalitiis
1447 1742 1670 1788 'apostolorum
1687 1742 1772 1777 Petri
1789 1751 1819 1777 et
1833 1743 1936 1778 Pauli:

1190 1800 1219 1826 et
1242 1791 1271 1825 in
1299 1791 1496 1826 solemnitate
1530 1791 1564 1826 S.
1600 1792 1765 1839 Dionysii,
1792 1804 1829 1827 eo
1851 1793 1937 1840 quod

1191 1849 1265 1876 tunc
1284 1841 1514 1876 anniversarius
1531 1841 1598 1876 dies
1620 1842 1796 1877 celebratur
1817 1842 1937 1878 domini

1191 1904 1289 1938 papae
1310 1890 1483 1925 Clementis
1505 1904 1597 1938 supra
1629 1892 1803 1933 memorati,
1836 1892 1937 1928 hanc-

1191 1953 1251 1987 que
1273 1940 1355 1975 diem
1382 1950 1521 1975 sanctam
1548 1941 1719 1988 apostolica
1752 1942 1937 1977 auctoritate

1191 1990 1356 2025 statuimus
1382 1990 1539 2025 celebrem
1562 2003 1631 2026 csse
1654 2003 1709 2039 per
1734 1999 1834 2026 totum
1866 1992 1936 2038 epi-

1191 2049 1371 2086 scopatum;
1393 2040 1484 2075 cuius
1511 2041 1658 2087 quoniam
1684 2041 1861 2076 indumenti
1884 2041 1937 2078 lto-

1192 2102 1249 2124 nor
1264 2090 1415 2124 modestia
1429 2098 1556 2125 actuum
1575 2091 1604 2124 in
1620 2091 1746 2125 veritate
1763 2093 1937 2128 servandus

1191 2148 1249 2178 est,
1276 2139 1448 2180 hortamur,
1472 2148 1504 2174 ut
1526 2140 1552 2174 ei
1576 2153 1698 2175 morum
1726 2148 1852 2175 tuorum
1882 2154 1937 2177 or-

1193 2197 1336 2223 namenta
1381 2190 1585 2231 conveniant;
1621 2198 1776 2237 quatenus
1808 2199 1938 2227 auctore

1191 2238 1270 2279 Deo,
1294 2247 1376 2273 recte
1404 2239 1570 2286 utrobique
1598 2240 1699 2285 possis
1715 2252 1784 2274 esse
1806 2241 1938 2288 conspi-

1191 2300 1279 2323 cuus.
1307 2288 1415 2335 Itaque
1438 2290 1497 2323 vita
1517 2298 1567 2323 tua
1594 2289 1666 2324 siliis
1685 2290 1746 2324 tuis
1764 2290 1804 2324 sit
1819 2290 1936 2336 regula.

1192 2337 1224 2371 In
1254 2338 1319 2384 ipsa
1345 2339 1370 2371 si
1398 2350 1459 2384 qua
1481 2339 1631 2373 tortitudo
1659 2339 1719 2374 illis
1741 2340 1853 2374 iniecta
1876 2348 1935 2385 est,

1192 2386 1363 2433 dirigatur:
1393 2387 1422 2421 iu
1450 2400 1496 2428 ea,
1519 2388 1603 2435 quod
1636 2388 1813 2429 imitentur,
1849 2389 1938 2437 aspi-

1193 2436 1290 2470 ciant:
1316 2437 1346 2470 in
1370 2437 1436 2483 ipsa
1459 2438 1686 2473 consideranda
1713 2450 1840 2485 semper
1864 2451 1938 2486 pro-

1193 2486 1310 2528 ficiant,
1327 2494 1359 2520 ut
1373 2494 1473 2527 tuum,
1491 2496 1559 2533 post
1571 2487 1686 2531 Deum,
1700 2488 1844 2523 videatur
1855 2501 1937 2530 esse,

1192 2536 1275 2583 quod
1299 2535 1378 2570 bene
1404 2536 1547 2571 vixerint.

1241 2584 1305 2619 Cor
1319 2597 1394 2632 ergo
1417 2594 1503 2621 tuum
1532 2599 1634 2634 neque
1660 2599 1829 2635 prospera,
1857 2599 1939 2636 quae,

1193 2635 1406 2682 temporaliter
1431 2635 1645 2676 blandiuntur,
1680 2638 1845 2678 extollant;
1878 2649 1938 2672 ne-

1193 2696 1254 2732 que
1276 2684 1405 2721 adversa
1427 2685 1585 2730 deficiant,
1611 2686 1667 2722 sed
1689 2687 1842 2736 quidquid
1858 2686 1939 2723 illud

1973 274 2012 300 An
2039 272 2068 300 C.
2082 270 2152 301 1053

1970 374 2028 401 Quae
2040 380 2089 395 curn
2102 380 2153 402 gre-

1970 412 2003 439 gis
2032 410 2150 432 Ecclesiu-

1970 453 2016 467 rum
2028 445 2153 476 pastoribus

1970 482 2041 503 inesse
2065 481 2154 505 debut.

1970 1104 2089 1128 Concessio
2106 1104 2156 1134 pnt-

1969 1142 1995 1165 lii
2012 1140 2155 1170 Bambergen·

1971 1178 2084 1209 episcopis
2125 1176 2152 1198 ad

1969 1222 2085 1237 mlSSUKum
2117 1221 2153 1235 80-

1969 1250 2061 1280 lemnio3

1970 1502 2034 1526 Salvo
2081 1505 2154 1524 tamen

1971 1542 2017 1564 inre
2053 1539 2153 1567 archiep.

1969 1575 2103 1607 Mogunttnt.

1969 1665 2155 1696 Assignatiodie-

1969 1710 2028 1733 rum,
2077 1701 2154 1732 quibus

1970 1740 2001 1761 uti
2059 1737 2154 1761 debeant

1969 1775 2045 1805 pallio.

1970 1822 2023 1844 Dies
2046 1820 2102 1842 festa
2130 1820 2153 1842 S.

1970 1857 2071 1887 Dionysii
2090 1855 2154 1878 cele-

1969 1892 2015 1915 bris
2048 1893 2156 1914 statuitur

1972 1930 1994 1952 in
2011 1932 2058 1950 tota
2084 1928 2154 1950 dioe-

1971 1966 2017 1988 cesi
2045 1963 2154 1987 {lamber-

1970 2002 2040 2032 gensi.

1970 2359 2102 2382 Adher-tatio
2127 2359 2154 2382 ad

1969 2396 2115 2418 flat-twinam.
