2237 3127
90 313 142 340 An.
171 314 198 341 C.
221 313 272 341 532

80 1536 131 1563 An.
161 1536 188 1563 C.

212 1537 228 1564 (51

231 1537 246 1563 02

656 313 796 338 IOANNES
823 315 860 345 11,
889 316 914 338 5.
944 315 1112 339 AGArssrus
1139 317 1161 345 1,
1190 317 1214 339 5.
1244 302 1412 340 suffronius
1439 318 1487 340 [ψ.

558 368 740 418 ttJANNES
775 371 803 418 11

577 450 671 480 ΡΑΡΑ
694 451 779 480 LVIII

342 509 433 542 Anno
449 520 539 542 aerae
568 508 682 542 Christi
707 521 814 543 comm.
847 509 1013 542 DXXXII.

301 571 466 654 annties,
493 613 545 660 qui
566 621 596 648 et
616 613 805 652 Mercurius,
840 613 966 647 natione
993 625 1052 647 ro—

301 674 425 701 manus,
453 662 536 696 silius
558 662 706 705 Proiecti,
728 662 766 696 de
794 661 902 696 Caelio
932 661 1051 705 Monte,

300 718 424 745 creatus
456 711 507 745 die
543 713 586 744 12
624 711 813 754 decembris,
847 722 931 744 anno
967 712 1048 744 552.

299 759 390 793 Sedit
408 771 508 794 annos
535 771 572 803 ll,
595 772 720 794 menses
740 771 786 800 iv,
809 759 878 793 dies
901 771 946 799 vl,
969 767 1050 793 tem-

300 808 430 855 poribus
462 808 627 842 Iustiniani
656 808 751 854 Aug„
784 816 814 843 et
848 808 1050 847 Tlieodorici,

299 857 370 892 inde
391 856 543 891 Theodati
573 869 695 903 regum,
723 870 738 891 a
762 857 927 891 consulatu
955 857 1050 891 Iusti-

301 906 385 940 niani
402 905 485 952 Aug.
508 905 551 940 111
568 907 635 940 5100
658 906 777 951 collega
800 906 839 940 ad
858 906 1049 940 Belisariuni

297 954 401 989 solum
427 967 491 989 eos.
517 967 565 989 oc.
592 955 681 989 Fecit
700 955 930 989 ordinationem
954 967 1048 988 uuam

298 1004 552 1050 presbyterorum
594 1004 799 1051 quindecim,
843 1002 1048 1038 diaconorum

298 1064 352 1098 per
378 1053 499 1088 diversa
524 1053 589 1087 loea
609 1054 704 1087 011105
726 1062 755 1087 et
778 1053 897 1099 viginti.
921 1054 954 1086 ln
973 1065 1048 1099 pace

296 1100 414 1136 Christi
442 1102 560 1148 quievit
587 1103 637 1136 die
666 1105 706 1136 ’18
734 1104 840 1146 aprilis
876 1104 960 1145 555,
991 1114 1049 1136 se-

297 1151 466 1197 pultusque
487 1159 534 1185 est
553 1152 582 1185 in
606 1151 736 1186 basilica
753 1152 790 1187 B.
807 1151 904 1186 Petri.
921 1151 1049 1185 Vaeavit

295 1199 387 1234 sedes
408 1200 476 1234 dies
497 1208 632 1247 septem.

501 1321 536 1369 S.
576 1321 797 1370 AGAPETUS
831 1322 845 1369 1

583 1403 677 1432 ΙἈΡΑ
701 1403 757 1432 LIX

349 1464 441 1496 Anno
454 1473 546 1495 aerae
565 1462 681 1495 Christi
694 1474 801 1495 comm.
820 1462 943 1494 DXXX
951 1463 984 1494 V.

298 1525 492 1614 Agapetus,
514 1567 639 1602 natione
670 1579 830 1604 romanus.
859 1567 942 1601 filius
963 1566 1046 1601 Gor-

295 1615 378 1651 diani
402 1616 585 1664 presbyteri,
613 1616 748 1651 clericus
773 1617 811 1651 ad
839 1616 872 1651 S.
896 1616 1045 1651 Ioannem

294 1673 324 1699 et
350 1665 498 1707 Paulum,
525 1666 644 1700 electus
670 1666 721 1700 die
744 1667 791 1699 ⁶26
812 1666 932 1712 aprilis,
959 1665 1045 1699 ordi-

294 1722 387 1749 natur
420 1714 472 1749 die
502 1715 660 1749 dominica
683 1718 703 1749 6
726 1715 812 1759 maii,
843 1727 925 1749 anno
961 1717 1043 1749 555.

294 1762 385 1798 Sedit
407 1764 438 1798 in
463 1764 645 1811 pontificatu
668 1763 727 1798 sub
753 1763 929 1797 Iustiniano
947 1764 1044 1809 Aug,

294 1821 324 1846 et
342 1812 506 1847 Theodato
527 1825 600 1858 rege
617 1824 672 1859 per
685 1812 882 1847 consulatum
898 1813 1041 1846 Belisarii

293 1873 418 1895 menses
439 1874 487 1904 xt,
509 1861 578 1896 dies
601 1874 697 1895 xvm.
720 1861 808 1895 Fecit
830 1861 1044 1895 ordinationes

293 1910 371 1944 duas
392 1910 423 1944 in
446 1910 524 1944 urbe
549 1910 663 1950 Roma,
691 1910 808 1956 quibus
833 1911 948 1944 creavit
975 1910 1044 1943 ‹lia-

293 1971 391 1993 00005
404 1966 550 2006 quatuor,
572 1959 738 2005 episcopos
761 1971 817 2005 per
837 1959 958 1992 diversa
976 1959 1041 1993 loca

294 2008 453 2042 undecim.
490 2008 667 2042 Defunctus
698 2016 745 2041 est
767 2007 1041 2054 Constantinopoli

296 2059 308 2090 ’1
319 2059 339 2091 Ο
364 2056 516 2091 kalendas
530 2057 616 2097 maii,
629 2068 712 2091 anno
728 2058 811 2100 556,
823 2057 914 2091 euius
926 2069 1043 2103 corpus

295 2107 324 2138 in
347 2105 452 2140 loculo
466 2105 617 2152 plumbeo
636 2106 819 2140 translatum
843 2114 888 2140 est
908 2106 1042 2140 Romam

293 2166 394 2200 usque
410 2155 441 2189 in
457 2154 618 2189 basilicam
629 2154 665 2188 B.
681 2154 765 2188 Petri
782 2155 927 2199 apostoli,
938 2154 1042 2201 ibique

291 2203 451 2250 sepultum
476 2206 521 2237 ‘12
543 2203 604 2238 kal.
628 2203 778 2238 octobris.
802 2203 929 2238 Vacavit
950 2204 1042 2238 sedes

290 2252 329 2286 ab
350 2252 420 2287 eius
444 2252 535 2287 obitu
559 2264 649 2287 mens
675 2264 699 2292 Ι,
727 2252 794 2287 (1105
815 2265 886 2287 xm.

290 2381 338 2413 De
363 2380 503 2424 praediis
538 2381 616 2414 iuris
652 2381 810 2415 Ecclesiae
840 2382 926 2415 nullo
953 2382 1042 2415 titulo

536 2430 712 2463 alienandis
739 2433 796 2474 (¹1).

559 2492 774 2524 SUMMARIUM

289 2540 412 2571 Praedia
434 2541 636 2571 ecclesiastica
665 2542 796 2572 alienare
818 2541 940 2572 Patrum
958 2543 1042 2573 insti-

329 2584 391 2610 tuta
408 2585 567 2611 vetant.—
586 2580 784 2612 Custodienda
810 2582 961 2622 synodalia
991 2583 1043 2613 de-

330 2624 419 2649 creta.

322 2668 361 2702 (¹)
383 2668 419 2694 Ex
441 2671 505 2695 tom.
528 2676 544 2694 v
560 2667 661 2696 Concil.

365 2711 442 2741 Bau.
465 2710 543 2741 Rom.
571 2711 624 2742 Vol.
648 2711 671 2742 I.
835 2712 872 2744 19

1728 313 1740 342 i
1752 310 1796 342 45

1180 373 1359 403 Dilectissimo
1376 374 1462 403 fratri
1485 375 1611 404 Caesario
1629 376 1765 411 agapetus

1144 435 1243 470 Tanta
1265 443 1334 477 est,
1356 436 1424 470 Deo
1452 436 1601 483 propitio,
1628 445 1660 471 et
1681 437 1720 472 ad
1743 450 1779 473 ea
1806 439 1846 472 li-

1095 483 1278 520 bentissime
1314 484 1535 527 concedenda,
1578 498 1658 533 quae
1685 487 1846 522 alimoniis

1096 532 1266 577 proficiunt
1287 545 1473 580 pauperum,
1489 543 1519 569 et
1533 534 1617 570 circa
1639 542 1711 571 tuae
1733 536 1845 571 frater-

1095 580 1199 615 nitatis
1224 582 1382 623 asfectum,
1408 590 1512 617 nostra
1535 583 1680 628 devotio,
1703 593 1737 619 ut
1764 597 1845 620 one-

1095 641 1199 663 rosum
1230 630 1321 665 nobis
1348 631 1527 666 nullatenus
1548 644 1617 667 esse
1645 633 1843 672 iudicemus,

1093 678 1176 723 quod
1203 680 1299 713 annui
1323 681 1433 714 vestris
1465 680 1629 716 desideriis
1663 683 1840 728 postulatis.

1092 726 1156 761 Sed
1180 736 1327 763 revocant
1348 741 1404 763 nos
1425 730 1604 764 veneranda
1625 731 1754 765 Patrum
1778 744 1844 767 ma-

1094 775 1293 811 nifestissima
1307 777 1486 819 constituta,
1496 779 1611 825 quibus
1622 780 1841 826 prohibemur,

1094 825 1219 868 praedia
1235 826 1301 860 iure
1315 826 1487 868 Ecclesiae,
1502 828 1552 861 001
1568 840 1625 862 1105
1639 830 1841 876 omnipotens

1092 873 1249 909 Dominus
1273 887 1407 920 przeessc
1429 876 1611 917 constituit,
1634 878 1776 924 quolibet
1798 879 1842 912 ti-

1092 922 1157 956 tulo
1178 923 1217 956 ad
1244 923 1344 957 aliena
1369 925 1433 958 iura
1459 925 1639 959 transferre.
1662 926 1732 967 Qua
1755 928 1787 962 in
1810 940 1843 962 re

1093 979 1211 1006 vestrae
1232 984 1359 1019 qnoque
1381 973 1553 1019 sapientiae
1587 975 1747 1009 credimus
1773 988 1842 1010 esse

1091 1020 1316 1064 gratissimum,
1334 1023 1416 1068 quod
1437 1022 1468 1056 in
1492 1022 1577 1057 nullo
1595 1031 1703 1058 contra
1722 1025 1843 1071 priseae

1092 1069 1286 1104 delinitionis
1317 1072 1499 1114 constituta,
1532 1072 1579 1105 vel
1611 1073 1752 1117 regulas,
1786 1086 1843 1120 pro

1091 1118 1231 1163 qualibet
1251 1120 1429 1159 occasione,
1452 1121 1498 1154 vel
1526 1120 1586 1155 sub
1612 1122 1842 1169 cuiuscumque

1093 1179 1243 1212 personae
1279 1178 1437 1215 respectu,
1464 1170 1569 1204 venire
1597 1171 1839 1216 praesumimus.

1091 1216 1156 1250 Noc
1178 1217 1352 1251 tenacitatis
1379 1218 1496 1258 studio,
1524 1226 1577 1252 aut
1598 1220 1768 1254 saecularis
1784 1221 1842 1254 uti-

1092 1265 1184 1299 litatis
1206 1278 1298 1300 causa
1327 1267 1384 1300 1100
1412 1267 1513 1301 facere
1536 1280 1598 1302 non
1620 1269 1766 1310 credatis,
1783 1269 1840 1304 sed

1090 1313 1189 1348 divini
1212 1315 1466 1350 consideratione
1481 1316 1588 1351 iudicii
1604 1329 1734 1352 neeesse
1749 1318 1841 1353 nobis

1090 1371 1148 1407 est,
1175 1363 1331 1410 quidquid
1365 1372 1470 1399 saneta
1505 1365 1666 1412 synodalis
1700 1367 1841 1402 decrevit

1090 1413 1270 1455 auctoritas,
1297 1413 1518 1448 inviolabiliter
1545 1415 1716 1449 custodire.
1745 1416 1839 1457 Quod

1091 1469 1123 1494 ut
1149 1462 1268 1495 caritati
1304 1469 1375 1496 tuae
1413 1462 1627 1497 indubitanter
1667 1464 1839 1506 elucescat,

1089 1509 1127 1543 atl
1150 1510 1252 1544 locum
1280 1510 1319 1545 de
1341 1511 1401 1545 hoe
1427 1512 1577 1552 articulo,
1599 1525 1637 1546 ex
1658 1514 1840 1549 constitutis

1090 1558 1218 1593 Patrum
1234 1559 1366 1594 fecimus
1382 1560 1531 1599 revelari:
1552 1574 1633 1608 qnae
1654 1574 1726 1597 eum
1753 1575 1841 1608 prae-

1087 1608 1232 1643 sentibus
1255 1609 1371 1655 pariter
1396 1609 1542 1645 affatibus
1569 1610 1657 1645 vobis
1681 1611 1841 1647 credimus

1087 1656 1261 1703 dirigenda.
1288 1658 1376 1693 Deus
1398 1667 1427 1692 te
1450 1659 1642 1694 ineolumem
1669 1660 1837 1701 custodiat,

1088 1706 1182 1740 frater
1215 1708 1387 1741 carissime.
1415 1707 1495 1742 Data
1523 1720 1568 1741 xv
1596 1708 1745 1743 kalendas
1766 1721 1836 1756 aug.

1087 1754 1122 1788 P.
1146 1754 1183 1789 C.
1212 1754 1337 1790 Paulini
1361 1756 1493 1791 iunioris
1515 1757 1551 1790 V.
1576 1756 1613 1791 C.

1140 1811 1201 1841 Dat.
1218 1812 1264 1841 die
1285 1813 1320 1841 18
1343 1813 1460 1850 augusti
1481 1822 1557 1843 anno
1576 1813 1692 1843 Domini
1710 1814 1778 1844 535.

1316 1969 1353 2018 S.
1388 1969 1610 2019 SlLVERlUS

1381 2051 1477 2081 PAPA
1499 2052 1543 2082 LX

1134 2110 1225 2143 Αηηο
1239 2121 1329 2143 aerae
1346 2111 1461 2143 Christi
1473 2122 1580 2144 comm.
1596 2112 1722 2146 DXXX
1730 2113 1782 2146 VI.

1090 2178 1273 2259 Silverins,
1295 2218 1422 2254 natione
1444 2231 1630 2266 campanus,
1647 2220 1730 2255 filius
1752 2221 1838 2256 Hor-

1084 2268 1206 2302 misdae
1235 2268 1376 2315 episcopi
1402 2269 1542 2313 romani,
1568 2281 1606 2304 ex
1636 2270 1836 2315 praecedenti

1085 2317 1223 2363 legitimo
1245 2317 1447 2352 matrimonio
1477 2325 1582 2359 natus,
1604 2318 1769 2354 ordinatus
1790 2327 1838 2354 est

1084 2378 1229 2401 summus
1241 2366 1381 2413 pontifex
1403 2366 1454 2401 die
1468 2366 1628 2402 dominica
1641 2370 1662 2401 8
1676 2368 1752 2402 10011
1769 2369 1836 2415 pri-

1085 2427 1171 2449 mum
1187 2415 1246 2450 sub
1266 2415 1292 2449 vi
1309 2427 1324 2450 a
1339 2415 1502 2451 Theodato
1523 2416 1649 2451 incussa
1671 2416 1767 2460 clero,
1780 2417 1836 2451 sed

1085 2464 1175 2499 cuius
1196 2464 1341 2499 electioni
1354 2465 1559 2511 postmodum
1577 2465 1836 2512 subscripserunt

1085 2513 1271 2560 presbyteri.
1295 2513 1368 2548 Fuit
1381 2513 1440 2548 sub
1461 2513 1729 2560 IustinianoAug.
1745 2514 1838 2549 etVi-

1085 2562 1147 2608 lige
1159 2574 1244 2609 rege,
1253 2575 1279 2598 11
1290 2570 1360 2610 post
1379 2563 1578 2597 consulatum
1587 2562 1731 2598 Belisarii
1742 2575 1837 2608 anno,

1084 2619 1114 2645 et
1148 2618 1256 2657 postea
1282 2624 1347 2646 cos.
1381 2611 1430 2646 Fl.
1463 2611 1582 2646 Ioanne
1607 2612 1677 2646 sine
1699 2612 1831 2657 collega.

1084 2659 1173 2696 Sedit
1211 2672 1311 2708 usque
1351 2663 1390 2695 ad
1425 2672 1568 2696 mensem
1601 2661 1726 2696 iunium
1762 2662 1835 2696 558

1878 319 1898 345 Α
1903 328 1920 346 Π
1962 321 1989 346 (J.
2011 321 2062 347 535

1876 724 1967 746 I’raedia
1989 725 2062 746 recle-

1876 760 1964 781 fflasffiea
2009 761 2062 782 0110Ἴ

1876 803 1927 816 nare
1973 798 2060 818 l'ulruui

1877 831 1975 853 instituta
2026 841 2049 853 w>

1876 870 1931 888 1001.

1911 1319 2056 1341 Custodit-ndu

1872 1354 1983 1383 synodalia
2019 1355 2057 1376 tle*

1875 1394 1943 1411 creta.

1867 2213 1918 2239 An.
1940 2212 1966 2241 C.
2000 2213 2051 2240 2331}
