2237 3127
514 320 584 354 708

561 386 592 420 in
622 385 833 419 immediatam
856 387 991 418 Sanctae
1008 383 1101 418 Sedis
1124 385 1212 431 Apo-

560 434 688 469 stolicae
703 434 929 481 protectionem
946 433 1111 479 recipitur;
1135 445 1211 468 nec-

559 495 622 517 non
650 482 689 517 ab
716 483 801 517 omni
837 482 896 516 alia
931 482 1145 517 iurisdictione
1172 482 1211 517 li-

559 532 669 567 berum
697 531 883 572 declaratur,
911 533 993 565 257.

574 633 827 669 STEPHANUS
854 633 1091 669 SECUNDUS.

461 727 486 762 Ι.
513 727 719 763 Confirmatio
760 727 874 761 iuriun]
905 727 1048 762 omnium
1082 734 1113 761 et
1145 726 1211 761 bo-

558 789 670 811 norum
693 777 730 811 ad
753 776 968 811 vulturnense
984 777 1209 811 monasterium

559 826 780 873 spectantium,
805 828 887 860 259.

450 872 501 916 11.
526 875 678 910 Anselmo
715 875 817 909 abbati
866 874 1045 909 monasterii
1083 874 1211 908 Nouan-

558 925 653 967 tulae,
681 932 862 958 constructo
890 924 929 958 ab
951 923 1087 958 Aistulfo
1115 935 1209 969 rege,

556 973 742 1008 conceditur
772 985 887 1019 corpus
914 972 947 1007 S.
976 972 1140 1011 Silvestri,
1176 981 1209 1006 ut

557 1022 636 1056 illud
665 1023 694 1055 iu
724 1022 877 1056 coenobio
907 1022 1070 1056 recondat:
1100 1033 1209 1055 mona-

558 1072 751 1117 steriumque
779 1071 974 1118 amplissimo
1001 1070 1210 1117 donaturpri-

554 1121 677 1166 vilegio,
701 1122 782 1153 att.

459 1167 513 1204 ῙῙῘ.
535 1169 685 1216 Sequitur
706 1169 857 1215 Stephani
874 1168 897 1202 ll
923 1168 984 1203 ΡΙ).
1009 1168 1207 1215 privilegium

558 1218 779 1252 Nonantulauo
802 1219 990 1252 monasterio
1010 1230 1209 1259 concessum,

558 1279 638 1313 quo,
663 1268 855 1301 contii-:naus
879 1267 968 1300 bonis
990 1267 1138 1300 omuibus
1170 1267 1208 1300 ad

558 1316 638 1350 hunc
666 1317 820 1350 abbatiam
845 1316 1077 1362 spectantibus,
1100 1316 1209 1350 eadem

558 1366 597 1400 ab
619 1367 704 1399 omni
728 1367 956 1412 cuiuscumque
973 1377 1124 1411 personae
1143 1365 1209 1398 iure

559 1423 589 1449 et
612 1422 762 1460 potestate
786 1415 880 1448 libera
909 1414 1095 1456 declaratur,
1124 1415 1207 1448 242.

460 1463 514 1498 IV.
541 1463 748 1498 Confirmatio
773 1463 1006 1510 privilegiorum
1028 1475 1063 1497 ac
1081 1462 1210 1497 liberta-

560 1522 623 1547 tum
641 1513 821 1547 monasterii
836 1512 1001 1546 Fuldeusis
1015 1524 1086 1546 cum
1105 1511 1207 1551 rebus,

558 1562 648 1601 locis,
671 1574 704 1596 :ic
728 1562 910 1596 hominibus
928 1561 966 1595 ad
991 1561 1066 1595 illud
1082 1573 1209 1607 quoquo

561 1611 654 1645 morlo
679 1611 918 1657 pertinentibus,
945 1612 1027 1643 ⁹245.

461 1658 499 1693 V.
522 1659 680 1693 Fuldrailo
715 1660 817 1693 abbati
855 1668 884 1693 et
912 1658 1148 1693 successoribus
1171 1658 1210 1691 li-

559 1710 661 1742 centia
695 1708 879 1742 conceditur
906 1708 1093 1742 monasteria
1115 1707 1209 1741 aedi—

561 1757 671 1791 ficandi
696 1771 724 1790 ιιι
751 1757 897 1795 Francia,
925 1769 1005 1803 quae
1027 1756 1086 1790 sub
1110 1764 1210 1802 prote—

559 1808 663 1841 ctione
693 1817 720 1840 et
751 1806 964 1840 iurisdictione
997 1805 1091 1840 Sedis
1125 1805 1210 1851 Apo-

559 1858 686 1889 stolicac
722 1855 786 1889 l'ore
825 1855 1044 1895 declarantur,
1079 1854 1209 1889 multis-

560 1916 621 1950 que
644 1904 800 1938 donantur
824 1904 1004 1950 privilegiis,
1027 1905 1109 1936 244.

462 1949 515 1987 Vl.
551 1953 645 1986 Aliud
684 1954 879 1999 privilegium
914 1952 1073 1987 Fuldrado
1106 1951 1209 1986 abbati

560 2001 767 2049 Dionysiana,
790 2004 872 2036 245.

620 2104 815 2139 SANCTUS
836 2103 1006 2139 PAULUS
1027 2103 1051 2138 l.

463 2196 488 2232 I.
522 2197 666 2242 Diploma
701 2210 755 2242 pro
793 2198 990 2232 immunitate
1027 2196 1209 2231 monasterii

560 2246 666 2280 Sancti
695 2246 791 2280 Hilari
827 2245 1018 2280 Galiatensis
1052 2246 1111 2280 sub
1146 2245 1213 2280 Ra-

563 2304 693 2329 vennate
720 2295 861 2329 Ecclesia
885 2296 991 2342 positi,
1013 2296 1096 2328 247.

464 2340 506 2379 Π.
532 2343 747 2378 Constitutum
769 2356 823 2378 seu
841 2344 979 2390 diploma
1007 2344 1044 2377 de
1071 2343 1212 2378 Ecclesia

563 2400 592 2426 et
616 2394 828 2436 monasterio,
855 2405 871 2427 a
898 2393 998 2426 Paulo
1014 2392 1076 2426 ΡΙ).
1100 2392 1213 2426 erectis

562 2442 593 2475 in
623 2442 759 2488 paternis
791 2442 921 2475 aedibus
949 2441 1008 2475 sul)
1042 2441 1133 2475 titulo
1162 2441 1211 2475 Ss.

562 2490 715 2537 Stephani
751 2491 853 2537 Papae
889 2498 919 2525 et
954 2491 1118 2537 martyris,
1156 2502 1215 2524 nec

563 2551 627 2573 non
660 2539 802 2573 Silvestri
831 2539 993 2573 pontilicis
1027 2547 1057 2573 et
1089 2539 1215 2573 conses-

565 2588 655 2627 soris,
684 2590 765 2622 248.

467 2636 519 2670 lll.
541 2637 765 2671 Monasterium
806 2636 989 2671 monialium
1021 2635 1071 2671 Ss.
1104 2636 1217 2671 Salva-

565 2686 643 2720 toris
665 2693 695 2720 et
716 2686 811 2721 Iuliae
838 2685 1012 2720 Brixiensis
1034 2686 1072 2720 ab
1098 2685 1218 2732 episco-

1053 328 1243 353 mmmmm!
1269 329 1431 354 ROMANUM

1351 397 1462 431 porum
1490 384 1706 420 iurisdictione
1728 395 1910 434 exemptum
1932 386 2000 422 fore

1350 441 1381 468 et
1407 446 1475 469 esse
1503 434 1689 475 declaratur,
1716 437 1799 470 252.

1369 535 1403 570 S.
1430 535 1681 572 HADRIANUS
1711 537 1881 574 PRIMUS.

1252 627 1275 662 l.
1303 627 1472 676 Deputatio
1495 630 1607 677 prioris
1629 631 1765 666 vestiarii
1787 631 1821 666 S.
1845 632 1883 666 R.
1907 632 1944 667 Ε.
1967 632 2000 668 in

1349 678 1484 713 iudicem
1512 691 1569 725 pro
1592 680 1695 714 causis
1723 682 1905 716 monasterii
1928 681 2002 717 Far-

1350 726 1457 766 sensis,
1484 730 1566 762 254.

1252 774 1290 809 lt.
1335 775 1525 811 Monasterio
1575 776 1780 825 Dionysiano,
1808 779 2002 815 confirmatis
2039 808 2042 811 .

1349 825 1553 860 Summorum
1594 826 1783 862 Pontificum
1814 828 2001 874 privilegiis,

1349 875 1497 922 proprius
1523 876 1709 910 conceditur
1730 876 1838 917 abbas,
1866 879 1949 912 255.

1472 976 1558 1011 LEO
1584 977 1779 1013 TERTIUS.

1251 1068 1274 1103 l.
1301 1069 1521 1104 Cantuariensi
1545 1070 1706 1105 Ecclesiae
1729 1071 1881 1117 primatus
1903 1084 2000 1120 super

1349 1131 1459 1153 omnes
1496 1121 1624 1165 Ati-gline
1652 1121 1746 1155 totius
1768 1121 1929 1156 Ecclesias
1950 1133 2003 1157 re-

1348 1176 1498 1210 stituitur,
1526 1173 1607 1202 257.
1679 1208 1682 1211 Δ

1252 1216 1285 1251 ΙΙ.
1313 1217 1471 1261 Divinam,
1500 1218 1733 1264 humanamque
1761 1219 1934 1254 vindictam
1950 1220 2004 1255 ad-

1351 1278 1458 1300 versus
1498 1277 1685 1312 usurpantes
1727 1268 1808 1302 bona
1861 1277 1893 1303 et
1931 1270 2000 1304 iura

1348 1317 1530 1350 monasterii
1565 1316 1673 1350 Sancti
1701 1316 1792 1350 Pauli
1825 1318 1864 1352 de
1897 1317 2001 1359 Urbe,

1347 1373 1441 1411 atque
1462 1365 1654 1406 alienantes,
1683 1375 1888 1408 contestatur,
1917 1369 2000 1402 258.

1249 1413 1304 1448 llI.
1331 1413 1468 1448 Donatio
1496 1415 1720 1449 nonnullorum
1751 1415 1905 1450 bonorum
1921 1416 2000 1451 sacta

1350 1475 1404 1510 per
1430 1463 1569 1497 Leonem
1598 1463 1661 1497 PP.
1684 1463 1727 1497 Ill
1744 1491 1753 1508 ,
1788 1476 1824 1498 ac
1851 1464 2000 1500 Carolum

1348 1512 1485 1559 primum
1511 1512 1659 1558 Magnum
1688 1513 1908 1560 imperatorem
1932 1526 2002 1549 mo-

1349 1563 1483 1595 nasterio
1505 1562 1611 1596 Sancti
1640 1562 1796 1596 Anastasii
1824 1563 1862 1597 ad
1891 1563 1998 1610 Aquas

1347 1609 1491 1654 Salvias,
1534 1611 1620 1645 unito
1663 1613 1853 1646 monasterio
1891 1611 2000 1647 Sancti

1350 1659 1448 1699 Pauli,
1472 1661 1553 1693 258.

1251 1707 1302 1742 lV.
1329 1707 1531 1754 privilegium
1554 1708 1587 1743 S.
1615 1708 1791 1744 Benedicto
1813 1710 1852 1744 de
1873 1709 1999 1757 Cuper-

1348 1769 1437 1800 sano,
1459 1760 1540 1791 259.

1250 1806 1286 1839 V.
1310 1805 1515 1840 Confirmatio
1538 1806 1751 1841 translationis
1777 1808 1860 1842 sedis
1882 1808 1999 1855 episco-

1349 1855 1427 1901 palis
1460 1855 1702 1902 Ratisponensis
1737 1869 1774 1890 ex
1808 1857 1998 1891 munasterio

1348 1904 1382 1938 S.
1405 1904 1594 1938 Emerammi
1628 1905 1665 1939 ad
1689 1907 1851 1939 ecclesiam
1875 1906 1908 1939 S.
1932 1906 2000 1941 Ste-

1349 1953 1462 2000 phani,
1490 1953 1637 2000 illiusque
1664 1959 1865 1989 omnimodae
1891 1967 2002 1990 exem-

1349 2002 1465 2049 ptionis
1493 2002 1723 2049 promulgatio,
1746 2006 1829 2038 261.

1373 2102 1626 2138 STEPHANUS
1660 2103 1875 2145 QUARTUS.

1252 2195 1275 2229 Ι.
1302 2194 1508 2230 Confirmatio
1536 2197 1675 2230 omnium
1704 2196 1860 2232 honorum
1890 2209 2002 2233 mona-

1349 2245 1434 2278 sterii
1459 2244 1492 2279 S.
1528 2245 1643 2280 Mariae
1668 2246 1791 2281 Farl'en.
1822 2254 1896 2291 etc„
1918 2249 2001 2281 262.

1508 2346 1755 2383 PASCHALIS.

1254 2439 1277 2473 Ι.
1305 2439 1469 2473 Bonorum
1492 2441 1571 2474 sacri
1588 2440 1746 2476 Farfensis
1768 2442 1913 2477 coenobii
1929 2454 2008 2477 con-

1354 2487 1500 2529 firmatio,
1527 2489 1785 2537 olJlationumque
1818 2504 1853 2526 ac
1893 2491 2008 2537 legato-

1355 2549 1423 2571 rum
1448 2538 1632 2573 obeuntium
1655 2541 1831 2580 concessio,
1858 2541 1942 2574 266.

1255 2585 1295 2620 Il.
1335 2586 1539 2633 privilegium
1585 2588 1781 2622 Ravvennati
1821 2589 2008 2630 Ecclesiae,

1358 2648 1420 2681 quo
1457 2637 1616 2682 privilegia
1656 2638 1785 2678 omnia,
1822 2649 1840 2672 a
1871 2638 2008 2673 summis

1355 2684 1563 2719 Pontificibus
1579 2685 1626 2719 vel
1642 2685 1884 2733 imperatoribus
1903 2686 2008 2723 cidem
