2237 3127
1604 288 1679 307 ..⁴²2³

823 326 923 348 mum
945 325 1060 348 RERUM
1584 304 1671 345 Α’685

277 384 416 419 nasterio
438 383 476 419 ab
498 383 608 418 eodem
631 381 786 417 Pontificc
808 382 921 416 erectis
945 382 973 415 in
998 381 1135 427 paternis
1154 380 1284 415 aedibus
1306 379 1363 415 snb
1385 379 1476 414 titulo
1494 378 1544 414 Ss.
1568 377 1719 426 Stephani

276 447 374 480 papae
401 442 430 468 et
453 433 595 481 martyris
623 444 681 467 nec
708 444 769 466 nou
793 431 936 466 Silvestri
961 430 1117 477 pontilicis
1144 438 1174 464 et
1200 431 1400 470 confessoris,
1423 432 1494 464 0248
1516 443 1535 463 α
1557 437 1588 464 et
1608 441 1667 474 seq.

177 482 411 519 Londoniensis
428 483 568 518 Ecclesia
590 482 678 517 hisce
702 480 872 528 privilegiis
888 480 1023 514 donatur
1038 492 1054 514 a
1067 479 1220 526 Gregorio
1239 480 1251 513 I
1270 480 1345 518 PR,
1362 489 1394 514 nt
1416 480 1535 513 scilicet
1549 480 1718 526 episcopus

276 534 344 568 eius
366 546 380 567 a
396 533 517 580 synodo
536 532 660 579 propria
678 531 788 565 debeat
804 530 979 564 consecrari
995 537 1025 563 et
1040 529 1169 563 honoris
1185 529 1312 576 pallium
1328 528 1638 577 accipereaSSede,
1649 531 1660 563 1
1673 531 1717 562 72

276 595 307 623 a,
332 591 364 617 ut
388 583 557 629 primatum
580 581 692 615 habeat
715 593 768 627 per
790 580 1000 619 Britanniam7
1021 581 1096 612 ibid.
1120 580 1148 612 b.

177 631 361 667 Ludovicus
397 632 494 666 abbas
520 631 710 666 monasterio
735 629 928 677 Dionysiana
969 628 1239 662 confirmationem
1275 627 1509 675 privilegiorum
1545 627 1666 663 obtinet
1699 640 1716 663 a

280 682 454 716 Benedicto
475 681 518 715 ΙΠ
544 681 619 721 PP.³
649 683 712 715 501
745 682 762 714 b
785 688 815 714 et
843 680 913 713 50⁹2
939 691 969 711 a.

176 730 352 766 Lusatense
380 731 603 765 monasterium
627 730 857 777 superioritatis
879 729 928 762 ius
951 741 964 761 a
993 727 1109 761 Ioanne
1136 726 1239 760 XVIII
1261 726 1324 760 PP.
1356 727 1385 760 in
1408 727 1476 761 aliis
1509 727 1716 766 monasteriis,

275 793 356 827 quae
383 779 594 815 subiiciuntur
615 780 654 818 ei,
683 791 740 814 nec
764 791 824 812 non
852 777 1122 812 continuationem
1153 776 1319 817 bonorum,
1345 777 1572 823 exemptiones,
1589 777 1717 823 privile-

274 832 386 876 gioque
410 831 504 864 multa
528 829 567 864 al)
588 830 700 863 eodem
726 828 879 862 pontifice
901 827 1032 865 obtinet,
1053 829 1122 860 489
1145 838 1165 859 α
1183 835 1213 859 et
1235 827 1251 859 b
1267 835 1294 859 et
1317 838 1377 870 seq.

175 878 374 914 Luxoviense
397 881 621 913 monasterium
645 892 661 913 a
689 878 889 913 Coluinbano
916 876 1012 911 Scoto
1035 884 1251 910 constructam
1290 875 1486 921 privilegium
1512 875 1716 910 immunitatis

273 937 304 964 et
324 929 536 976 exemptionis
554 928 593 963 ab
611 928 783 975 episcopali
802 927 1021 962 iurisdictione
1045 926 1166 960 obtinet
1183 937 1199 958 a
1213 924 1330 959 Ioanne
1344 924 1386 959 IV
1402 924 1476 965 PR,
1496 926 1562 958 182
1576 926 1593 958 b
1612 933 1714 971 etseq.

925 1030 974 1070 M

174 1117 379 1165 Macedonius
406 1117 625 1153 Antiochenus
648 1117 724 1152 falso
746 1117 805 1152 sibi
829 1118 1031 1164 episcopatus
1058 1129 1171 1151 nomen
1201 1115 1330 1162 affingit,
1355 1117 1424 1150 196
1451 1118 1478 1150 b.
1509 1116 1586 1151 Eius
1607 1116 1716 1152 electio

277 1168 356 1203 sacta
379 1167 418 1202 ab
440 1168 607 1202 haereticis
630 1168 826 1214 improbatur
848 1181 863 1201 a
887 1167 1021 1201 Martino
1040 1167 1052 1201 1
1075 1166 1152 1205 PP.q
1176 1168 1250 1200 ibid.

174 1218 367 1264 Maginarius
379 1217 476 1252 abhas
489 1218 669 1252 monasterii
688 1217 866 1264 Dionysiani
887 1217 1005 1251 ohtinet
1021 1217 1059 1251 ab
1075 1216 1232 1250 Hadriano
1246 1216 1257 1249 l
1270 1214 1333 1249 PP.
1353 1224 1386 1249 ut
1399 1215 1552 1250 coenobio
1567 1228 1623 1250 suo
1639 1228 1716 1250 con-

273 1267 438 1302 firmentur
461 1267 622 1314 privilegia
645 1279 661 1301 a
683 1267 817 1301 summis
844 1266 1052 1301 Pontificibus
1077 1266 1104 1300 ei
1128 1277 1275 1300 concessa
1298 1273 1329 1300 et
1355 1273 1388 1299 ut
1415 1265 1577 1312 proprium
1606 1266 1717 1301 habeat

273 1317 471 1364 episcopum,
494 1320 564 1351 255
590 1319 606 1351 b
633 1325 662 1350 et
683 1329 743 1361 seq.

172 1366 445 1414 Magdeburgense
467 1367 693 1401 monasterium
710 1367 740 1399 in
754 1366 969 1412 episcopatum
997 1365 1127 1411 erigitur
1148 1377 1163 1399 a
1182 1364 1300 1398 Ioanne
1321 1364 1396 1398 XIII
1413 1364 1489 1409 PR,
1512 1367 1582 1399 415
1597 1378 1628 1400 α.
1651 1364 1716 1400 Va-

274 1416 327 1451 riis
350 1416 521 1462 privilegiis
543 1417 678 1451 donatur
700 1415 738 1449 ab
766 1415 876 1449 eodem
900 1415 1064 1454 Ponfifice,
1091 1416 1166 1449 ibid.
1194 1421 1223 1448 et
1245 1416 1272 1447 b.

173 1466 346 1502 Mamertus
372 1466 541 1512 episcopus
575 1465 765 1500 Viennensis
797 1473 880 1499 extra
911 1477 986 1498 suos
1017 1464 1096 1497 lines
1122 1463 1301 1498 Deensibus
1327 1463 1512 1510 episcopum
1539 1463 1603 1508 dat,
1631 1467 1713 1500 856.

273 1515 423 1561 Cognitio
450 1527 562 1550 causae
587 1516 656 1550 eius
678 1514 799 1562 synodo
820 1514 989 1561 quotannis
1007 1512 1207 1548 convocanda
1230 1514 1260 1547 in
1288 1512 1409 1548 Galliae
1437 1514 1607 1560 provinciis
1629 1527 1717 1550 com-

274 1565 418 1602 mittitur,
442 1566 486 1598 84
513 1577 543 1598 α.

173 1615 292 1651 Mariae
328 1614 383 1659 (S.)
410 1614 554 1649 Astensis
581 1613 723 1649 Ecclesia
751 1612 843 1647 bonis
869 1613 1031 1648 nonnullis
1057 1612 1193 1647 donatur
1226 1611 1265 1646 ab
1298 1612 1427 1647 Audace
1455 1613 1607 1660 episcopo
1640 1626 1715 1660 suo,

275 1666 346 1699 290
369 1677 388 1698 a
408 1672 437 1698 et
455 1666 482 1698 b.

173 1714 288 1750 Mariae
310 1714 365 1757 (S.)
392 1712 681 1760 Augustodunense
713 1712 938 1747 monasterium
970 1724 985 1745 a
1007 1710 1212 1746 Brunichilde
1233 1719 1262 1746 et
1284 1711 1484 1746 Theodorico
1512 1724 1585 1758 rege
1613 1712 1714 1759 Siagri

272 1764 414 1810 episcopi
441 1774 534 1809 opera
556 1770 773 1797 constructum
801 1761 877 1806 suit,
907 1764 976 1795 174
998 1764 1026 1796 b.
1055 1761 1158 1796 Variis
1186 1760 1357 1808 privilegiis
1379 1761 1516 1796 donatur
1542 1774 1558 1796 a
1586 1762 1716 1810 Grego-

275 1812 348 1847 riol
371 1812 449 1852 PP..
473 1814 542 1846 175
563 1824 583 1846 a
605 1819 635 1846 et
656 1813 684 1846 b.

172 1862 288 1898 Mariae
315 1861 371 1906 (S.)
394 1861 424 1895 in
447 1860 575 1908 Organo
597 1861 780 1896 Veronense
803 1861 1030 1895 monasterium
1045 1860 1195 1895 obtineta
1210 1858 1340 1905 Pelagio
1361 1859 1425 1894 PP.
1448 1860 1476 1894 II
1490 1860 1712 1897 confirmatio-

270 1924 342 1946 nem
370 1911 527 1946 bonorum
554 1923 695 1951 suorum,
718 1918 752 1945 ut
777 1923 794 1945 a
821 1909 1016 1945 Veronensis
1038 1909 1180 1957 episcopi
1197 1907 1416 1945 iurisdictione
1437 1910 1593 1945 eximatur
1610 1920 1640 1946 et
1655 1913 1712 1947 soli

272 1961 466 2008 Aquileiensi
496 1960 691 2008 patriarchae
717 1960 757 1994 sit
779 1959 969 2002 subiectum,
994 1962 1063 1994 158
1085 1973 1105 1994 a
1126 1968 1157 1994 et
1182 1961 1211 1994 b.

172 2011 287 2046 Mariae
310 2010 367 2054 (S.)
389 2010 427 2045 ad
454 2010 609 2045 Mulianas
631 2010 856 2044 monasterium
881 2010 1036 2044 honorum
1066 2017 1096 2044 et
1119 2009 1356 2056 privilegiorum
1383 2021 1514 2044 suorum
1542 2011 1714 2047 confirma-

274 2060 391 2095 tionem
413 2060 535 2095 obtinet
557 2072 573 2094 a
595 2059 703 2094 Leone
721 2059 779 2103 lx,
803 2062 873 2093 652
901 2073 920 2094 α
947 2068 977 2094 et
1004 2061 1031 2093 b.

172 2110 366 2145 Marinianus
391 2110 650 2157 archiepiscopus
678 2109 930 2144 Ravennatensis
960 2108 1231 2143 confirmationem
1259 2107 1413 2143 honorum
1430 2136 1438 2148 ,
1474 2110 1710 2156 possessionum

271 2168 301 2194 et
324 2159 559 2206 privilegiorum
581 2159 621 2193 ab
645 2159 886 2205 imperatoribus
907 2167 937 2193 et
959 2158 1092 2193 summis
1115 2157 1322 2192 Pontificibus
1344 2158 1502 2193 Ecclesiae
1531 2172 1606 2194 suae
1633 2173 1714 2196 con-

271 2221 446 2253 cessorum,
470 2221 527 2243 nec
548 2221 612 2243 non
636 2208 763 2255 pallium
779 2208 836 2242 sibi
859 2217 889 2243 et
910 2207 1147 2242 successoribus
1170 2207 1235 2241 suis
1257 2206 1378 2242 obtinet
1399 2220 1416 2243 a
1438 2207 1590 2254 Gregorio
1610 2210 1713 2255 1PP.‚

278 2259 347 2292 162
374 2271 394 2292 α
415 2266 444 2292 et
465 2271 524 2304 seq.
552 2257 603 2292 Ab
629 2257 739 2292 eodem
768 2267 873 2292 autem
896 2258 1049 2292 Pontifice
1076 2256 1236 2304 privilegia
1261 2257 1411 2292 nonnulla
1444 2270 1500 2304 pro
1523 2261 1712 2295 monasterio

272 2307 323 2342 Ss.
350 2307 477 2342 Ioannis
493 2316 524 2342 et
545 2307 697 2354 Stephani
721 2307 894 2342 incivitate
916 2306 1027 2342 Classe
1049 2307 1203 2341 dioecesis
1230 2306 1297 2341 eius
1321 2307 1433 2354 posito,
1461 2310 1529 2342 168
1560 2311 1577 2343 b
1599 2317 1629 2344 et
1653 2323 1712 2356 seq.

173 2357 348 2392 Marsicaua
361 2357 505 2392 Ecclesia
527 2357 797 2392 confirmationem
818 2357 974 2392 bonorum
989 2365 1020 2391 et
1040 2356 1200 2404 privilegia
1224 2357 1305 2390 varia
1329 2356 1447 2392 obtinet
1463 2370 1478 2392 a
1492 2357 1654 2405 Stephano
1669 2359 1715 2394 IX

277 2406 354 2448 PP..
382 2408 451 2441 644
480 2409 496 2441 b
523 2414 553 2441 et
573 2419 633 2452 seq.

174 2456 324 2492 Martialis
346 2456 402 2500 (S.)
423 2457 591 2503 episcopus
613 2456 847 2491 Lemovicensis
873 2468 888 2490 a
916 2455 950 2490 S.
978 2455 1072 2490 Petro
1098 2455 1273 2501 baptizatus
1295 2455 1363 2495 fuit,
1392 2458 1462 2491 546
1485 2458 1513 2491 b.
1536 2457 1615 2492 Eius
1634 2458 1712 2493 fides

274 2515 304 2541 et
326 2506 454 2551 merita,
476 2508 551 2540 ibid.
573 2505 679 2548 Quare
701 2506 856 2541 dicendus
886 2517 960 2540 cum
984 2504 1017 2540 S.
1041 2505 1182 2545 Matthia,
1205 2505 1290 2540 Luca
1312 2513 1343 2540 et
1364 2506 1508 2541 Bai-naba
1539 2508 1713 2554 apostolus,

279 2558 347 2591 547
363 2568 392 2590 a.

176 2604 300 2640 Martini
324 2604 380 2648 (S.)
402 2604 599 2640 Turonensis
620 2606 847 2640 monasterium
875 2611 1093 2639 constructum
1127 2604 1167 2639 ab
1196 2604 1308 2639 eodem
1336 2612 1444 2640 sancto
1472 2605 1549 2647 viro,
1571 2613 1602 2641 et
1622 2607 1714 2644 variis

276 2654 457 2702 privilegiis,
476 2655 793 2703 exemptionibusque
815 2654 950 2689 donatur
971 2667 986 2688 a
1008 2654 1151 2689 Deodato
1169 2666 1259 2701 papa,
1281 2656 1352 2689 ⁶208
1370 2667 1390 2689 a
1404 2663 1434 2689 et
1446 2657 1474 2696 b,
1489 2667 1548 2691 nec
1563 2668 1624 2690 non
1641 2659 1712 2692 209

272 2716 294 2739 a
314 2711 346 2739 et
367 2706 395 2738 b.
418 2703 446 2738 Α
468 2703 575 2739 Leone
597 2714 699 2739 autern
724 2704 779 2739 th
802 2704 864 2738 PP.
895 2705 1055 2739 decretum
1090 2704 1211 2738 obtinet
1241 2716 1281 2738 ne
1313 2703 1469 2740 foeminae
1499 2706 1714 2753 ingrediantur

275 2753 353 2788 illud
378 2753 440 2789 nisi
461 2754 611 2790 orationis
633 2767 738 2793 causaq
766 2756 836 2789 588
862 2767 883 2789 a
904 2762 935 2790 et
955 2756 984 2797 b,
1006 2766 1066 2790 nec
1093 2759 1158 2789 non
1181 2755 1250 2789 589
1272 2766 1303 2789 a.
