2237 3127
883 343 983 367 INDEX
1005 342 1122 367 nunniti
1662 329 1734 362 675

238 396 395 433 Asculana
418 398 557 433 Ecclesia
581 411 595 433 a
623 398 731 433 Leone
753 399 798 433 lx
821 399 1093 434 confirmationem
1118 398 1272 433 bonorum
1296 396 1439 432 omnium
1467 396 1505 432 ad
1528 409 1596 432 eam
1622 397 1784 444 pertinen-

338 448 415 482 tium
443 448 576 488 obtinet,
592 450 663 482 618
678 451 705 482 b.
1108 444 1109 447 ¹

237 495 322 531 Atlio
344 497 513 543 episcopus
540 497 743 532 Florentinus
765 498 858 532 donat
880 497 959 531 bona
983 510 1036 531 sua
1061 498 1212 544 episcopo
1234 495 1421 530 Florentino
1442 504 1472 530 et
1495 495 1658 529 canonicis
1680 495 1783 529 cathe-

334 546 430 581 dralis
451 546 546 587 iltius,
570 549 634 581 551
663 549 690 581 b.
712 547 796 581 Haec
820 547 900 581 bona
926 547 1061 593 praesuli
1089 546 1270 580 Florentino
1298 554 1390 592 atque
1417 546 1485 580 eius
1518 544 1688 579 cathedrali
1718 544 1785 579 Ec-

334 596 448 630 clesiae
464 596 690 630 continuantur
716 608 732 630 a
761 596 932 630 Benedicto
959 595 1003 630 lx
1031 595 1106 634 PP„
1135 597 1208 629 ibid.
1232 602 1260 628 ct
1285 607 1343 639 seq.

235 643 359 678 Atticus
386 645 583 691 metropolita
612 645 697 691 Epiri
721 657 793 679 cum
816 645 974 691 episcopis
999 645 1176 691 provinciae
1203 655 1278 677 suae
1305 644 1343 678 de
1367 642 1585 689 indignissima
1612 642 1782 678 afflictione

335 706 428 740 quam
453 695 582 740 pertulit
608 695 812 740 conqueritur
834 694 916 741 apud
939 693 1078 728 Leonem
1103 693 1114 727 I
1138 693 1213 733 PP.‚
1237 695 1277 726 51
1306 705 1336 727 α.

235 742 309 777 Atto
330 743 428 777 abbas
450 742 672 776 Vulturuensis
691 743 810 777 obtinet
833 757 847 777 ει
870 743 1033 789 Stephano
1061 742 1088 776 11
1111 742 1173 776 PP.
1200 742 1473 776 confirmationem
1497 741 1611 775 iurium
1636 741 1779 776 omnium

331 801 362 825 et
386 792 541 825 bonorum
565 792 603 826 ad
626 794 696 826 eius
718 793 945 827 monasterium
968 793 1212 839 spectanttium,
1236 793 1306 825 259
1330 793 1357 824 b.

231 839 346 874 Audax
368 841 536 886 episcopus
559 842 703 875 Asteusis
723 841 801 876 bona
826 842 976 875 nonnulla
998 842 1067 875 eius
1089 840 1329 875 successoribus
1351 848 1381 874 et
1409 839 1571 873 canonicis
1592 839 1782 874 cathedralis

335 889 494 923 Ecclesiae
516 889 549 924 S.
582 889 697 924 Mariae
719 891 863 925 Asterisis
885 891 1001 931 donat,
1029 892 1099 924 290
1121 903 1140 923 α
1168 898 1198 924 et
1217 891 1244 923 b.
1271 889 1356 923 Haec
1382 888 1511 923 donatio
1538 888 1744 922 confirmatur
1764 901 1781 923 a

333 938 446 985 Sergio
473 938 500 972 ll
522 938 585 972 PP.

230 987 429 1034 Augustinus
462 987 638 1033 Anglorum
674 988 845 1035 episcopus
880 988 1001 1023 obtinet
1037 1000 1129 1022 usum
1163 987 1246 1034 pallii
1274 999 1289 1021 a
1324 985 1513 1032 Gregoriol
1541 986 1618 1030 PP.,
1653 988 1720 1020 172
1748 999 1778 1021 α.

331 1036 441 1071 Totius
468 1037 649 1071 Britanniae
672 1037 793 1071 Primas
815 1038 1027 1078 constituitur,
1050 1039 1124 1071 ibid.
1145 1039 1173 1071 b.

230 1086 525 1132 Augustodunense
557 1086 789 1120 xenodochium
823 1099 838 1121 a
873 1088 997 1132 Siagrio
1028 1087 1178 1133 episcopo
1205 1093 1235 1120 et
1265 1084 1472 1120 Brunicbilde
1496 1085 1603 1130 regina
1631 1092 1780 1119 constru-

331 1143 417 1169 ctum
441 1135 510 1179 fuit,
535 1138 604 1169 ¹175
625 1148 655 1169 α.
684 1136 841 1169 Redditur
865 1136 1016 1170 immunis
1042 1148 1058 1170 a
1081 1135 1218 1181 qualibet
1245 1135 1401 1178 molestia,
1430 1135 1456 1168 vi
1485 1142 1557 1178 etc⁸7
1582 1135 1657 1167 ibid.

233 1184 425 1219 Aurelianus
451 1185 620 1231 episcopus
643 1184 837 1219 Arelatensis
862 1186 997 1220 vicarius
1024 1186 1056 1219 S.
1085 1185 1178 1219 Sedis
1204 1185 1233 1218 in
1261 1183 1363 1218 Gallia
1387 1185 1532 1227 mittitur,
1561 1185 1631 1218 152
1653 1196 1683 1218 α.
1705 1183 1779 1218 Pal-

330 1234 405 1268 lium
430 1234 456 1268 ei
485 1231 687 1277 conceditur,'
707 1236 776 1268 155
798 1247 827 1268 a.

230 1282 430 1317 Ausouensis
453 1283 592 1317 Ecclesia
618 1283 784 1328 primatum
807 1283 929 1317 obtinet
942 1295 958 1317 a
974 1282 1090 1317 Ioanne
1106 1282 1179 1316 XIII
1200 1281 1261 1316 ΡΡ.
1276 1294 1371 1328 super
1387 1282 1671 1326 Tarraconensem,
1686 1282 1778 1316 cuius

329 1332 586 1379 archiepiscopus
608 1332 646 1366 ab
669 1333 848 1367 Ausouensi
873 1333 1009 1367 ordinari
1033 1332 1137 1371 (lebet,
1167 1333 1236 1366 425
1266 1333 1295 1375 b,
1318 1332 1388 1365 426
1412 1344 1430 1365 α
1452 1339 1483 1365 et
1509 1333 1537 1365 b.

226 1381 394 1416 Auxanius
415 1381 583 1428 episcopus
607 1382 798 1416 Arelatensis
822 1382 954 1416 vicarius
968 1381 1060 1416 Sedis
1076 1380 1276 1427 Apostolicae
1290 1381 1320 1414 iu
1334 1380 1434 1414 Gallia
1451 1382 1637 1424 destinatur,
1664 1382 1731 1413 149
1748 1382 1775 1414 b.

325 1430 458 1465 Pallium
483 1432 509 1465 ei
532 1432 730 1475 conceditur,
755 1433 824 1466 ι150
846 1445 877 1466 α.
901 1431 1072 1477 Delegatur
1093 1431 1121 1464 ei
1158 1430 1297 1476 cognitio
1332 1441 1445 1464 causae
1479 1429 1663 1464 Praetestati
1700 1430 1776 1476 epi-

328 1480 415 1526 scopi
443 1492 458 1514 a
485 1479 601 1526 vigilio
628 1480 704 1524 PP.⁷
735 1483 795 1515 151
830 1482 858 1514 b.

227 1528 275 1577 Ay
279 1529 408 1564 mardus
430 1507 544 1564 abbasD
552 1530 769 1564 Cluui¹icensis
797 1529 918 1564 obtinet
940 1529 978 1563 ab
1006 1528 1148 1583 Agapeto
1171 1527 1198 1562 tl
1220 1527 1282 1562 PP.
1312 1535 1345 1561 ut
1375 1527 1599 1562 monasterium
1623 1528 1692 1561 eius
1714 1528 1775 1561 sub

324 1578 525 1633 Apostolicae
547 1578 640 1614 Sedis
673 1579 891 1614 iurisdictione
925 1580 1113 1625 recipiatur,
1147 1589 1205 1612 uec
1235 1589 1296 1611 non
1320 1576 1593 1612 confirmationem
1617 1578 1773 1611 bonoiuin

325 1630 468 1662 omnium
509 1639 537 1662 et
566 1630 799 1663 immunitatum
833 1629 901 1663 eius
935 1641 951 1663 a
980 1640 1182 1676 quacumque
1214 1626 1316 1661 laicali
1342 1634 1373 1661 et
1402 1627 1617 1661 ecclesiastica
1644 1627 1775 1660 iuiisdi-

325 1679 443 1718 ctione,
473 1679 542 1712 599
571 1680 588 1712 b
615 1687 646 1732 et
671 1691 731 1723 seq.

223 1725 290 1762 Azo
316 1727 412 1761 abbas
440 1727 615 1761 Sublicin
632 1728 835 1767 lionoruui
860 1727 992 1766 iurium,
1022 1725 1259 1773 privilegiorum
1286 1724 1428 1760 coenobii
1460 1723 1667 1760 sublacensis
1697 1735 1778 1759 cou-

323 1778 535 1811 fiimatiouein
557 1788 574 1811 a
595 1744 726 1811 Nicolao
748 1777 762 1810 1
788 1776 851 1810 PP.
881 1776 1015 1817 obtinet
1044 1777 1113 1810 519
1141 1788 1172 1810 a.

985 1882 1023 1921 Β

221 1966 367 2002 Bacauda
389 1968 559 2015 episcopus
581 1967 776 2003 Formiensis
797 1968 919 2002 obtinet
939 1980 955 2002 a
978 1967 1133 2014 Gregorio
1155 1967 1168 2002 I
1191 1968 1253 2002 PP.
1278 1967 1430 2003 unionem
1454 1967 1614 2003 desotatae
1637 1968 1777 2002 Mintur-

322 2018 439 2052 niensis
459 2018 619 2051 Ecclesiae
635 2017 825 2056 For-intensi,
846 2019 874 2051 iu
899 2030 959 2064 qua
977 2018 1146 2064 requiescit
1168 2030 1285 2064 corpus
1300 2018 1332 2051 S.
1356 2018 1493 2057 Erasini,
1512 2020 1579 2052 159
1596 2020 1624 2058 ὁ,
1656 2022 1719 2052 tob
1744 2032 1773 2051 u.

221 2064 431 2101 Balneolense
453 2068 676 2101 monasterium
700 2067 738 2100 ad
757 2080 865 2113 preces
880 2067 1019 2101 Bouililii
1035 2067 1156 2101 abbatis
1179 2066 1334 2101 bonorum
1350 2079 1482 2101 suorum
1499 2067 1774 2101 confirmationem

321 2128 337 2150 a
365 2115 539 2150 Benedicto
566 2116 637 2150 Vlll
660 2116 722 2150 PP.
750 2117 883 2159 obtinet,
907 2118 976 2150 516
1000 2118 1027 2150 b.
1056 2116 1162 2150 Multis
1186 2116 1357 2163 privilegiis
1384 2124 1413 2151 ct
1447 2116 1708 2163 exemptionibus
1734 2116 1773 2150 ab

320 2165 431 2199 eodeni
449 2165 605 2200 Pontifice
627 2166 775 2207 donatur„
804 2168 873 2200 519
897 2168 925 2203 b,
954 2167 1024 2199 5⁹20
1047 2178 1077 2199 a.

220 2213 467 2260 Bambergensis
489 2215 631 2249 Ecclesia
659 2228 673 2248 a
696 2214 810 2249 Ioanni.¹
835 2214 936 2249 XVIII
964 2215 1026 2248 Pi).
1057 2214 1329 2249 confirmationem
1353 2214 1522 2249 erectionis
1544 2214 1612 2249 eius
1640 2214 1671 2248 in
1702 2214 1774 2261 epi-

321 2272 483 2310 scopatum
508 2264 611 2304 babet,
638 2266 705 2298 ι188
729 2277 758 2298 α.
782 2264 1018 2299 Conlirinuntur
1039 2276 1166 2310 quoque
1185 2264 1212 2298 ei
1237 2264 1317 2298 bona
1340 2272 1368 2298 et
1396 2264 1626 2310 exemptiones,
1654 2265 1730 2298 ibid.
1745 2266 1773 2298 b.

221 2311 407 2359 Baptismus
442 2313 610 2359 bigamiam
640 2326 701 2347 non
730 2314 817 2357 eluit7
848 2316 894 2347 48
922 2315 949 2347 b.
974 2313 1045 2354 Quo
1074 2322 1216 2359 tempore
1238 2312 1373 2353 dandus,
1397 2314 1444 2346 64
1470 2326 1501 2353 α,
1527 2315 1596 2348 104
1618 2325 1647 2347 α.
1672 2312 1706 2346 In
1735 2325 1773 2347 eo

319 2362 497 2409 symbolum
529 2363 738 2406 recitandum,
763 2366 808 2397 70
835 2365 861 2397 b.
892 2363 945 2396 Bis
979 2362 1054 2396 illud
1086 2362 1248 2409 suscipere
1280 2362 1404 2396 facinus
1438 2362 1646 2409 inexpiabile,
1676 2365 1721 2396 74
1745 2364 1772 2396 b.

321 2411 403 2446 Cum
427 2411 626 2458 rebaptizatis
654 2412 814 2459 quomodo
841 2411 1011 2457 agendum,
1034 2413 1080 2446 92
1103 2413 1131 2445 b.

220 2459 386 2495 Batliildes
407 2460 601 2496 Francorum
625 2463 733 2507 regina
757 2461 950 2496 Corbeicuse
979 2460 1202 2495 monasterium
1229 2460 1348 2500 fundat,
1378 2461 1450 2494 296
1472 2462 1500 2494 b.

222 2509 308 2545 Bazo
337 2510 506 2557 episcopus
527 2511 709 2545 'l‘arvisinus
732 2511 811 2545 bona
839 2510 990 2545 nonnulla
1017 2514 1114 2544 (tonat
1128 2510 1319 2544 monasterio
1347 2510 1381 2545 S.
1410 2510 1525 2545 Mariae
1548 2509 1587 2544 ad
1602 2509 1771 2551 biblianus,

324 2561 393 2593 6)2
418 2561 446 2593 b.
1075 2565 1089 2577 ⁶

221 2607 414 2643 Benedictus
432 2609 603 2663 episcopus
630 2609 815 2643 Portuensis
837 2621 852 2643 a
871 2607 1043 2642 Benedicto
1064 2607 1135 2642 VIII
1151 2607 1214 2642 PP.
1237 2607 1359 2643 obtinet
1381 2608 1653 2643 confirmationem
1676 2607 1773 2642 bono-

323 2670 391 2692 rum
415 2667 444 2692 ct
469 2671 584 2692 iuiiuiu
613 2660 753 2692 oninium
778 2658 913 2692 cuttidi.
918 2657 966 2690 ilis
990 2657 1014 2690 l]
1019 2657 1151 2691 cclczsiie
1173 2669 1259 2692 suac
1284 2660 1353 2692 527
1376 2659 1393 2692 b
1416 2666 1443 2691 et
1468 2670 1527 2702 seq.

222 2705 418 2741 Benedictus
444 2708 512 2750 (S.)
542 2707 681 2752 rtguliui
705 2721 762 2754 pro
793 2708 956 2741 monacbis
977 2707 1096 2742 scribit
1119 2708 1190 2740 25ss
1213 2708 1241 2741 b.
1266 2706 1491 2742 Moua·clioiuui
1525 2707 1588 2740 dux
1618 2714 1648 2740 et
1683 2714 1772 2763 pater

321 2755 510 2792 declar-..itui
531 2753 601 2792 589
624 2759 652 2792 b.
