<?xml version="1.0" encoding="UTF-8"?>
<!DOCTYPE html PUBLIC "-//W3C//DTD XHTML 1.0 Transitional//EN"
    "http://www.w3.org/TR/xhtml1/DTD/xhtml1-transitional.dtd">
<html xmlns="http://www.w3.org/1999/xhtml" xml:lang="en" lang="en">
 <head>
  <title>
</title>
<meta http-equiv="Content-Type" content="text/html;charset=utf-8" />
  <meta name='ocr-system' content='tesseract 3.04.00' />
  <meta name='ocr-capabilities' content='ocr_page ocr_carea ocr_par ocr_line ocrx_word'/>
</head>
<body>
  <div class='ocr_page' id='page_1' title='image "./bullarumdiplomat01cath_0509.png"; bbox 0 0 2237 3127; ppageno 0'>
   <div class='ocr_carea' id='block_1_1' title="bbox 90 302 2071 359">
    <p class='ocr_par' dir='ltr' id='par_1_1' title="bbox 90 302 2071 359">
     <span class='ocr_line' id='line_1_1' title="bbox 90 302 2071 359; baseline 0.015 -30"><span class='ocrx_word' id='word_1_1' title='bbox 90 303 141 330; x_wconf 77' lang='lat' dir='ltr'>An.</span> <span class='ocrx_word' id='word_1_2' title='bbox 162 302 191 331; x_wconf 86' lang='lat' dir='ltr'>C.</span> <span class='ocrx_word' id='word_1_3' title='bbox 210 302 278 332; x_wconf 70' lang='lat'>¹002</span> <span class='ocrx_word' id='word_1_4' title='bbox 1882 331 1932 357; x_wconf 76' lang='lat' dir='ltr'>An.</span> <span class='ocrx_word' id='word_1_5' title='bbox 1950 331 1979 357; x_wconf 89' lang='lat' dir='ltr'>C.</span> <span class='ocrx_word' id='word_1_6' title='bbox 2003 331 2071 359; x_wconf 80' lang='lat'>1002</span> 
     </span>
    </p>
   </div>
   <div class='ocr_carea' id='block_1_2' title="bbox 1734 341 1807 376">
    <p class='ocr_par' dir='ltr' id='par_1_2' title="bbox 1734 341 1807 376">
     <span class='ocr_line' id='line_1_2' title="bbox 1734 341 1807 376; baseline 0.014 -1"><span class='ocrx_word' id='word_1_7' title='bbox 1734 341 1807 376; x_wconf 77' lang='lat'>483</span> 
     </span>
    </p>
   </div>
   <div class='ocr_carea' id='block_1_3' title="bbox 85 397 2066 748">
    <p class='ocr_par' dir='ltr' id='par_1_3' title="bbox 305 397 1856 498">
     <span class='ocr_line' id='line_1_3' title="bbox 305 397 1856 450; baseline 0.006 -17"><span class='ocrx_word' id='word_1_8' title='bbox 305 397 381 433; x_wconf 86' lang='lat' dir='ltr'>dicti</span> <span class='ocrx_word' id='word_1_9' title='bbox 404 400 603 446; x_wconf 83' lang='lat' dir='ltr'>monasterii,</span> <span class='ocrx_word' id='word_1_10' title='bbox 638 409 668 436; x_wconf 88' lang='lat' dir='ltr'>et</span> <span class='ocrx_word' id='word_1_11' title='bbox 703 401 815 436; x_wconf 86' lang='lat' dir='ltr'>usibus</span> <span class='ocrx_word' id='word_1_12' title='bbox 854 401 1001 437; x_wconf 83' lang='lat' dir='ltr'>abbatum</span> <span class='ocrx_word' id='word_1_13' title='bbox 1030 411 1060 437; x_wconf 89' lang='lat' dir='ltr'>et</span> <span class='ocrx_word' id='word_1_14' title='bbox 1100 416 1208 450; x_wconf 80' lang='lat' dir='ltr'>gressu</span> <span class='ocrx_word' id='word_1_15' title='bbox 1242 404 1404 440; x_wconf 79' lang='lat' dir='ltr'>Ecclesiae</span> <span class='ocrx_word' id='word_1_16' title='bbox 1438 406 1560 442; x_wconf 78' lang='lat' dir='ltr'>noverit</span> <span class='ocrx_word' id='word_1_17' title='bbox 1583 418 1617 441; x_wconf 89' lang='lat' dir='ltr'>se</span> <span class='ocrx_word' id='word_1_18' title='bbox 1639 418 1709 442; x_wconf 82' lang='lat' dir='ltr'>esse</span> <span class='ocrx_word' id='word_1_19' title='bbox 1732 407 1856 443; x_wconf 87' lang='lat' dir='ltr'>disiun-</span> 
     </span>
     <span class='ocr_line' id='line_1_4' title="bbox 305 450 1196 498; baseline 0.01 -19"><span class='ocrx_word' id='word_1_20' title='bbox 305 450 532 485; x_wconf 87' lang='lat' dir='ltr'>monacborum</span> <span class='ocrx_word' id='word_1_21' title='bbox 557 451 616 485; x_wconf 88' lang='lat' dir='ltr'>sub</span> <span class='ocrx_word' id='word_1_22' title='bbox 644 453 748 497; x_wconf 73' lang='lat' dir='ltr'>regula</span> <span class='ocrx_word' id='word_1_23' title='bbox 773 452 868 498; x_wconf 82' lang='lat' dir='ltr'>patris</span> <span class='ocrx_word' id='word_1_24' title='bbox 894 451 1056 486; x_wconf 76' lang='lat' dir='ltr'>Benedicti</span> <span class='ocrx_word' id='word_1_25' title='bbox 1100 463 1196 488; x_wconf 87' lang='lat' dir='ltr'>ctum.</span> 
     </span>
    </p>

    <p class='ocr_par' dir='ltr' id='par_1_4' title="bbox 304 496 1850 597">
     <span class='ocr_line' id='line_1_5' title="bbox 305 496 1849 552; baseline 0.006 -22"><span class='ocrx_word' id='word_1_26' title='bbox 305 496 346 531; x_wconf 90' lang='lat' dir='ltr'>ibi</span> <span class='ocrx_word' id='word_1_27' title='bbox 370 497 436 532; x_wconf 88' lang='lat' dir='ltr'>Deo</span> <span class='ocrx_word' id='word_1_28' title='bbox 460 502 673 540; x_wconf 69' lang='lat' dir='ltr'>militantium,</span> <span class='ocrx_word' id='word_1_29' title='bbox 697 502 843 535; x_wconf 74' lang='lat' dir='ltr'>volumus</span> <span class='ocrx_word' id='word_1_30' title='bbox 865 510 957 547; x_wconf 85' lang='lat' dir='ltr'>atque</span> <span class='ocrx_word' id='word_1_31' title='bbox 975 514 1057 547; x_wconf 88' lang='lat' dir='ltr'>prae-</span> <span class='ocrx_word' id='word_1_32' title='bbox 1148 503 1215 537; x_wconf 88' lang='lat' dir='ltr'>Hoc</span> <span class='ocrx_word' id='word_1_33' title='bbox 1237 516 1363 551; x_wconf 87' lang='lat' dir='ltr'>quoque</span> <span class='ocrx_word' id='word_1_34' title='bbox 1385 504 1521 550; x_wconf 87' lang='lat' dir='ltr'>capitulo</span> <span class='ocrx_word' id='word_1_35' title='bbox 1545 506 1698 552; x_wconf 79' lang='lat' dir='ltr'>praesenti</span> <span class='ocrx_word' id='word_1_36' title='bbox 1715 506 1849 541; x_wconf 91' lang='lat' dir='ltr'>subiun-</span> 
     </span>
     <span class='ocr_line' id='line_1_6' title="bbox 304 547 1850 597; baseline 0.007 -18"><span class='ocrx_word' id='word_1_37' title='bbox 304 547 440 593; x_wconf 90' lang='lat' dir='ltr'>cipimus</span> <span class='ocrx_word' id='word_1_38' title='bbox 459 550 628 596; x_wconf 68' lang='lat' dir='ltr'>possideri3</span> <span class='ocrx_word' id='word_1_39' title='bbox 652 562 686 584; x_wconf 86' lang='lat' dir='ltr'>ea</span> <span class='ocrx_word' id='word_1_40' title='bbox 702 550 843 583; x_wconf 69' lang='lat' dir='ltr'>vida-licet</span> <span class='ocrx_word' id='word_1_41' title='bbox 862 551 1054 589; x_wconf 73' lang='lat' dir='ltr'>conditione,</span> <span class='ocrx_word' id='word_1_42' title='bbox 1097 553 1219 597; x_wconf 74' lang='lat' dir='ltr'>gimus,</span> <span class='ocrx_word' id='word_1_43' title='bbox 1255 562 1288 587; x_wconf 86' lang='lat' dir='ltr'>ut</span> <span class='ocrx_word' id='word_1_44' title='bbox 1312 554 1413 587; x_wconf 81' lang='lat' dir='ltr'>locum</span> <span class='ocrx_word' id='word_1_45' title='bbox 1448 555 1594 589; x_wconf 88' lang='lat' dir='ltr'>avaritiae</span> <span class='ocrx_word' id='word_1_46' title='bbox 1628 555 1850 595; x_wconf 76' lang='lat' dir='ltr'>secludamus,</span> 
     </span>
    </p>

    <p class='ocr_par' dir='ltr' id='par_1_5' title="bbox 85 596 2066 748">
     <span class='ocr_line' id='line_1_7' title="bbox 87 596 2066 653; baseline 0.007 -25"><span class='ocrx_word' id='word_1_47' title='bbox 87 634 135 648; x_wconf 64' lang='lat' dir='ltr'>mm</span> <span class='ocrx_word' id='word_1_48' title='bbox 155 626 274 650; x_wconf 39' lang='lat' dir='ltr'>abeodem</span> <span class='ocrx_word' id='word_1_49' title='bbox 304 603 337 629; x_wconf 85' lang='lat' dir='ltr'>ut</span> <span class='ocrx_word' id='word_1_50' title='bbox 360 596 467 633; x_wconf 84' lang='lat' dir='ltr'>nullus</span> <span class='ocrx_word' id='word_1_51' title='bbox 493 611 711 634; x_wconf 75' lang='lat' dir='ltr'>successorum</span> <span class='ocrx_word' id='word_1_52' title='bbox 737 607 914 633; x_wconf 87' lang='lat' dir='ltr'>nostrorum</span> <span class='ocrx_word' id='word_1_53' title='bbox 950 601 1056 646; x_wconf 86' lang='lat' dir='ltr'>ponti·</span> <span class='ocrx_word' id='word_1_54' title='bbox 1099 602 1173 635; x_wconf 85' lang='lat' dir='ltr'>nulli</span> <span class='ocrx_word' id='word_1_55' title='bbox 1205 615 1340 648; x_wconf 86' lang='lat' dir='ltr'>nuquam</span> <span class='ocrx_word' id='word_1_56' title='bbox 1380 603 1470 637; x_wconf 79' lang='lat' dir='ltr'>liceat</span> <span class='ocrx_word' id='word_1_57' title='bbox 1510 603 1549 638; x_wconf 88' lang='lat' dir='ltr'>de</span> <span class='ocrx_word' id='word_1_58' title='bbox 1583 604 1734 649; x_wconf 66' lang='lat' dir='ltr'>regibus,</span> <span class='ocrx_word' id='word_1_59' title='bbox 1776 605 1852 640; x_wconf 90' lang='lat' dir='ltr'>nulli</span> <span class='ocrx_word' id='word_1_60' title='bbox 1897 599 2015 652; x_wconf 51' lang='lat' dir='ltr'>,ffffilhm</span> <span class='ocrx_word' id='word_1_61' title='bbox 2043 639 2066 653; x_wconf 61' lang='grc' dir='ltr'>,ο</span> 
     </span>
     <span class='ocr_line' id='line_1_8' title="bbox 88 637 2051 700; baseline 0.006 -23"><span class='ocrx_word' id='word_1_62' title='bbox 88 662 186 684; x_wconf 55' lang='lat' dir='ltr'>,mmm</span> <span class='ocrx_word' id='word_1_63' title='bbox 212 671 273 693; x_wconf 52' lang='grc' dir='ltr'>φο-</span> <span class='ocrx_word' id='word_1_64' title='bbox 303 644 396 679; x_wconf 83' lang='lat' dir='ltr'>ficum</span> <span class='ocrx_word' id='word_1_65' title='bbox 425 647 456 682; x_wconf 92' lang='lat' dir='ltr'>in</span> <span class='ocrx_word' id='word_1_66' title='bbox 478 649 535 683; x_wconf 86' lang='lat' dir='ltr'>hac</span> <span class='ocrx_word' id='word_1_67' title='bbox 564 658 671 682; x_wconf 78' lang='lat' dir='ltr'>sancta</span> <span class='ocrx_word' id='word_1_68' title='bbox 694 649 784 686; x_wconf 68' lang='lat' dir='ltr'>sede,</span> <span class='ocrx_word' id='word_1_69' title='bbox 819 648 868 682; x_wconf 91' lang='lat' dir='ltr'>cui</span> <span class='ocrx_word' id='word_1_70' title='bbox 898 649 964 682; x_wconf 82' lang='lat' dir='ltr'>Deo</span> <span class='ocrx_word' id='word_1_71' title='bbox 997 661 1055 683; x_wconf 86' lang='lat' dir='ltr'>au-</span> <span class='ocrx_word' id='word_1_72' title='bbox 1096 650 1135 684; x_wconf 85' lang='lat' dir='ltr'>de</span> <span class='ocrx_word' id='word_1_73' title='bbox 1157 652 1314 698; x_wconf 83' lang='lat' dir='ltr'>episcopis</span> <span class='ocrx_word' id='word_1_74' title='bbox 1338 652 1382 685; x_wconf 78' lang='lat' dir='ltr'>vel</span> <span class='ocrx_word' id='word_1_75' title='bbox 1406 653 1626 687; x_wconf 85' lang='lat' dir='ltr'>sacerdotibus</span> <span class='ocrx_word' id='word_1_76' title='bbox 1646 655 1691 687; x_wconf 76' lang='lat' dir='ltr'>vel</span> <span class='ocrx_word' id='word_1_77' title='bbox 1716 654 1755 687; x_wconf 89' lang='lat' dir='ltr'>‹le</span> <span class='ocrx_word' id='word_1_78' title='bbox 1780 655 1855 700; x_wconf 88' lang='lat' dir='ltr'>qui-</span> <span class='ocrx_word' id='word_1_79' title='bbox 1880 637 2051 689; x_wconf 67' lang='lat' dir='ltr'>pordinatioui-</span> 
     </span>
     <span class='ocr_line' id='line_1_9' title="bbox 85 698 1982 748; baseline 0.007 -23"><span class='ocrx_word' id='word_1_80' title='bbox 85 698 119 721; x_wconf 75' lang='lat' dir='ltr'>vis</span> <span class='ocrx_word' id='word_1_81' title='bbox 141 699 207 721; x_wconf 71' lang='lat' dir='ltr'>titulo</span> <span class='ocrx_word' id='word_1_82' title='bbox 237 699 273 721; x_wconf 37' lang='lat' dir='ltr'>in*</span> <span class='ocrx_word' id='word_1_83' title='bbox 301 701 387 729; x_wconf 86' lang='lat' dir='ltr'>ctorc</span> <span class='ocrx_word' id='word_1_84' title='bbox 400 699 566 737; x_wconf 82' lang='lat' dir='ltr'>servimus,</span> <span class='ocrx_word' id='word_1_85' title='bbox 591 710 726 743; x_wconf 89' lang='lat' dir='ltr'>uuquam</span> <span class='ocrx_word' id='word_1_86' title='bbox 753 699 796 731; x_wconf 68' lang='lat' dir='ltr'>vel</span> <span class='ocrx_word' id='word_1_87' title='bbox 819 710 949 743; x_wconf 78' lang='lat' dir='ltr'>usquam</span> <span class='ocrx_word' id='word_1_88' title='bbox 967 699 1055 744; x_wconf 91' lang='lat' dir='ltr'>quid—</span> <span class='ocrx_word' id='word_1_89' title='bbox 1095 699 1282 747; x_wconf 87' lang='lat' dir='ltr'>buscunque</span> <span class='ocrx_word' id='word_1_90' title='bbox 1302 701 1460 740; x_wconf 82' lang='lat' dir='ltr'>fidelibus,</span> <span class='ocrx_word' id='word_1_91' title='bbox 1487 714 1542 748; x_wconf 81' lang='lat' dir='ltr'>pcr</span> <span class='ocrx_word' id='word_1_92' title='bbox 1564 715 1598 737; x_wconf 89' lang='lat' dir='ltr'>se</span> <span class='ocrx_word' id='word_1_93' title='bbox 1615 704 1853 748; x_wconf 65' lang='lat' dir='ltr'>suppositamxe</span> <span class='ocrx_word' id='word_1_94' title='bbox 1942 702 1982 724; x_wconf 52' lang='lat'>²¹¹⁵</span> 
     </span>
    </p>
   </div>
   <div class='ocr_carea' id='block_1_4' title="bbox 927 348 1220 372">
    <p class='ocr_par' dir='ltr' id='par_1_6' title="bbox 927 348 1220 372">
     <span class='ocr_line' id='line_1_10' title="bbox 927 348 1220 372; baseline 0.007 -2"><span class='ocrx_word' id='word_1_95' title='bbox 927 348 1102 371; x_wconf 79' lang='lat' dir='ltr'>SILVESTER</span> <span class='ocrx_word' id='word_1_96' title='bbox 1126 350 1150 372; x_wconf 86' lang='grc' dir='ltr'>ΙΙ</span> <span class='ocrx_word' id='word_1_97' title='bbox 1172 350 1220 372; x_wconf 89' lang='lat' dir='ltr'>PP.</span> 
     </span>
    </p>
   </div>
   <div class='ocr_carea' id='block_1_5' title="bbox 1880 527 2066 587">
    <p class='ocr_par' dir='ltr' id='par_1_7' title="bbox 1880 527 2066 587">
     <span class='ocr_line' id='line_1_11' title="bbox 1880 527 2066 551; baseline 0.016 -3"><span class='ocrx_word' id='word_1_98' title='bbox 1880 527 1971 550; x_wconf 73' lang='lat' dir='ltr'>Nullum</span> <span class='ocrx_word' id='word_1_99' title='bbox 2005 529 2066 551; x_wconf 77' lang='lat' dir='ltr'>den-</span> 
     </span>
     <span class='ocr_line' id='line_1_12' title="bbox 1880 563 2064 587; baseline 0.016 -3"><span class='ocrx_word' id='word_1_100' title='bbox 1880 563 1930 585; x_wconf 85' lang='lat' dir='ltr'>dnm</span> <span class='ocrx_word' id='word_1_101' title='bbox 1954 564 1988 586; x_wconf 76' lang='lat' dir='ltr'>vel</span> <span class='ocrx_word' id='word_1_102' title='bbox 2006 565 2064 587; x_wconf 80' lang='lat' dir='ltr'>reci—</span> 
     </span>
    </p>
   </div>
   <div class='ocr_carea' id='block_1_6' title="bbox 1066 522 1084 767">
    <p class='ocr_par' dir='ltr' id='par_1_8' title="bbox 1066 522 1084 767">
     <span class='ocr_line' id='line_1_13' title="bbox 1069 522 1084 620; baseline 0 -48"><span class='ocrx_word' id='word_1_103' title='bbox 1069 522 1084 620; x_wconf 95' lang='lat' dir='ltr'>  </span> 
     </span>
     <span class='ocr_line' id='line_1_14' title="bbox 1066 620 1083 767; baseline 0 0"><span class='ocrx_word' id='word_1_104' title='bbox 1066 620 1083 767; x_wconf 95' lang='lat' dir='ltr'>   </span> 
     </span>
    </p>
   </div>
   <div class='ocr_carea' id='block_1_7' title="bbox 88 553 275 619">
    <p class='ocr_par' dir='ltr' id='par_1_9' title="bbox 88 553 275 619">
     <span class='ocr_line' id='line_1_15' title="bbox 88 553 275 584; baseline 0.005 -9"><span class='ocrx_word' id='word_1_105' title='bbox 88 553 193 583; x_wconf 75' lang='lat' dir='ltr'>Cuiqunm</span> <span class='ocrx_word' id='word_1_106' title='bbox 211 553 275 584; x_wconf 84' lang='lat' dir='ltr'>quid-</span> 
     </span>
     <span class='ocr_line' id='line_1_16' title="bbox 88 589 274 619; baseline 0.005 -8"><span class='ocrx_word' id='word_1_107' title='bbox 88 597 152 619; x_wconf 75' lang='lat' dir='ltr'>quam</span> <span class='ocrx_word' id='word_1_108' title='bbox 197 589 274 612; x_wconf 68' lang='lat' dir='ltr'>bono-</span> 
     </span>
    </p>
   </div>
   <div class='ocr_carea' id='block_1_8' title="bbox 75 1449 262 1545">
    <p class='ocr_par' dir='ltr' id='par_1_10' title="bbox 75 1449 262 1545">
     <span class='ocr_line' id='line_1_17' title="bbox 76 1449 262 1472; baseline 0 0"><span class='ocrx_word' id='word_1_109' title='bbox 76 1449 152 1472; x_wconf 72' lang='lat' dir='ltr'>Libera</span> <span class='ocrx_word' id='word_1_110' title='bbox 178 1450 262 1472; x_wconf 69' lang='lat' dir='ltr'>abbatis</span> 
     </span>
     <span class='ocr_line' id='line_1_18' title="bbox 75 1486 262 1516; baseline 0.005 -9"><span class='ocrx_word' id='word_1_111' title='bbox 75 1486 158 1508; x_wconf 77' lang='lat' dir='ltr'>electio</span> <span class='ocrx_word' id='word_1_112' title='bbox 193 1494 262 1516; x_wconf 67' lang='lat' dir='ltr'>penes</span> 
     </span>
     <span class='ocr_line' id='line_1_19' title="bbox 76 1522 208 1545; baseline 0.008 -1"><span class='ocrx_word' id='word_1_113' title='bbox 76 1522 208 1545; x_wconf 74' lang='lat' dir='ltr'>mon-chus.</span> 
     </span>
    </p>
   </div>
   <div class='ocr_carea' id='block_1_9' title="bbox 85 734 1051 2763">
    <p class='ocr_par' dir='ltr' id='par_1_11' title="bbox 85 734 1051 2763">
     <span class='ocr_line' id='line_1_20' title="bbox 85 734 1051 792; baseline -0.002 -9"><span class='ocrx_word' id='word_1_114' title='bbox 85 734 213 757; x_wconf 47' lang='lat' dir='ltr'>&#39;‘dmm‘&#39;</span> <span class='ocrx_word' id='word_1_115' title='bbox 301 743 372 777; x_wconf 71' lang='lat' dir='ltr'>dam</span> <span class='ocrx_word' id='word_1_116' title='bbox 396 743 434 778; x_wconf 82' lang='lat' dir='ltr'>de</span> <span class='ocrx_word' id='word_1_117' title='bbox 456 747 574 781; x_wconf 84' lang='lat' dir='ltr'>eisdem</span> <span class='ocrx_word' id='word_1_118' title='bbox 592 747 684 780; x_wconf 91' lang='lat' dir='ltr'>rebus</span> <span class='ocrx_word' id='word_1_119' title='bbox 699 746 844 792; x_wconf 75' lang='lat' dir='ltr'>cuiquam</span> <span class='ocrx_word' id='word_1_120' title='bbox 867 747 1051 791; x_wconf 71' lang='lat' dir='ltr'>beneficare,</span> 
     </span>
     <span class='ocr_line' id='line_1_21' title="bbox 299 795 1051 841; baseline 0.007 -16"><span class='ocrx_word' id='word_1_121' title='bbox 299 803 505 835; x_wconf 84' lang='lat' dir='ltr'>commutare,</span> <span class='ocrx_word' id='word_1_122' title='bbox 533 804 585 829; x_wconf 89' lang='lat' dir='ltr'>aut</span> <span class='ocrx_word' id='word_1_123' title='bbox 607 795 664 829; x_wconf 85' lang='lat' dir='ltr'>sub</span> <span class='ocrx_word' id='word_1_124' title='bbox 687 807 784 829; x_wconf 71' lang='lat' dir='ltr'>censu</span> <span class='ocrx_word' id='word_1_125' title='bbox 813 795 951 841; x_wconf 83' lang='lat' dir='ltr'>quolibet</span> <span class='ocrx_word' id='word_1_126' title='bbox 975 808 1051 830; x_wconf 88' lang='lat' dir='ltr'>con-</span> 
     </span>
     <span class='ocr_line' id='line_1_22' title="bbox 298 841 1049 890; baseline 0.007 -16"><span class='ocrx_word' id='word_1_127' title='bbox 298 841 412 876; x_wconf 78' lang='lat' dir='ltr'>cedere</span> <span class='ocrx_word' id='word_1_128' title='bbox 437 857 491 890; x_wconf 90' lang='lat' dir='ltr'>per</span> <span class='ocrx_word' id='word_1_129' title='bbox 517 844 618 878; x_wconf 79' lang='lat' dir='ltr'>futura</span> <span class='ocrx_word' id='word_1_130' title='bbox 646 853 784 890; x_wconf 87' lang='lat' dir='ltr'>tempora</span> <span class='ocrx_word' id='word_1_131' title='bbox 815 845 957 890; x_wconf 86' lang='lat' dir='ltr'>patiatur.</span> <span class='ocrx_word' id='word_1_132' title='bbox 986 844 1049 879; x_wconf 85' lang='lat' dir='ltr'>Sed</span> 
     </span>
     <span class='ocr_line' id='line_1_23' title="bbox 296 893 1049 928; baseline 0 0"><span class='ocrx_word' id='word_1_133' title='bbox 296 901 428 928; x_wconf 73' lang='lat' dir='ltr'>censum</span> <span class='ocrx_word' id='word_1_134' title='bbox 456 893 676 928; x_wconf 87' lang='lat' dir='ltr'>tantummodo</span> <span class='ocrx_word' id='word_1_135' title='bbox 704 893 734 926; x_wconf 92' lang='lat' dir='ltr'>in</span> <span class='ocrx_word' id='word_1_136' title='bbox 764 901 951 927; x_wconf 76' lang='lat' dir='ltr'>testamento</span> <span class='ocrx_word' id='word_1_137' title='bbox 985 902 1049 928; x_wconf 86' lang='lat' dir='ltr'>tra-</span> 
     </span>
     <span class='ocr_line' id='line_1_24' title="bbox 296 939 1046 989; baseline -0.004 -10"><span class='ocrx_word' id='word_1_138' title='bbox 296 939 424 978; x_wconf 74' lang='lat' dir='ltr'>ditionis</span> <span class='ocrx_word' id='word_1_139' title='bbox 451 955 467 977; x_wconf 89' lang='lat' dir='ltr'>a</span> <span class='ocrx_word' id='word_1_140' title='bbox 501 942 740 982; x_wconf 71' lang='lat' dir='ltr'>fundatoribus,</span> <span class='ocrx_word' id='word_1_141' title='bbox 776 944 829 989; x_wconf 86' lang='lat' dir='ltr'>qui</span> <span class='ocrx_word' id='word_1_142' title='bbox 865 955 903 976; x_wconf 75' lang='lat' dir='ltr'>ex</span> <span class='ocrx_word' id='word_1_143' title='bbox 937 944 1046 976; x_wconf 76' lang='lat' dir='ltr'>eodem</span> 
     </span>
     <span class='ocr_line' id='line_1_25' title="bbox 296 991 1045 1028; baseline -0.003 0"><span class='ocrx_word' id='word_1_144' title='bbox 296 993 488 1028; x_wconf 83' lang='lat' dir='ltr'>monasterio</span> <span class='ocrx_word' id='word_1_145' title='bbox 506 993 586 1027; x_wconf 83' lang='lat' dir='ltr'>hanc</span> <span class='ocrx_word' id='word_1_146' title='bbox 600 1000 738 1026; x_wconf 78' lang='lat' dir='ltr'>sanctam</span> <span class='ocrx_word' id='word_1_147' title='bbox 763 991 869 1026; x_wconf 83' lang='lat' dir='ltr'>sedem</span> <span class='ocrx_word' id='word_1_148' title='bbox 886 1004 1045 1026; x_wconf 81' lang='lat' dir='ltr'>romanam</span> 
     </span>
     <span class='ocr_line' id='line_1_26' title="bbox 295 1037 1044 1087; baseline -0.001 -10"><span class='ocrx_word' id='word_1_149' title='bbox 295 1037 463 1077; x_wconf 80' lang='lat' dir='ltr'>haeredem</span> <span class='ocrx_word' id='word_1_150' title='bbox 498 1042 639 1076; x_wconf 82' lang='lat' dir='ltr'>fecerunt</span> <span class='ocrx_word' id='word_1_151' title='bbox 654 1069 662 1079; x_wconf 67' lang='grc'>,</span> <span class='ocrx_word' id='word_1_152' title='bbox 703 1042 796 1075; x_wconf 82' lang='lat' dir='ltr'>etiam</span> <span class='ocrx_word' id='word_1_153' title='bbox 844 1041 1044 1087; x_wconf 79' lang='lat' dir='ltr'>delegatum:</span> 
     </span>
     <span class='ocr_line' id='line_1_27' title="bbox 295 1086 1046 1136; baseline 0.001 -12"><span class='ocrx_word' id='word_1_154' title='bbox 295 1099 389 1127; x_wconf 86' lang='lat' dir='ltr'>unam</span> <span class='ocrx_word' id='word_1_155' title='bbox 414 1086 559 1126; x_wconf 82' lang='lat' dir='ltr'>videlicet</span> <span class='ocrx_word' id='word_1_156' title='bbox 581 1091 689 1125; x_wconf 88' lang='lat' dir='ltr'>libram</span> <span class='ocrx_word' id='word_1_157' title='bbox 724 1090 844 1136; x_wconf 66' lang='lat' dir='ltr'>argenti</span> <span class='ocrx_word' id='word_1_158' title='bbox 867 1091 957 1124; x_wconf 83' lang='lat' dir='ltr'>annis</span> <span class='ocrx_word' id='word_1_159' title='bbox 979 1091 1046 1125; x_wconf 84' lang='lat' dir='ltr'>sin-</span> 
     </span>
     <span class='ocr_line' id='line_1_28' title="bbox 293 1139 1044 1187; baseline -0.003 -11"><span class='ocrx_word' id='word_1_160' title='bbox 293 1143 378 1182; x_wconf 79' lang='lat' dir='ltr'>gulis</span> <span class='ocrx_word' id='word_1_161' title='bbox 399 1153 600 1176; x_wconf 74' lang='lat' dir='ltr'>successores</span> <span class='ocrx_word' id='word_1_162' title='bbox 637 1142 732 1174; x_wconf 82' lang='lat' dir='ltr'>nostri</span> <span class='ocrx_word' id='word_1_163' title='bbox 762 1139 953 1186; x_wconf 70' lang='lat' dir='ltr'>accipientes</span> <span class='ocrx_word' id='word_1_164' title='bbox 976 1141 1044 1187; x_wconf 89' lang='lat' dir='ltr'>piae</span> 
     </span>
     <span class='ocr_line' id='line_1_29' title="bbox 293 1190 1043 1236; baseline -0.003 -10"><span class='ocrx_word' id='word_1_165' title='bbox 293 1191 488 1236; x_wconf 86' lang='lat' dir='ltr'>paternitatis</span> <span class='ocrx_word' id='word_1_166' title='bbox 508 1190 694 1236; x_wconf 75' lang='lat' dir='ltr'>suffragium</span> <span class='ocrx_word' id='word_1_167' title='bbox 718 1190 819 1224; x_wconf 82' lang='lat' dir='ltr'>eidem</span> <span class='ocrx_word' id='word_1_168' title='bbox 841 1190 1043 1234; x_wconf 85' lang='lat' dir='ltr'>monasterio,</span> 
     </span>
     <span class='ocr_line' id='line_1_30' title="bbox 292 1239 1043 1286; baseline -0.001 -11"><span class='ocrx_word' id='word_1_169' title='bbox 292 1250 322 1276; x_wconf 89' lang='lat' dir='ltr'>et</span> <span class='ocrx_word' id='word_1_170' title='bbox 345 1241 412 1282; x_wconf 91' lang='lat' dir='ltr'>tibi,</span> <span class='ocrx_word' id='word_1_171' title='bbox 447 1239 748 1286; x_wconf 73' lang='lat' dir='ltr'>successoribusque</span> <span class='ocrx_word' id='word_1_172' title='bbox 785 1239 846 1273; x_wconf 88' lang='lat' dir='ltr'>tuis</span> <span class='ocrx_word' id='word_1_173' title='bbox 868 1251 904 1273; x_wconf 89' lang='lat' dir='ltr'>ac</span> <span class='ocrx_word' id='word_1_174' title='bbox 932 1251 1043 1274; x_wconf 86' lang='lat' dir='ltr'>mona-</span> 
     </span>
     <span class='ocr_line' id='line_1_31' title="bbox 291 1288 1040 1335; baseline -0.004 -10"><span class='ocrx_word' id='word_1_175' title='bbox 291 1291 361 1326; x_wconf 86' lang='lat' dir='ltr'>chis</span> <span class='ocrx_word' id='word_1_176' title='bbox 385 1290 445 1325; x_wconf 87' lang='lat' dir='ltr'>sub</span> <span class='ocrx_word' id='word_1_177' title='bbox 471 1290 532 1323; x_wconf 87' lang='lat' dir='ltr'>iam</span> <span class='ocrx_word' id='word_1_178' title='bbox 564 1289 639 1323; x_wconf 91' lang='lat' dir='ltr'>dicti</span> <span class='ocrx_word' id='word_1_179' title='bbox 678 1289 772 1335; x_wconf 88' lang='lat' dir='ltr'>patris</span> <span class='ocrx_word' id='word_1_180' title='bbox 796 1288 901 1333; x_wconf 71' lang='lat' dir='ltr'>regula</span> <span class='ocrx_word' id='word_1_181' title='bbox 926 1288 1040 1322; x_wconf 83' lang='lat' dir='ltr'>ibidem</span> 
     </span>
     <span class='ocr_line' id='line_1_32' title="bbox 291 1337 1042 1386; baseline -0.005 -11"><span class='ocrx_word' id='word_1_182' title='bbox 291 1339 499 1386; x_wconf 73' lang='lat' dir='ltr'>degentibus,</span> <span class='ocrx_word' id='word_1_183' title='bbox 535 1338 749 1372; x_wconf 85' lang='lat' dir='ltr'>sollicitudine</span> <span class='ocrx_word' id='word_1_184' title='bbox 788 1337 932 1384; x_wconf 77' lang='lat' dir='ltr'>pastorali</span> <span class='ocrx_word' id='word_1_185' title='bbox 961 1339 1042 1383; x_wconf 57' lang='lat' dir='ltr'>tigi-</span> 
     </span>
     <span class='ocr_line' id='line_1_33' title="bbox 291 1387 1041 1432; baseline -0.007 -8"><span class='ocrx_word' id='word_1_186' title='bbox 291 1389 392 1424; x_wconf 87' lang='lat' dir='ltr'>lanter</span> <span class='ocrx_word' id='word_1_187' title='bbox 413 1397 519 1424; x_wconf 88' lang='lat' dir='ltr'>contra</span> <span class='ocrx_word' id='word_1_188' title='bbox 536 1400 646 1422; x_wconf 87' lang='lat' dir='ltr'>omnes</span> <span class='ocrx_word' id='word_1_189' title='bbox 661 1387 844 1421; x_wconf 82' lang='lat' dir='ltr'>infestantes</span> <span class='ocrx_word' id='word_1_190' title='bbox 859 1387 1041 1432; x_wconf 75' lang='lat' dir='ltr'>impendere</span> 
     </span>
     <span class='ocr_line' id='line_1_34' title="bbox 289 1436 1040 1479; baseline -0.007 -5"><span class='ocrx_word' id='word_1_191' title='bbox 289 1439 447 1474; x_wconf 84' lang='lat' dir='ltr'>studeant.</span> <span class='ocrx_word' id='word_1_192' title='bbox 470 1438 546 1472; x_wconf 91' lang='lat' dir='ltr'>Item</span> <span class='ocrx_word' id='word_1_193' title='bbox 570 1437 808 1479; x_wconf 84' lang='lat' dir='ltr'>constituimus,</span> <span class='ocrx_word' id='word_1_194' title='bbox 844 1445 876 1470; x_wconf 90' lang='lat' dir='ltr'>ut</span> <span class='ocrx_word' id='word_1_195' title='bbox 903 1436 1040 1470; x_wconf 85' lang='lat' dir='ltr'>obeunte</span> 
     </span>
     <span class='ocr_line' id='line_1_35' title="bbox 289 1485 1040 1532; baseline -0.005 -9"><span class='ocrx_word' id='word_1_196' title='bbox 289 1488 401 1523; x_wconf 84' lang='lat' dir='ltr'>abbate</span> <span class='ocrx_word' id='word_1_197' title='bbox 423 1488 498 1522; x_wconf 89' lang='lat' dir='ltr'>dicti</span> <span class='ocrx_word' id='word_1_198' title='bbox 521 1487 702 1520; x_wconf 76' lang='lat' dir='ltr'>monasterii</span> <span class='ocrx_word' id='word_1_199' title='bbox 728 1499 788 1519; x_wconf 84' lang='lat' dir='ltr'>nou</span> <span class='ocrx_word' id='word_1_200' title='bbox 812 1486 891 1520; x_wconf 89' lang='lat' dir='ltr'>alius</span> <span class='ocrx_word' id='word_1_201' title='bbox 913 1485 952 1518; x_wconf 91' lang='lat' dir='ltr'>ibi</span> <span class='ocrx_word' id='word_1_202' title='bbox 969 1498 1040 1532; x_wconf 87' lang='lat' dir='ltr'>qna-</span> 
     </span>
     <span class='ocr_line' id='line_1_36' title="bbox 289 1535 1039 1584; baseline -0.007 -12"><span class='ocrx_word' id='word_1_203' title='bbox 289 1550 427 1584; x_wconf 88' lang='lat' dir='ltr'>cumque</span> <span class='ocrx_word' id='word_1_204' title='bbox 467 1535 662 1582; x_wconf 88' lang='lat' dir='ltr'>obreptionis</span> <span class='ocrx_word' id='word_1_205' title='bbox 696 1536 810 1569; x_wconf 86' lang='lat' dir='ltr'>astutia</span> <span class='ocrx_word' id='word_1_206' title='bbox 852 1535 1039 1576; x_wconf 83' lang='lat' dir='ltr'>ordinetur,</span> 
     </span>
     <span class='ocr_line' id='line_1_37' title="bbox 288 1585 1041 1634; baseline -0.005 -12"><span class='ocrx_word' id='word_1_207' title='bbox 288 1587 349 1622; x_wconf 87' lang='lat' dir='ltr'>nisi</span> <span class='ocrx_word' id='word_1_208' title='bbox 373 1599 467 1634; x_wconf 89' lang='lat' dir='ltr'>quem</span> <span class='ocrx_word' id='word_1_209' title='bbox 487 1597 663 1620; x_wconf 81' lang='lat' dir='ltr'>consensus</span> <span class='ocrx_word' id='word_1_210' title='bbox 685 1585 912 1619; x_wconf 84' lang='lat' dir='ltr'>monachorum</span> <span class='ocrx_word' id='word_1_211' title='bbox 930 1596 1041 1619; x_wconf 89' lang='lat' dir='ltr'>secuu—</span> 
     </span>
     <span class='ocr_line' id='line_1_38' title="bbox 288 1634 1040 1671; baseline -0.003 0"><span class='ocrx_word' id='word_1_212' title='bbox 288 1636 363 1671; x_wconf 90' lang='lat' dir='ltr'>dum</span> <span class='ocrx_word' id='word_1_213' title='bbox 392 1637 536 1670; x_wconf 85' lang='lat' dir='ltr'>timorem</span> <span class='ocrx_word' id='word_1_214' title='bbox 565 1634 623 1669; x_wconf 90' lang='lat' dir='ltr'>Dei</span> <span class='ocrx_word' id='word_1_215' title='bbox 657 1644 687 1668; x_wconf 77' lang='lat' dir='ltr'>et</span> <span class='ocrx_word' id='word_1_216' title='bbox 727 1634 955 1668; x_wconf 86' lang='lat' dir='ltr'>institutionem</span> <span class='ocrx_word' id='word_1_217' title='bbox 990 1646 1040 1669; x_wconf 84' lang='lat' dir='ltr'>re-</span> 
     </span>
     <span class='ocr_line' id='line_1_39' title="bbox 287 1683 1040 1732; baseline -0.004 -11"><span class='ocrx_word' id='word_1_218' title='bbox 287 1686 379 1732; x_wconf 79' lang='lat' dir='ltr'>gulae</span> <span class='ocrx_word' id='word_1_219' title='bbox 401 1686 439 1720; x_wconf 91' lang='lat' dir='ltr'>B.</span> <span class='ocrx_word' id='word_1_220' title='bbox 454 1684 620 1719; x_wconf 80' lang='lat' dir='ltr'>Benedicti</span> <span class='ocrx_word' id='word_1_221' title='bbox 642 1684 784 1730; x_wconf 78' lang='lat' dir='ltr'>elegerit,</span> <span class='ocrx_word' id='word_1_222' title='bbox 807 1691 837 1718; x_wconf 92' lang='lat' dir='ltr'>et</span> <span class='ocrx_word' id='word_1_223' title='bbox 852 1683 947 1717; x_wconf 81' lang='lat' dir='ltr'>huius</span> <span class='ocrx_word' id='word_1_224' title='bbox 961 1696 1040 1730; x_wconf 85' lang='lat' dir='ltr'>apo-</span> 
     </span>
     <span class='ocr_line' id='line_1_40' title="bbox 286 1733 1039 1780; baseline -0.004 -10"><span class='ocrx_word' id='word_1_225' title='bbox 286 1736 416 1770; x_wconf 86' lang='lat' dir='ltr'>stolicae</span> <span class='ocrx_word' id='word_1_226' title='bbox 437 1734 522 1770; x_wconf 89' lang='lat' dir='ltr'>sedis</span> <span class='ocrx_word' id='word_1_227' title='bbox 557 1733 697 1780; x_wconf 77' lang='lat' dir='ltr'>pontifex</span> <span class='ocrx_word' id='word_1_228' title='bbox 731 1733 921 1779; x_wconf 74' lang='lat' dir='ltr'>providerit,</span> <span class='ocrx_word' id='word_1_229' title='bbox 947 1733 1039 1767; x_wconf 90' lang='lat' dir='ltr'>ordi-</span> 
     </span>
     <span class='ocr_line' id='line_1_41' title="bbox 286 1783 1040 1829; baseline -0.005 -9"><span class='ocrx_word' id='word_1_230' title='bbox 286 1785 439 1820; x_wconf 85' lang='lat' dir='ltr'>nandum.</span> <span class='ocrx_word' id='word_1_231' title='bbox 478 1783 571 1818; x_wconf 90' lang='lat' dir='ltr'>Unde</span> <span class='ocrx_word' id='word_1_232' title='bbox 598 1783 830 1821; x_wconf 77' lang='lat' dir='ltr'>constituimus,</span> <span class='ocrx_word' id='word_1_233' title='bbox 858 1790 888 1816; x_wconf 87' lang='lat' dir='ltr'>et</span> <span class='ocrx_word' id='word_1_234' title='bbox 910 1792 1040 1829; x_wconf 85' lang='lat' dir='ltr'>aposto-</span> 
     </span>
     <span class='ocr_line' id='line_1_42' title="bbox 285 1832 1037 1878; baseline -0.004 -9"><span class='ocrx_word' id='word_1_235' title='bbox 285 1834 343 1869; x_wconf 91' lang='lat' dir='ltr'>lica</span> <span class='ocrx_word' id='word_1_236' title='bbox 371 1834 555 1869; x_wconf 87' lang='lat' dir='ltr'>auctoritate</span> <span class='ocrx_word' id='word_1_237' title='bbox 581 1844 761 1869; x_wconf 78' lang='lat' dir='ltr'>censemus,</span> <span class='ocrx_word' id='word_1_238' title='bbox 784 1839 876 1877; x_wconf 86' lang='lat' dir='ltr'>atque</span> <span class='ocrx_word' id='word_1_239' title='bbox 900 1843 955 1878; x_wconf 85' lang='lat' dir='ltr'>per</span> <span class='ocrx_word' id='word_1_240' title='bbox 977 1832 1037 1866; x_wconf 83' lang='lat' dir='ltr'>hoc</span> 
     </span>
     <span class='ocr_line' id='line_1_43' title="bbox 285 1880 1039 1930; baseline -0.005 -11"><span class='ocrx_word' id='word_1_241' title='bbox 285 1892 428 1919; x_wconf 89' lang='lat' dir='ltr'>nostrum</span> <span class='ocrx_word' id='word_1_242' title='bbox 452 1881 661 1930; x_wconf 84' lang='lat' dir='ltr'>apostolicum</span> <span class='ocrx_word' id='word_1_243' title='bbox 690 1880 890 1928; x_wconf 70' lang='lat' dir='ltr'>privilegium</span> <span class='ocrx_word' id='word_1_244' title='bbox 914 1881 1039 1915; x_wconf 75' lang='lat' dir='ltr'>contir-</span> 
     </span>
     <span class='ocr_line' id='line_1_44' title="bbox 286 1929 1037 1977; baseline -0.005 -9"><span class='ocrx_word' id='word_1_245' title='bbox 286 1946 421 1976; x_wconf 87' lang='lat' dir='ltr'>mamus,</span> <span class='ocrx_word' id='word_1_246' title='bbox 444 1940 477 1966; x_wconf 84' lang='lat' dir='ltr'>ut</span> <span class='ocrx_word' id='word_1_247' title='bbox 499 1931 606 1966; x_wconf 89' lang='lat' dir='ltr'>nullus</span> <span class='ocrx_word' id='word_1_248' title='bbox 634 1942 698 1971; x_wconf 80' lang='lat' dir='ltr'>rex,</span> <span class='ocrx_word' id='word_1_249' title='bbox 725 1938 778 1964; x_wconf 92' lang='lat' dir='ltr'>aut</span> <span class='ocrx_word' id='word_1_250' title='bbox 802 1929 963 1977; x_wconf 76' lang='lat' dir='ltr'>pontifex,</span> <span class='ocrx_word' id='word_1_251' title='bbox 990 1931 1037 1964; x_wconf 73' lang='lat' dir='ltr'>vel</span> 
     </span>
     <span class='ocr_line' id='line_1_45' title="bbox 284 1979 1037 2026; baseline -0.004 -9"><span class='ocrx_word' id='word_1_252' title='bbox 284 1982 394 2023; x_wconf 83' lang='lat' dir='ltr'>abbas,</span> <span class='ocrx_word' id='word_1_253' title='bbox 417 1991 470 2016; x_wconf 90' lang='lat' dir='ltr'>aut</span> <span class='ocrx_word' id='word_1_254' title='bbox 492 1993 611 2024; x_wconf 88' lang='lat' dir='ltr'>comes,</span> <span class='ocrx_word' id='word_1_255' title='bbox 634 1979 681 2014; x_wconf 86' lang='lat' dir='ltr'>vel</span> <span class='ocrx_word' id='word_1_256' title='bbox 707 1979 936 2026; x_wconf 71' lang='lat' dir='ltr'>qualiscunque</span> <span class='ocrx_word' id='word_1_257' title='bbox 969 1992 1037 2014; x_wconf 91' lang='lat' dir='ltr'>ma-</span> 
     </span>
     <span class='ocr_line' id='line_1_46' title="bbox 283 2028 1037 2079; baseline -0.004 -13"><span class='ocrx_word' id='word_1_258' title='bbox 283 2044 344 2078; x_wconf 82' lang='lat' dir='ltr'>gna</span> <span class='ocrx_word' id='word_1_259' title='bbox 369 2043 527 2079; x_wconf 77' lang='lat' dir='ltr'>parvaque</span> <span class='ocrx_word' id='word_1_260' title='bbox 547 2041 679 2077; x_wconf 87' lang='lat' dir='ltr'>persona</span> <span class='ocrx_word' id='word_1_261' title='bbox 698 2029 845 2063; x_wconf 74' lang='lat' dir='ltr'>avaritiae</span> <span class='ocrx_word' id='word_1_262' title='bbox 863 2028 1037 2074; x_wconf 82' lang='lat' dir='ltr'>cupiditate</span> 
     </span>
     <span class='ocr_line' id='line_1_47' title="bbox 283 2078 1036 2127; baseline -0.005 -11"><span class='ocrx_word' id='word_1_263' title='bbox 283 2089 462 2127; x_wconf 88' lang='lat' dir='ltr'>corruptus,</span> <span class='ocrx_word' id='word_1_264' title='bbox 484 2088 538 2115; x_wconf 90' lang='lat' dir='ltr'>aut</span> <span class='ocrx_word' id='word_1_265' title='bbox 560 2078 715 2114; x_wconf 88' lang='lat' dir='ltr'>diabolica</span> <span class='ocrx_word' id='word_1_266' title='bbox 746 2078 950 2124; x_wconf 70' lang='lat' dir='ltr'>suggestione</span> <span class='ocrx_word' id='word_1_267' title='bbox 982 2078 1036 2112; x_wconf 81' lang='lat' dir='ltr'>dc-</span> 
     </span>
     <span class='ocr_line' id='line_1_48' title="bbox 282 2128 1035 2178; baseline -0.005 -13"><span class='ocrx_word' id='word_1_268' title='bbox 282 2139 394 2178; x_wconf 86' lang='lat' dir='ltr'>ceptus</span> <span class='ocrx_word' id='word_1_269' title='bbox 415 2130 528 2165; x_wconf 90' lang='lat' dir='ltr'>audeat</span> <span class='ocrx_word' id='word_1_270' title='bbox 550 2128 600 2163; x_wconf 85' lang='lat' dir='ltr'>vel</span> <span class='ocrx_word' id='word_1_271' title='bbox 624 2136 803 2174; x_wconf 84' lang='lat' dir='ltr'>praesumat</span> <span class='ocrx_word' id='word_1_272' title='bbox 823 2135 929 2161; x_wconf 83' lang='lat' dir='ltr'>contra</span> <span class='ocrx_word' id='word_1_273' title='bbox 947 2135 1035 2161; x_wconf 79' lang='lat' dir='ltr'>tuum</span> 
     </span>
     <span class='ocr_line' id='line_1_49' title="bbox 283 2176 1036 2221; baseline -0.007 -6"><span class='ocrx_word' id='word_1_274' title='bbox 283 2180 460 2220; x_wconf 86' lang='lat' dir='ltr'>honorem,</span> <span class='ocrx_word' id='word_1_275' title='bbox 494 2191 512 2213; x_wconf 94' lang='grc' dir='ltr'>ο</span> <span class='ocrx_word' id='word_1_276' title='bbox 534 2176 721 2213; x_wconf 85' lang='lat' dir='ltr'>venerabilis</span> <span class='ocrx_word' id='word_1_277' title='bbox 757 2176 893 2211; x_wconf 78' lang='lat' dir='ltr'>Robcrte</span> <span class='ocrx_word' id='word_1_278' title='bbox 921 2176 1036 2221; x_wconf 80' lang='lat' dir='ltr'>abbas,</span> 
     </span>
     <span class='ocr_line' id='line_1_50' title="bbox 282 2226 1036 2277; baseline -0.005 -13"><span class='ocrx_word' id='word_1_279' title='bbox 282 2230 497 2277; x_wconf 86' lang='lat' dir='ltr'>qualicunque</span> <span class='ocrx_word' id='word_1_280' title='bbox 524 2227 619 2262; x_wconf 91' lang='lat' dir='ltr'>modo</span> <span class='ocrx_word' id='word_1_281' title='bbox 641 2227 826 2272; x_wconf 77' lang='lat' dir='ltr'>insurgere,</span> <span class='ocrx_word' id='word_1_282' title='bbox 854 2226 900 2259; x_wconf 73' lang='lat' dir='ltr'>vel</span> <span class='ocrx_word' id='word_1_283' title='bbox 925 2227 952 2259; x_wconf 90' lang='lat' dir='ltr'>in</span> <span class='ocrx_word' id='word_1_284' title='bbox 982 2234 1036 2260; x_wconf 88' lang='lat' dir='ltr'>tuo</span> 
     </span>
     <span class='ocr_line' id='line_1_51' title="bbox 282 2273 1037 2314; baseline -0.007 0"><span class='ocrx_word' id='word_1_285' title='bbox 282 2278 352 2314; x_wconf 92' lang='lat' dir='ltr'>loco</span> <span class='ocrx_word' id='word_1_286' title='bbox 374 2287 425 2313; x_wconf 86' lang='lat' dir='ltr'>aut</span> <span class='ocrx_word' id='word_1_287' title='bbox 449 2278 488 2313; x_wconf 81' lang='lat' dir='ltr'>(le</span> <span class='ocrx_word' id='word_1_288' title='bbox 511 2286 565 2312; x_wconf 90' lang='lat' dir='ltr'>tuo</span> <span class='ocrx_word' id='word_1_289' title='bbox 587 2273 707 2311; x_wconf 81' lang='lat' dir='ltr'>honore</span> <span class='ocrx_word' id='word_1_290' title='bbox 736 2276 894 2309; x_wconf 81' lang='lat' dir='ltr'>molestias</span> <span class='ocrx_word' id='word_1_291' title='bbox 917 2275 972 2309; x_wconf 80' lang='lat' dir='ltr'>tibi</span> <span class='ocrx_word' id='word_1_292' title='bbox 993 2276 1037 2309; x_wconf 91' lang='lat' dir='ltr'>in-</span> 
     </span>
     <span class='ocr_line' id='line_1_52' title="bbox 281 2324 1034 2372; baseline -0.008 -9"><span class='ocrx_word' id='word_1_293' title='bbox 281 2328 375 2372; x_wconf 82' lang='lat' dir='ltr'>ferre,</span> <span class='ocrx_word' id='word_1_294' title='bbox 411 2327 458 2362; x_wconf 83' lang='lat' dir='ltr'>vel</span> <span class='ocrx_word' id='word_1_295' title='bbox 486 2328 525 2362; x_wconf 89' lang='lat' dir='ltr'>de</span> <span class='ocrx_word' id='word_1_296' title='bbox 552 2325 700 2361; x_wconf 83' lang='lat' dir='ltr'>omnibus</span> <span class='ocrx_word' id='word_1_297' title='bbox 723 2324 817 2359; x_wconf 89' lang='lat' dir='ltr'>rebus</span> <span class='ocrx_word' id='word_1_298' title='bbox 842 2325 1034 2361; x_wconf 82' lang='lat' dir='ltr'>monasterii,</span> 
     </span>
     <span class='ocr_line' id='line_1_53' title="bbox 281 2373 1035 2425; baseline -0.007 -13"><span class='ocrx_word' id='word_1_299' title='bbox 281 2390 363 2425; x_wconf 90' lang='lat' dir='ltr'>quae</span> <span class='ocrx_word' id='word_1_300' title='bbox 389 2377 445 2412; x_wconf 89' lang='lat' dir='ltr'>tibi</span> <span class='ocrx_word' id='word_1_301' title='bbox 482 2377 609 2423; x_wconf 83' lang='lat' dir='ltr'>tuisque</span> <span class='ocrx_word' id='word_1_302' title='bbox 645 2373 865 2409; x_wconf 85' lang='lat' dir='ltr'>decessoribus</span> <span class='ocrx_word' id='word_1_303' title='bbox 896 2386 910 2407; x_wconf 89' lang='lat' dir='ltr'>a</span> <span class='ocrx_word' id='word_1_304' title='bbox 946 2374 1035 2407; x_wconf 88' lang='lat' dir='ltr'>nobis</span> 
     </span>
     <span class='ocr_line' id='line_1_54' title="bbox 280 2423 1033 2474; baseline -0.008 -12"><span class='ocrx_word' id='word_1_305' title='bbox 280 2428 461 2474; x_wconf 82' lang='lat' dir='ltr'>nostrisque</span> <span class='ocrx_word' id='word_1_306' title='bbox 498 2423 754 2461; x_wconf 85' lang='lat' dir='ltr'>antecessoribus</span> <span class='ocrx_word' id='word_1_307' title='bbox 791 2436 847 2470; x_wconf 88' lang='lat' dir='ltr'>per</span> <span class='ocrx_word' id='word_1_308' title='bbox 887 2424 1033 2469; x_wconf 77' lang='lat' dir='ltr'>paginam</span> 
     </span>
     <span class='ocr_line' id='line_1_55' title="bbox 281 2473 1034 2524; baseline -0.009 -13"><span class='ocrx_word' id='word_1_309' title='bbox 281 2476 436 2524; x_wconf 82' lang='lat' dir='ltr'>privilegii</span> <span class='ocrx_word' id='word_1_310' title='bbox 470 2487 620 2510; x_wconf 87' lang='lat' dir='ltr'>concessa</span> <span class='ocrx_word' id='word_1_311' title='bbox 653 2481 749 2519; x_wconf 87' lang='lat' dir='ltr'>atque</span> <span class='ocrx_word' id='word_1_312' title='bbox 783 2473 903 2506; x_wconf 81' lang='lat' dir='ltr'>firmata</span> <span class='ocrx_word' id='word_1_313' title='bbox 938 2482 1034 2515; x_wconf 83' lang='lat' dir='ltr'>sunt,</span> 
     </span>
     <span class='ocr_line' id='line_1_56' title="bbox 281 2522 1035 2573; baseline -0.008 -12"><span class='ocrx_word' id='word_1_314' title='bbox 281 2526 401 2573; x_wconf 87' lang='lat' dir='ltr'>aliquas</span> <span class='ocrx_word' id='word_1_315' title='bbox 424 2525 621 2567; x_wconf 80' lang='lat' dir='ltr'>invasiones,</span> <span class='ocrx_word' id='word_1_316' title='bbox 656 2522 704 2557; x_wconf 85' lang='lat' dir='ltr'>vel</span> <span class='ocrx_word' id='word_1_317' title='bbox 731 2522 856 2569; x_wconf 83' lang='lat' dir='ltr'>rapinas</span> <span class='ocrx_word' id='word_1_318' title='bbox 878 2522 944 2556; x_wconf 76' lang='lat' dir='ltr'>sive</span> <span class='ocrx_word' id='word_1_319' title='bbox 970 2522 1035 2555; x_wconf 74' lang='lat' dir='ltr'>rio-</span> 
     </span>
     <span class='ocr_line' id='line_1_57' title="bbox 280 2570 1035 2615; baseline -0.009 -5"><span class='ocrx_word' id='word_1_320' title='bbox 280 2576 393 2610; x_wconf 89' lang='lat' dir='ltr'>lentias</span> <span class='ocrx_word' id='word_1_321' title='bbox 407 2574 538 2614; x_wconf 69' lang='lat' dir='ltr'>inferre-2</span> <span class='ocrx_word' id='word_1_322' title='bbox 560 2574 586 2608; x_wconf 91' lang='lat' dir='ltr'>si</span> <span class='ocrx_word' id='word_1_323' title='bbox 603 2584 665 2607; x_wconf 92' lang='lat' dir='ltr'>non</span> <span class='ocrx_word' id='word_1_324' title='bbox 681 2571 747 2606; x_wconf 83' lang='lat' dir='ltr'>vult</span> <span class='ocrx_word' id='word_1_325' title='bbox 762 2571 946 2606; x_wconf 86' lang='lat' dir='ltr'>auctoritate</span> <span class='ocrx_word' id='word_1_326' title='bbox 962 2570 1035 2615; x_wconf 77' lang='lat' dir='ltr'>Dei,</span> 
     </span>
     <span class='ocr_line' id='line_1_58' title="bbox 280 2620 1033 2667; baseline -0.011 -7"><span class='ocrx_word' id='word_1_327' title='bbox 280 2633 312 2660; x_wconf 89' lang='lat' dir='ltr'>et</span> <span class='ocrx_word' id='word_1_328' title='bbox 333 2625 432 2660; x_wconf 88' lang='lat' dir='ltr'>sancti</span> <span class='ocrx_word' id='word_1_329' title='bbox 458 2624 567 2667; x_wconf 89' lang='lat' dir='ltr'>Petri,</span> <span class='ocrx_word' id='word_1_330' title='bbox 599 2631 629 2657; x_wconf 86' lang='lat' dir='ltr'>et</span> <span class='ocrx_word' id='word_1_331' title='bbox 656 2629 760 2656; x_wconf 84' lang='lat' dir='ltr'>nostra</span> <span class='ocrx_word' id='word_1_332' title='bbox 788 2620 961 2667; x_wconf 86' lang='lat' dir='ltr'>apostolica</span> <span class='ocrx_word' id='word_1_333' title='bbox 984 2632 1033 2653; x_wconf 80' lang='lat' dir='ltr'>ox-</span> 
     </span>
     <span class='ocr_line' id='line_1_59' title="bbox 281 2669 1034 2717; baseline -0.007 -8"><span class='ocrx_word' id='word_1_334' title='bbox 281 2674 582 2712; x_wconf 80' lang='lat' dir='ltr'>communicatione,</span> <span class='ocrx_word' id='word_1_335' title='bbox 604 2684 620 2706; x_wconf 86' lang='lat' dir='ltr'>a</span> <span class='ocrx_word' id='word_1_336' title='bbox 640 2682 771 2717; x_wconf 90' lang='lat' dir='ltr'>corpore</span> <span class='ocrx_word' id='word_1_337' title='bbox 811 2678 842 2704; x_wconf 88' lang='lat' dir='ltr'>et</span> <span class='ocrx_word' id='word_1_338' title='bbox 876 2669 1034 2715; x_wconf 77' lang='lat' dir='ltr'>sanguine</span> 
     </span>
     <span class='ocr_line' id='line_1_60' title="bbox 280 2718 1034 2763; baseline -0.011 -3"><span class='ocrx_word' id='word_1_339' title='bbox 280 2724 409 2760; x_wconf 89' lang='lat' dir='ltr'>Domini</span> <span class='ocrx_word' id='word_1_340' title='bbox 436 2723 535 2758; x_wconf 90' lang='lat' dir='ltr'>nostri</span> <span class='ocrx_word' id='word_1_341' title='bbox 561 2721 632 2757; x_wconf 83' lang='lat' dir='ltr'>Iesu</span> <span class='ocrx_word' id='word_1_342' title='bbox 672 2719 813 2763; x_wconf 84' lang='lat' dir='ltr'>Christi,</span> <span class='ocrx_word' id='word_1_343' title='bbox 849 2726 881 2754; x_wconf 86' lang='lat' dir='ltr'>et</span> <span class='ocrx_word' id='word_1_344' title='bbox 907 2718 946 2754; x_wconf 89' lang='lat' dir='ltr'>ab</span> <span class='ocrx_word' id='word_1_345' title='bbox 983 2719 1034 2752; x_wconf 90' lang='lat' dir='ltr'>in-</span> 
     </span>
    </p>
   </div>
   <div class='ocr_carea' id='block_1_10' title="bbox 759 2792 827 2813">
    <p class='ocr_par' dir='ltr' id='par_1_12' title="bbox 759 2792 827 2813">
     <span class='ocr_line' id='line_1_61' title="bbox 759 2792 827 2813; baseline 0 0"><span class='ocrx_word' id='word_1_346' title='bbox 759 2792 827 2813; x_wconf 47' lang='lat' dir='ltr'>&#39;‘¹²st</span> 
     </span>
    </p>
   </div>
   <div class='ocr_carea' id='block_1_11' title="bbox 1076 750 1853 2700">
    <p class='ocr_par' dir='ltr' id='par_1_13' title="bbox 1076 750 1853 2700">
     <span class='ocr_line' id='line_1_62' title="bbox 1095 750 1853 793; baseline 0.008 -12"><span class='ocrx_word' id='word_1_347' title='bbox 1095 761 1282 793; x_wconf 81' lang='lat' dir='ltr'>personam,</span> <span class='ocrx_word' id='word_1_348' title='bbox 1316 750 1355 785; x_wconf 89' lang='lat' dir='ltr'>de</span> <span class='ocrx_word' id='word_1_349' title='bbox 1383 750 1584 785; x_wconf 82' lang='lat' dir='ltr'>ordinatione</span> <span class='ocrx_word' id='word_1_350' title='bbox 1611 752 1751 786; x_wconf 88' lang='lat' dir='ltr'>eiusdem</span> <span class='ocrx_word' id='word_1_351' title='bbox 1793 753 1853 787; x_wconf 91' lang='lat' dir='ltr'>ab-</span> 
     </span>
     <span class='ocr_line' id='line_1_63' title="bbox 1094 797 1850 847; baseline 0.008 -17"><span class='ocrx_word' id='word_1_352' title='bbox 1094 797 1184 836; x_wconf 78' lang='lat' dir='ltr'>batis,</span> <span class='ocrx_word' id='word_1_353' title='bbox 1212 807 1265 833; x_wconf 84' lang='lat' dir='ltr'>aut</span> <span class='ocrx_word' id='word_1_354' title='bbox 1287 800 1473 834; x_wconf 87' lang='lat' dir='ltr'>clericorum</span> <span class='ocrx_word' id='word_1_355' title='bbox 1497 801 1543 834; x_wconf 74' lang='lat' dir='ltr'>vel</span> <span class='ocrx_word' id='word_1_356' title='bbox 1578 801 1850 847; x_wconf 70' lang='lat' dir='ltr'>presbyterorum,</span> 
     </span>
     <span class='ocr_line' id='line_1_64' title="bbox 1092 848 1851 894; baseline 0.008 -15"><span class='ocrx_word' id='word_1_357' title='bbox 1092 855 1143 880; x_wconf 91' lang='lat' dir='ltr'>aut</span> <span class='ocrx_word' id='word_1_358' title='bbox 1172 848 1210 881; x_wconf 86' lang='lat' dir='ltr'>de</span> <span class='ocrx_word' id='word_1_359' title='bbox 1240 849 1403 893; x_wconf 69' lang='lat' dir='ltr'>largitione</span> <span class='ocrx_word' id='word_1_360' title='bbox 1423 849 1613 894; x_wconf 85' lang='lat' dir='ltr'>chrismatis,</span> <span class='ocrx_word' id='word_1_361' title='bbox 1643 851 1688 883; x_wconf 74' lang='lat' dir='ltr'>rel</span> <span class='ocrx_word' id='word_1_362' title='bbox 1713 851 1751 885; x_wconf 89' lang='lat' dir='ltr'>de</span> <span class='ocrx_word' id='word_1_363' title='bbox 1771 864 1851 885; x_wconf 89' lang='lat' dir='ltr'>con-</span> 
     </span>
     <span class='ocr_line' id='line_1_65' title="bbox 1090 897 1850 945; baseline 0.008 -17"><span class='ocrx_word' id='word_1_364' title='bbox 1090 897 1266 931; x_wconf 78' lang='lat' dir='ltr'>secratione</span> <span class='ocrx_word' id='word_1_365' title='bbox 1301 897 1471 939; x_wconf 79' lang='lat' dir='ltr'>basilicae,</span> <span class='ocrx_word' id='word_1_366' title='bbox 1501 899 1547 933; x_wconf 76' lang='lat' dir='ltr'>rel</span> <span class='ocrx_word' id='word_1_367' title='bbox 1571 899 1609 933; x_wconf 86' lang='lat' dir='ltr'>de</span> <span class='ocrx_word' id='word_1_368' title='bbox 1638 899 1850 945; x_wconf 82' lang='lat' dir='ltr'>quibuscum-</span> 
     </span>
     <span class='ocr_line' id='line_1_66' title="bbox 1090 947 1851 996; baseline 0.005 -18"><span class='ocrx_word' id='word_1_369' title='bbox 1090 957 1151 990; x_wconf 81' lang='lat' dir='ltr'>que</span> <span class='ocrx_word' id='word_1_370' title='bbox 1174 947 1276 980; x_wconf 82' lang='lat' dir='ltr'>causis</span> <span class='ocrx_word' id='word_1_371' title='bbox 1305 948 1341 980; x_wconf 85' lang='lat' dir='ltr'>ad</span> <span class='ocrx_word' id='word_1_372' title='bbox 1373 947 1455 981; x_wconf 81' lang='lat' dir='ltr'>idem</span> <span class='ocrx_word' id='word_1_373' title='bbox 1488 949 1715 982; x_wconf 78' lang='lat' dir='ltr'>monasterium</span> <span class='ocrx_word' id='word_1_374' title='bbox 1752 950 1851 996; x_wconf 85' lang='lat' dir='ltr'>pcrti-</span> 
     </span>
     <span class='ocr_line' id='line_1_67' title="bbox 1090 995 1848 1043; baseline 0.007 -16"><span class='ocrx_word' id='word_1_375' title='bbox 1090 995 1238 1029; x_wconf 81' lang='lat' dir='ltr'>nentibus</span> <span class='ocrx_word' id='word_1_376' title='bbox 1258 996 1373 1030; x_wconf 78' lang='lat' dir='ltr'>audere</span> <span class='ocrx_word' id='word_1_377' title='bbox 1398 998 1426 1029; x_wconf 90' lang='lat' dir='ltr'>in</span> <span class='ocrx_word' id='word_1_378' title='bbox 1443 997 1583 1043; x_wconf 88' lang='lat' dir='ltr'>qualibet</span> <span class='ocrx_word' id='word_1_379' title='bbox 1601 998 1721 1043; x_wconf 82' lang='lat' dir='ltr'>specie,</span> <span class='ocrx_word' id='word_1_380' title='bbox 1744 999 1848 1032; x_wconf 80' lang='lat' dir='ltr'>exenii</span> 
     </span>
     <span class='ocr_line' id='line_1_68' title="bbox 1090 1044 1846 1093; baseline 0.008 -18"><span class='ocrx_word' id='word_1_381' title='bbox 1090 1044 1156 1077; x_wconf 84' lang='lat' dir='ltr'>loco</span> <span class='ocrx_word' id='word_1_382' title='bbox 1182 1046 1353 1091; x_wconf 87' lang='lat' dir='ltr'>quicquam</span> <span class='ocrx_word' id='word_1_383' title='bbox 1389 1047 1544 1091; x_wconf 86' lang='lat' dir='ltr'>accipere,</span> <span class='ocrx_word' id='word_1_384' title='bbox 1579 1059 1683 1093; x_wconf 86' lang='lat' dir='ltr'>neque</span> <span class='ocrx_word' id='word_1_385' title='bbox 1710 1047 1846 1081; x_wconf 78' lang='lat' dir='ltr'>eundem</span> 
     </span>
     <span class='ocr_line' id='line_1_69' title="bbox 1087 1092 1847 1142; baseline 0.007 -17"><span class='ocrx_word' id='word_1_386' title='bbox 1087 1092 1231 1127; x_wconf 73' lang='lat' dir='ltr'>abbatem</span> <span class='ocrx_word' id='word_1_387' title='bbox 1259 1108 1314 1140; x_wconf 87' lang='lat' dir='ltr'>pro</span> <span class='ocrx_word' id='word_1_388' title='bbox 1337 1095 1533 1129; x_wconf 83' lang='lat' dir='ltr'>ordinatione</span> <span class='ocrx_word' id='word_1_389' title='bbox 1552 1108 1606 1130; x_wconf 87' lang='lat' dir='ltr'>sua</span> <span class='ocrx_word' id='word_1_390' title='bbox 1625 1096 1742 1142; x_wconf 89' lang='lat' dir='ltr'>aliquid</span> <span class='ocrx_word' id='word_1_391' title='bbox 1760 1096 1847 1137; x_wconf 88' lang='lat' dir='ltr'>dare;</span> 
     </span>
     <span class='ocr_line' id='line_1_70' title="bbox 1087 1145 1849 1192; baseline 0.007 -17"><span class='ocrx_word' id='word_1_392' title='bbox 1087 1154 1190 1189; x_wconf 70' lang='lat' dir='ltr'>neque</span> <span class='ocrx_word' id='word_1_393' title='bbox 1215 1145 1384 1191; x_wconf 76' lang='lat' dir='ltr'>episcopus</span> <span class='ocrx_word' id='word_1_394' title='bbox 1422 1145 1582 1188; x_wconf 81' lang='lat' dir='ltr'>civitatis,</span> <span class='ocrx_word' id='word_1_395' title='bbox 1617 1146 1718 1192; x_wconf 88' lang='lat' dir='ltr'>ipsius</span> <span class='ocrx_word' id='word_1_396' title='bbox 1754 1158 1849 1192; x_wconf 85' lang='lat' dir='ltr'>paro-</span> 
     </span>
     <span class='ocr_line' id='line_1_71' title="bbox 1085 1196 1847 1246; baseline 0.008 -17"><span class='ocrx_word' id='word_1_397' title='bbox 1085 1196 1187 1236; x_wconf 70' lang='lat' dir='ltr'>chiae,</span> <span class='ocrx_word' id='word_1_398' title='bbox 1219 1198 1278 1232; x_wconf 89' lang='lat' dir='ltr'>nisi</span> <span class='ocrx_word' id='word_1_399' title='bbox 1315 1199 1354 1233; x_wconf 93' lang='lat' dir='ltr'>ab</span> <span class='ocrx_word' id='word_1_400' title='bbox 1389 1198 1500 1233; x_wconf 82' lang='lat' dir='ltr'>abbate</span> <span class='ocrx_word' id='word_1_401' title='bbox 1529 1199 1627 1246; x_wconf 88' lang='lat' dir='ltr'>ipsius</span> <span class='ocrx_word' id='word_1_402' title='bbox 1663 1201 1847 1235; x_wconf 83' lang='lat' dir='ltr'>monasterii</span> 
     </span>
     <span class='ocr_line' id='line_1_72' title="bbox 1085 1251 1846 1299; baseline 0.005 -15"><span class='ocrx_word' id='word_1_403' title='bbox 1085 1251 1232 1288; x_wconf 76' lang='lat' dir='ltr'>invitatus</span> <span class='ocrx_word' id='word_1_404' title='bbox 1260 1251 1376 1286; x_wconf 78' lang='lat' dir='ltr'>ibidem</span> <span class='ocrx_word' id='word_1_405' title='bbox 1425 1252 1569 1299; x_wconf 86' lang='lat' dir='ltr'>publicas</span> <span class='ocrx_word' id='word_1_406' title='bbox 1610 1253 1724 1288; x_wconf 86' lang='lat' dir='ltr'>missas</span> <span class='ocrx_word' id='word_1_407' title='bbox 1759 1262 1846 1299; x_wconf 74' lang='lat' dir='ltr'>agat,</span> 
     </span>
     <span class='ocr_line' id='line_1_73' title="bbox 1086 1305 1847 1351; baseline 0.007 -14"><span class='ocrx_word' id='word_1_408' title='bbox 1086 1317 1186 1351; x_wconf 76' lang='lat' dir='ltr'>noque</span> <span class='ocrx_word' id='word_1_409' title='bbox 1213 1306 1363 1340; x_wconf 84' lang='lat' dir='ltr'>stationes</span> <span class='ocrx_word' id='word_1_410' title='bbox 1391 1306 1420 1339; x_wconf 89' lang='lat' dir='ltr'>iu</span> <span class='ocrx_word' id='word_1_411' title='bbox 1453 1305 1566 1340; x_wconf 89' lang='lat' dir='ltr'>eodem</span> <span class='ocrx_word' id='word_1_412' title='bbox 1595 1307 1753 1341; x_wconf 90' lang='lat' dir='ltr'>coenobio</span> <span class='ocrx_word' id='word_1_413' title='bbox 1796 1308 1847 1342; x_wconf 90' lang='lat' dir='ltr'>in-</span> 
     </span>
     <span class='ocr_line' id='line_1_74' title="bbox 1083 1358 1847 1408; baseline 0.007 -17"><span class='ocrx_word' id='word_1_414' title='bbox 1083 1358 1176 1396; x_wconf 84' lang='lat' dir='ltr'>dicat,</span> <span class='ocrx_word' id='word_1_415' title='bbox 1205 1371 1243 1393; x_wconf 88' lang='lat' dir='ltr'>nc</span> <span class='ocrx_word' id='word_1_416' title='bbox 1275 1372 1436 1394; x_wconf 83' lang='lat' dir='ltr'>servorum</span> <span class='ocrx_word' id='word_1_417' title='bbox 1471 1359 1528 1393; x_wconf 79' lang='lat' dir='ltr'>Dei</span> <span class='ocrx_word' id='word_1_418' title='bbox 1574 1360 1664 1407; x_wconf 90' lang='lat' dir='ltr'>quies</span> <span class='ocrx_word' id='word_1_419' title='bbox 1705 1373 1847 1408; x_wconf 88' lang='lat' dir='ltr'>quocun-</span> 
     </span>
     <span class='ocr_line' id='line_1_75' title="bbox 1082 1413 1846 1461; baseline 0.005 -16"><span class='ocrx_word' id='word_1_420' title='bbox 1082 1425 1143 1458; x_wconf 71' lang='lat' dir='ltr'>que</span> <span class='ocrx_word' id='word_1_421' title='bbox 1168 1413 1263 1447; x_wconf 89' lang='lat' dir='ltr'>modo</span> <span class='ocrx_word' id='word_1_422' title='bbox 1293 1413 1434 1460; x_wconf 86' lang='lat' dir='ltr'>populari</span> <span class='ocrx_word' id='word_1_423' title='bbox 1459 1421 1618 1447; x_wconf 78' lang='lat' dir='ltr'>conventu</span> <span class='ocrx_word' id='word_1_424' title='bbox 1642 1414 1741 1448; x_wconf 77' lang='lat' dir='ltr'>valeat</span> <span class='ocrx_word' id='word_1_425' title='bbox 1766 1426 1846 1461; x_wconf 85' lang='lat' dir='ltr'>per-</span> 
     </span>
     <span class='ocr_line' id='line_1_76' title="bbox 1083 1466 1845 1515; baseline 0.004 -16"><span class='ocrx_word' id='word_1_426' title='bbox 1083 1466 1212 1505; x_wconf 72' lang='lat' dir='ltr'>turbari.v</span> <span class='ocrx_word' id='word_1_427' title='bbox 1237 1479 1338 1514; x_wconf 75' lang='lat' dir='ltr'>neque</span> <span class='ocrx_word' id='word_1_428' title='bbox 1360 1467 1604 1501; x_wconf 89' lang='lat' dir='ltr'>mansionaticos</span> <span class='ocrx_word' id='word_1_429' title='bbox 1619 1466 1735 1501; x_wconf 79' lang='lat' dir='ltr'>exinde</span> <span class='ocrx_word' id='word_1_430' title='bbox 1752 1480 1845 1515; x_wconf 87' lang='lat' dir='ltr'>prae-</span> 
     </span>
     <span class='ocr_line' id='line_1_77' title="bbox 1082 1521 1845 1568; baseline 0 -13"><span class='ocrx_word' id='word_1_431' title='bbox 1082 1529 1186 1555; x_wconf 88' lang='lat' dir='ltr'>sumat</span> <span class='ocrx_word' id='word_1_432' title='bbox 1208 1522 1345 1567; x_wconf 79' lang='lat' dir='ltr'>exigere.</span> <span class='ocrx_word' id='word_1_433' title='bbox 1370 1521 1618 1568; x_wconf 88' lang='lat' dir='ltr'>Susceptionem</span> <span class='ocrx_word' id='word_1_434' title='bbox 1641 1529 1745 1556; x_wconf 89' lang='lat' dir='ltr'>autem</span> <span class='ocrx_word' id='word_1_435' title='bbox 1770 1522 1845 1556; x_wconf 84' lang='lat' dir='ltr'>fide-</span> 
     </span>
     <span class='ocr_line' id='line_1_78' title="bbox 1083 1575 1841 1622; baseline 0.003 -14"><span class='ocrx_word' id='word_1_436' title='bbox 1083 1575 1170 1612; x_wconf 82' lang='lat' dir='ltr'>lium,</span> <span class='ocrx_word' id='word_1_437' title='bbox 1210 1583 1263 1609; x_wconf 88' lang='lat' dir='ltr'>aut</span> <span class='ocrx_word' id='word_1_438' title='bbox 1295 1575 1514 1621; x_wconf 79' lang='lat' dir='ltr'>religiosorum</span> <span class='ocrx_word' id='word_1_439' title='bbox 1550 1575 1710 1614; x_wconf 79' lang='lat' dir='ltr'>virorum,</span> <span class='ocrx_word' id='word_1_440' title='bbox 1745 1583 1841 1622; x_wconf 86' lang='lat' dir='ltr'>atque</span> 
     </span>
     <span class='ocr_line' id='line_1_79' title="bbox 1083 1628 1842 1676; baseline 0.001 -14"><span class='ocrx_word' id='word_1_441' title='bbox 1083 1628 1336 1668; x_wconf 62' lang='lat' dir='ltr'>beneficentiam,</span> <span class='ocrx_word' id='word_1_442' title='bbox 1352 1641 1445 1676; x_wconf 84' lang='lat' dir='ltr'>quam</span> <span class='ocrx_word' id='word_1_443' title='bbox 1466 1628 1554 1663; x_wconf 88' lang='lat' dir='ltr'>iubet</span> <span class='ocrx_word' id='word_1_444' title='bbox 1573 1628 1746 1674; x_wconf 87' lang='lat' dir='ltr'>Apostolus</span> <span class='ocrx_word' id='word_1_445' title='bbox 1767 1642 1842 1664; x_wconf 89' lang='lat' dir='ltr'>cun-</span> 
     </span>
     <span class='ocr_line' id='line_1_80' title="bbox 1081 1682 1842 1729; baseline 0.003 -13"><span class='ocrx_word' id='word_1_446' title='bbox 1081 1684 1140 1717; x_wconf 90' lang='lat' dir='ltr'>ctis</span> <span class='ocrx_word' id='word_1_447' title='bbox 1162 1682 1387 1726; x_wconf 80' lang='lat' dir='ltr'>exhibendam,</span> <span class='ocrx_word' id='word_1_448' title='bbox 1416 1694 1473 1729; x_wconf 88' lang='lat' dir='ltr'>pro</span> <span class='ocrx_word' id='word_1_449' title='bbox 1495 1682 1706 1729; x_wconf 86' lang='lat' dir='ltr'>possibilitate</span> <span class='ocrx_word' id='word_1_450' title='bbox 1730 1682 1790 1717; x_wconf 92' lang='lat' dir='ltr'>loci</span> <span class='ocrx_word' id='word_1_451' title='bbox 1811 1691 1842 1718; x_wconf 86' lang='lat' dir='ltr'>et</span> 
     </span>
     <span class='ocr_line' id='line_1_81' title="bbox 1081 1736 1842 1779; baseline 0.003 -8"><span class='ocrx_word' id='word_1_452' title='bbox 1081 1736 1277 1779; x_wconf 78' lang='lat' dir='ltr'>facultatum,</span> <span class='ocrx_word' id='word_1_453' title='bbox 1306 1750 1367 1770; x_wconf 91' lang='lat' dir='ltr'>non</span> <span class='ocrx_word' id='word_1_454' title='bbox 1391 1737 1485 1770; x_wconf 89' lang='lat' dir='ltr'>modo</span> <span class='ocrx_word' id='word_1_455' title='bbox 1509 1736 1625 1771; x_wconf 84' lang='lat' dir='ltr'>ibidem</span> <span class='ocrx_word' id='word_1_456' title='bbox 1654 1736 1720 1771; x_wconf 83' lang='lat' dir='ltr'>fieri</span> <span class='ocrx_word' id='word_1_457' title='bbox 1741 1737 1842 1773; x_wconf 89' lang='lat' dir='ltr'>dene-</span> 
     </span>
     <span class='ocr_line' id='line_1_82' title="bbox 1080 1789 1841 1837; baseline 0.001 -13"><span class='ocrx_word' id='word_1_458' title='bbox 1080 1803 1202 1837; x_wconf 75' lang='lat' dir='ltr'>gamus,</span> <span class='ocrx_word' id='word_1_459' title='bbox 1226 1803 1334 1824; x_wconf 81' lang='lat' dir='ltr'>verum</span> <span class='ocrx_word' id='word_1_460' title='bbox 1360 1791 1454 1824; x_wconf 90' lang='lat' dir='ltr'>etiam</span> <span class='ocrx_word' id='word_1_461' title='bbox 1482 1789 1666 1824; x_wconf 87' lang='lat' dir='ltr'>suademus.</span> <span class='ocrx_word' id='word_1_462' title='bbox 1700 1789 1733 1825; x_wconf 87' lang='lat' dir='ltr'>Si</span> <span class='ocrx_word' id='word_1_463' title='bbox 1770 1791 1841 1837; x_wconf 90' lang='lat' dir='ltr'>quis</span> 
     </span>
     <span class='ocr_line' id='line_1_83' title="bbox 1081 1843 1839 1890; baseline 0.001 -13"><span class='ocrx_word' id='word_1_464' title='bbox 1081 1858 1153 1879; x_wconf 76' lang='lat' dir='ltr'>vcro</span> <span class='ocrx_word' id='word_1_465' title='bbox 1189 1856 1311 1890; x_wconf 76' lang='lat' dir='ltr'>regum,</span> <span class='ocrx_word' id='word_1_466' title='bbox 1351 1843 1590 1890; x_wconf 79' lang='lat' dir='ltr'>episcoporum,</span> <span class='ocrx_word' id='word_1_467' title='bbox 1627 1843 1839 1885; x_wconf 85' lang='lat' dir='ltr'>sacerdotum,</span> 
     </span>
     <span class='ocr_line' id='line_1_84' title="bbox 1079 1897 1840 1941; baseline 0 -9"><span class='ocrx_word' id='word_1_468' title='bbox 1079 1898 1240 1935; x_wconf 78' lang='lat' dir='ltr'>abbatum,</span> <span class='ocrx_word' id='word_1_469' title='bbox 1270 1897 1424 1935; x_wconf 82' lang='lat' dir='ltr'>iudicum,</span> <span class='ocrx_word' id='word_1_470' title='bbox 1448 1897 1618 1941; x_wconf 83' lang='lat' dir='ltr'>comitum,</span> <span class='ocrx_word' id='word_1_471' title='bbox 1645 1904 1699 1931; x_wconf 88' lang='lat' dir='ltr'>aut</span> <span class='ocrx_word' id='word_1_472' title='bbox 1723 1909 1840 1932; x_wconf 89' lang='lat' dir='ltr'>saecu-</span> 
     </span>
     <span class='ocr_line' id='line_1_85' title="bbox 1080 1950 1839 1999; baseline 0 -12"><span class='ocrx_word' id='word_1_473' title='bbox 1080 1953 1190 1987; x_wconf 91' lang='lat' dir='ltr'>larium</span> <span class='ocrx_word' id='word_1_474' title='bbox 1224 1964 1430 1999; x_wconf 84' lang='lat' dir='ltr'>personarum</span> <span class='ocrx_word' id='word_1_475' title='bbox 1458 1958 1565 1986; x_wconf 87' lang='lat' dir='ltr'>contra</span> <span class='ocrx_word' id='word_1_476' title='bbox 1593 1950 1675 1985; x_wconf 86' lang='lat' dir='ltr'>hanc</span> <span class='ocrx_word' id='word_1_477' title='bbox 1708 1960 1839 1987; x_wconf 88' lang='lat' dir='ltr'>nostrae</span> 
     </span>
     <span class='ocr_line' id='line_1_86' title="bbox 1080 2005 1837 2053; baseline 0.001 -13"><span class='ocrx_word' id='word_1_478' title='bbox 1080 2007 1285 2041; x_wconf 78' lang='lat' dir='ltr'>institutionis</span> <span class='ocrx_word' id='word_1_479' title='bbox 1327 2006 1471 2053; x_wconf 79' lang='lat' dir='ltr'>paginam</span> <span class='ocrx_word' id='word_1_480' title='bbox 1508 2005 1616 2040; x_wconf 69' lang='lat' dir='ltr'>venire</span> <span class='ocrx_word' id='word_1_481' title='bbox 1659 2007 1837 2042; x_wconf 76' lang='lat' dir='ltr'>tentaverit.</span> 
     </span>
     <span class='ocr_line' id='line_1_87' title="bbox 1080 2059 1840 2108; baseline -0.003 -13"><span class='ocrx_word' id='word_1_482' title='bbox 1080 2073 1248 2108; x_wconf 79' lang='lat' dir='ltr'>percussus</span> <span class='ocrx_word' id='word_1_483' title='bbox 1270 2060 1446 2107; x_wconf 85' lang='lat' dir='ltr'>apostolico</span> <span class='ocrx_word' id='word_1_484' title='bbox 1473 2059 1686 2104; x_wconf 86' lang='lat' dir='ltr'>anathemate,</span> <span class='ocrx_word' id='word_1_485' title='bbox 1703 2067 1840 2106; x_wconf 88' lang='lat' dir='ltr'>potesta-</span> 
     </span>
     <span class='ocr_line' id='line_1_88' title="bbox 1080 2113 1840 2159; baseline -0.001 -11"><span class='ocrx_word' id='word_1_486' title='bbox 1080 2116 1117 2149; x_wconf 88' lang='lat' dir='ltr'>tis</span> <span class='ocrx_word' id='word_1_487' title='bbox 1141 2114 1309 2149; x_wconf 80' lang='lat' dir='ltr'>honorisre</span> <span class='ocrx_word' id='word_1_488' title='bbox 1331 2114 1379 2148; x_wconf 88' lang='lat' dir='ltr'>sui</span> <span class='ocrx_word' id='word_1_489' title='bbox 1409 2113 1562 2159; x_wconf 80' lang='lat' dir='ltr'>dignitate</span> <span class='ocrx_word' id='word_1_490' title='bbox 1584 2120 1700 2154; x_wconf 86' lang='lat' dir='ltr'>careat,</span> <span class='ocrx_word' id='word_1_491' title='bbox 1729 2125 1840 2148; x_wconf 92' lang='lat' dir='ltr'>reum-</span> 
     </span>
     <span class='ocr_line' id='line_1_89' title="bbox 1078 2167 1836 2216; baseline -0.003 -13"><span class='ocrx_word' id='word_1_492' title='bbox 1078 2181 1139 2216; x_wconf 82' lang='lat' dir='ltr'>que</span> <span class='ocrx_word' id='word_1_493' title='bbox 1161 2181 1194 2203; x_wconf 88' lang='lat' dir='ltr'>se</span> <span class='ocrx_word' id='word_1_494' title='bbox 1216 2180 1320 2203; x_wconf 88' lang='lat' dir='ltr'>coram</span> <span class='ocrx_word' id='word_1_495' title='bbox 1356 2167 1463 2202; x_wconf 84' lang='lat' dir='ltr'>divino</span> <span class='ocrx_word' id='word_1_496' title='bbox 1498 2167 1617 2202; x_wconf 86' lang='lat' dir='ltr'>iudicio</span> <span class='ocrx_word' id='word_1_497' title='bbox 1651 2175 1836 2213; x_wconf 83' lang='lat' dir='ltr'>cognoscat,</span> 
     </span>
     <span class='ocr_line' id='line_1_90' title="bbox 1078 2219 1838 2268; baseline -0.001 -11"><span class='ocrx_word' id='word_1_498' title='bbox 1078 2232 1105 2257; x_wconf 85' lang='lat' dir='ltr'>et</span> <span class='ocrx_word' id='word_1_499' title='bbox 1130 2223 1189 2257; x_wconf 88' lang='lat' dir='ltr'>nisi</span> <span class='ocrx_word' id='word_1_500' title='bbox 1212 2234 1260 2262; x_wconf 82' lang='lat' dir='ltr'>ea,</span> <span class='ocrx_word' id='word_1_501' title='bbox 1283 2234 1364 2268; x_wconf 85' lang='lat' dir='ltr'>quae</span> <span class='ocrx_word' id='word_1_502' title='bbox 1386 2233 1402 2255; x_wconf 92' lang='lat' dir='ltr'>a</span> <span class='ocrx_word' id='word_1_503' title='bbox 1426 2232 1459 2255; x_wconf 87' lang='lat' dir='ltr'>se</span> <span class='ocrx_word' id='word_1_504' title='bbox 1482 2219 1563 2254; x_wconf 86' lang='lat' dir='ltr'>male</span> <span class='ocrx_word' id='word_1_505' title='bbox 1591 2227 1657 2254; x_wconf 86' lang='lat' dir='ltr'>acta</span> <span class='ocrx_word' id='word_1_506' title='bbox 1682 2228 1756 2255; x_wconf 90' lang='lat' dir='ltr'>sunt</span> <span class='ocrx_word' id='word_1_507' title='bbox 1785 2220 1838 2256; x_wconf 88' lang='lat' dir='ltr'>de-</span> 
     </span>
     <span class='ocr_line' id='line_1_91' title="bbox 1077 2273 1834 2321; baseline -0.001 -11"><span class='ocrx_word' id='word_1_508' title='bbox 1077 2276 1209 2317; x_wconf 73' lang='lat' dir='ltr'>fleverit,</span> <span class='ocrx_word' id='word_1_509' title='bbox 1242 2288 1258 2310; x_wconf 90' lang='lat' dir='ltr'>a</span> <span class='ocrx_word' id='word_1_510' title='bbox 1294 2275 1508 2310; x_wconf 72' lang='lat' dir='ltr'>sacratissimo</span> <span class='ocrx_word' id='word_1_511' title='bbox 1542 2285 1676 2321; x_wconf 87' lang='lat' dir='ltr'>corpore</span> <span class='ocrx_word' id='word_1_512' title='bbox 1702 2273 1834 2309; x_wconf 88' lang='lat' dir='ltr'>Domini</span> 
     </span>
     <span class='ocr_line' id='line_1_92' title="bbox 1077 2328 1837 2375; baseline -0.004 -10"><span class='ocrx_word' id='word_1_513' title='bbox 1077 2331 1175 2366; x_wconf 78' lang='lat' dir='ltr'>nostri</span> <span class='ocrx_word' id='word_1_514' title='bbox 1200 2330 1271 2364; x_wconf 83' lang='lat' dir='ltr'>lcsu</span> <span class='ocrx_word' id='word_1_515' title='bbox 1293 2329 1410 2364; x_wconf 87' lang='lat' dir='ltr'>Christi</span> <span class='ocrx_word' id='word_1_516' title='bbox 1433 2328 1556 2363; x_wconf 86' lang='lat' dir='ltr'>alienus</span> <span class='ocrx_word' id='word_1_517' title='bbox 1580 2328 1630 2362; x_wconf 82' lang='lat' dir='ltr'>fiat</span> <span class='ocrx_word' id='word_1_518' title='bbox 1654 2336 1748 2375; x_wconf 90' lang='lat' dir='ltr'>atque</span> <span class='ocrx_word' id='word_1_519' title='bbox 1775 2340 1837 2363; x_wconf 88' lang='lat' dir='ltr'>ae-</span> 
     </span>
     <span class='ocr_line' id='line_1_93' title="bbox 1077 2382 1836 2419; baseline -0.004 0"><span class='ocrx_word' id='word_1_520' title='bbox 1077 2393 1167 2419; x_wconf 87' lang='lat' dir='ltr'>terno</span> <span class='ocrx_word' id='word_1_521' title='bbox 1189 2384 1326 2419; x_wconf 84' lang='lat' dir='ltr'>examini</span> <span class='ocrx_word' id='word_1_522' title='bbox 1339 2383 1497 2418; x_wconf 86' lang='lat' dir='ltr'>districtae</span> <span class='ocrx_word' id='word_1_523' title='bbox 1510 2382 1641 2416; x_wconf 87' lang='lat' dir='ltr'>ultionis</span> <span class='ocrx_word' id='word_1_524' title='bbox 1664 2382 1836 2417; x_wconf 86' lang='lat' dir='ltr'>subiaceat.</span> 
     </span>
     <span class='ocr_line' id='line_1_94' title="bbox 1077 2436 1834 2474; baseline -0.004 -1"><span class='ocrx_word' id='word_1_525' title='bbox 1077 2438 1210 2473; x_wconf 86' lang='lat' dir='ltr'>Cunctis</span> <span class='ocrx_word' id='word_1_526' title='bbox 1232 2447 1336 2473; x_wconf 88' lang='lat' dir='ltr'>autem</span> <span class='ocrx_word' id='word_1_527' title='bbox 1364 2437 1468 2474; x_wconf 85' lang='lat' dir='ltr'>eidem</span> <span class='ocrx_word' id='word_1_528' title='bbox 1499 2437 1568 2470; x_wconf 93' lang='lat' dir='ltr'>loco</span> <span class='ocrx_word' id='word_1_529' title='bbox 1591 2436 1674 2470; x_wconf 78' lang='lat' dir='ltr'>iuxta</span> <span class='ocrx_word' id='word_1_530' title='bbox 1701 2447 1834 2470; x_wconf 78' lang='lat' dir='ltr'>serran-</span> 
     </span>
     <span class='ocr_line' id='line_1_95' title="bbox 1077 2488 1830 2539; baseline -0.004 -13"><span class='ocrx_word' id='word_1_531' title='bbox 1077 2492 1161 2526; x_wconf 89' lang='lat' dir='ltr'>tibus</span> <span class='ocrx_word' id='word_1_532' title='bbox 1182 2492 1222 2527; x_wconf 89' lang='lat' dir='ltr'>sit</span> <span class='ocrx_word' id='word_1_533' title='bbox 1244 2504 1303 2539; x_wconf 81' lang='lat' dir='ltr'>pax</span> <span class='ocrx_word' id='word_1_534' title='bbox 1329 2490 1459 2525; x_wconf 90' lang='lat' dir='ltr'>Domini</span> <span class='ocrx_word' id='word_1_535' title='bbox 1496 2489 1595 2523; x_wconf 90' lang='lat' dir='ltr'>nostri</span> <span class='ocrx_word' id='word_1_536' title='bbox 1617 2488 1690 2524; x_wconf 90' lang='lat' dir='ltr'>Iesu</span> <span class='ocrx_word' id='word_1_537' title='bbox 1711 2488 1830 2524; x_wconf 86' lang='lat' dir='ltr'>Christi</span> 
     </span>
     <span class='ocr_line' id='line_1_96' title="bbox 1076 2543 1836 2594; baseline -0.007 -13"><span class='ocrx_word' id='word_1_538' title='bbox 1076 2555 1232 2594; x_wconf 89' lang='lat' dir='ltr'>quatenus</span> <span class='ocrx_word' id='word_1_539' title='bbox 1267 2555 1296 2580; x_wconf 84' lang='lat' dir='ltr'>et</span> <span class='ocrx_word' id='word_1_540' title='bbox 1323 2546 1372 2579; x_wconf 90' lang='lat' dir='ltr'>hic</span> <span class='ocrx_word' id='word_1_541' title='bbox 1401 2545 1538 2578; x_wconf 81' lang='lat' dir='ltr'>fructum</span> <span class='ocrx_word' id='word_1_542' title='bbox 1567 2543 1668 2578; x_wconf 90' lang='lat' dir='ltr'>bonae</span> <span class='ocrx_word' id='word_1_543' title='bbox 1703 2544 1836 2578; x_wconf 79' lang='lat' dir='ltr'>actionis</span> 
     </span>
     <span class='ocr_line' id='line_1_97' title="bbox 1077 2597 1836 2648; baseline -0.005 -13"><span class='ocrx_word' id='word_1_544' title='bbox 1077 2601 1239 2648; x_wconf 77' lang='lat' dir='ltr'>recipiant,</span> <span class='ocrx_word' id='word_1_545' title='bbox 1251 2608 1281 2635; x_wconf 90' lang='lat' dir='ltr'>et</span> <span class='ocrx_word' id='word_1_546' title='bbox 1295 2599 1378 2647; x_wconf 85' lang='lat' dir='ltr'>apud</span> <span class='ocrx_word' id='word_1_547' title='bbox 1394 2598 1572 2632; x_wconf 90' lang='lat' dir='ltr'>districtum</span> <span class='ocrx_word' id='word_1_548' title='bbox 1590 2597 1728 2632; x_wconf 87' lang='lat' dir='ltr'>iudicem</span> <span class='ocrx_word' id='word_1_549' title='bbox 1742 2609 1836 2645; x_wconf 87' lang='lat' dir='ltr'>prae-</span> 
     </span>
     <span class='ocr_line' id='line_1_98' title="bbox 1076 2651 1678 2700; baseline -0.008 -10"><span class='ocrx_word' id='word_1_550' title='bbox 1076 2657 1136 2690; x_wconf 87' lang='lat' dir='ltr'>mia</span> <span class='ocrx_word' id='word_1_551' title='bbox 1155 2664 1299 2690; x_wconf 87' lang='lat' dir='ltr'>aeternae</span> <span class='ocrx_word' id='word_1_552' title='bbox 1324 2652 1410 2700; x_wconf 87' lang='lat' dir='ltr'>pacis</span> <span class='ocrx_word' id='word_1_553' title='bbox 1438 2651 1601 2686; x_wconf 84' lang='lat' dir='ltr'>inveniant</span> <span class='ocrx_word' id='word_1_554' title='bbox 1623 2653 1678 2695; x_wconf 85' lang='lat' dir='ltr'>(t).</span> 
     </span>
    </p>
   </div>
   <div class='ocr_carea' id='block_1_12' title="bbox 1110 2721 1657 2762">
    <p class='ocr_par' dir='ltr' id='par_1_14' title="bbox 1110 2721 1657 2762">
     <span class='ocr_line' id='line_1_99' title="bbox 1110 2721 1657 2762; baseline -0.009 -9"><span class='ocrx_word' id='word_1_555' title='bbox 1110 2725 1150 2762; x_wconf 87' lang='lat' dir='ltr'>(t)</span> <span class='ocrx_word' id='word_1_556' title='bbox 1166 2726 1268 2752; x_wconf 83' lang='lat' dir='ltr'>Desunt</span> <span class='ocrx_word' id='word_1_557' title='bbox 1282 2721 1463 2758; x_wconf 79' lang='lat' dir='ltr'>chronologici</span> <span class='ocrx_word' id='word_1_558' title='bbox 1478 2721 1657 2749; x_wconf 75' lang='lat' dir='ltr'>characteres.</span> 
     </span>
    </p>
   </div>
   <div class='ocr_carea' id='block_1_13' title="bbox 1874 1163 2060 1324">
    <p class='ocr_par' dir='ltr' id='par_1_15' title="bbox 1874 1163 2060 1324">
     <span class='ocr_line' id='line_1_100' title="bbox 1906 1163 2027 1185; baseline 0 0"><span class='ocrx_word' id='word_1_559' title='bbox 1906 1163 2027 1185; x_wconf 79' lang='lat' dir='ltr'>Omimodu</span> 
     </span>
     <span class='ocr_line' id='line_1_101' title="bbox 1875 1200 2060 1221; baseline 0.005 -1"><span class='ocrx_word' id='word_1_560' title='bbox 1875 1200 2005 1220; x_wconf 76' lang='lat' dir='ltr'>monasterii</span> <span class='ocrx_word' id='word_1_561' title='bbox 2033 1207 2060 1221; x_wconf 86' lang='lat' dir='ltr'>e-</span> 
     </span>
     <span class='ocr_line' id='line_1_102' title="bbox 1875 1235 2060 1264; baseline -0.011 -9"><span class='ocrx_word' id='word_1_562' title='bbox 1875 1236 1971 1264; x_wconf 78' lang='lat' dir='ltr'>xemptio</span> <span class='ocrx_word' id='word_1_563' title='bbox 1990 1235 2015 1256; x_wconf 76' lang='lat' dir='ltr'>ab</span> <span class='ocrx_word' id='word_1_564' title='bbox 2034 1243 2060 1257; x_wconf 83' lang='lat' dir='ltr'>e-</span> 
     </span>
     <span class='ocr_line' id='line_1_103' title="bbox 1875 1267 2059 1296; baseline 0.005 -9"><span class='ocrx_word' id='word_1_565' title='bbox 1875 1267 1963 1296; x_wconf 70' lang='lat' dir='ltr'>pist-opi</span> <span class='ocrx_word' id='word_1_566' title='bbox 1989 1268 2059 1288; x_wconf 63' lang='lat' dir='ltr'>iuri&gt;-</span> 
     </span>
     <span class='ocr_line' id='line_1_104' title="bbox 1874 1302 1982 1324; baseline 0.009 -1"><span class='ocrx_word' id='word_1_567' title='bbox 1874 1302 1982 1324; x_wconf 66' lang='lat' dir='ltr'>dictione.</span> 
     </span>
    </p>
   </div>
   <div class='ocr_carea' id='block_1_14' title="bbox 1872 1547 2059 1605">
    <p class='ocr_par' dir='ltr' id='par_1_16' title="bbox 1872 1547 2059 1605">
     <span class='ocr_line' id='line_1_105' title="bbox 1873 1547 2059 1577; baseline 0.011 -9"><span class='ocrx_word' id='word_1_568' title='bbox 1873 1547 1904 1569; x_wconf 82' lang='lat' dir='ltr'>De</span> <span class='ocrx_word' id='word_1_569' title='bbox 1924 1548 2059 1577; x_wconf 67' lang='lat' dir='ltr'>recipiendis</span> 
     </span>
     <span class='ocr_line' id='line_1_106' title="bbox 1872 1584 1996 1605; baseline 0.008 -1"><span class='ocrx_word' id='word_1_570' title='bbox 1872 1584 1996 1605; x_wconf 73' lang='lat' dir='ltr'>monachis.</span> 
     </span>
    </p>
   </div>
   <div class='ocr_carea' id='block_1_15' title="bbox 1870 1808 2053 1871">
    <p class='ocr_par' dir='ltr' id='par_1_17' title="bbox 1870 1808 2053 1871">
     <span class='ocr_line' id='line_1_107' title="bbox 1871 1808 2053 1828; baseline 0.005 -1"><span class='ocrx_word' id='word_1_571' title='bbox 1871 1808 1992 1828; x_wconf 74' lang='lat' dir='ltr'>Anatbcnia</span> <span class='ocrx_word' id='word_1_572' title='bbox 2034 1816 2053 1828; x_wconf 82' lang='lat' dir='ltr'>iu</span> 
     </span>
     <span class='ocr_line' id='line_1_108' title="bbox 1870 1842 2016 1871; baseline 0.007 -8"><span class='ocrx_word' id='word_1_573' title='bbox 1870 1842 2016 1871; x_wconf 68' lang='lat' dir='ltr'>refragantrs.</span> 
     </span>
    </p>
   </div>
  </div>
 </body>
</html>
