2237 3127
168 346 218 373 An.
236 344 265 372 C.
284 343 352 372 4018

171 1234 281 1256 Cemune
303 1239 357 1253 cou-

170 1273 205 1292 tra
247 1267 358 1300 privilegii

172 1306 236 1330 huin·
257 1309 357 1329 temen—

172 1345 241 1366 toret.

438 336 507 370 532
972 327 1160 353 normaton!
1182 323 1345 348 nonaum!

387 401 520 446 Insuper
546 392 733 431 anathemati
762 389 932 424 subiaceat.
956 384 1137 419 Statuentcs
1515 373 1588 408 XV,

386 455 506 502 (lull'l‘e
544 446 712 496 ³P⁰Sl⁰llc²¹
752 453 884 479 censum
900 467 909 484 θ
948 438 1137 473 {mammam
1179 452 1338 484 Decretum
1365 446 1686 483 excommun{cationis
1713 451 1818 478 contra
1845 445 1931 479 iuva-

386 507 466 543 beati
500 503 582 539 Petri
618 499 830 548 apostolorum
871 492 1045 542 principis,
1079 489 1138 524 sub

385 560 482 597 divini
503 555 609 592 iudicii
637 551 858 589 obtestatione,
881 555 911 582 et
931 545 1138 581 anathematis

384 608 678 649 interdictionibus7
712 613 743 639 nt
770 602 875 637 nullus
906 611 1046 646 unquam
1079 610 1138 631 no-

383 677 519 704 strorum
543 671 764 698 suceessorum
789 654 986 704 pontificum,
1014 652 1060 686 vel
1079 651 1137 686 alia

383 720 541 769 quaelibet
576 727 686 761 magna
717 722 874 760 parvaque
910 718 1043 754 persona
1078 718 1137 749 ea,

381 787 461 823 quae
484 786 498 807 a
522 771 612 806 nobis
635 769 672 803 ad
694 766 820 802 laudem
850 763 907 797 Dei
932 774 987 808 pro
1015 760 1139 794 stabili-

383 837 445 864 tate
467 826 513 861 vet
537 830 707 871 augmento
730 817 881 867 praedicti
904 815 1056 863 episcopii
1073 822 1139 849 sta-

382 890 448 917 tuta
474 887 572 917 sunt,
608 876 782 921 refragare,
822 879 874 906 aut
908 870 939 903 in
977 881 1137 916 quoquam

383 933 582 980 transgredi,
604 938 657 966 aut
693 926 810 974 aliquid
846 924 961 960 exinde
995 924 1138 957 minuere

383 990 518 1029 audeat3
553 986 695 1023 scilicet,
731 983 809 1017 sicut
833 978 981 1026 superius
1008 989 1022 1011 a
1047 976 1139 1010 nobis

382 1052 545 1081 statutum,
574 1040 621 1075 vel
649 1047 834 1074 concessum
859 1041 924 1073 est,
952 1032 993 1066 ita
1017 1043 1138 1078 peren—

382 1098 476 1133 nibus
497 1108 534 1131 ac
561 1092 722 1142 perpetuis
744 1087 940 1135 temporibus
973 1085 1041 1119 sine
1074 1085 1138 1118 ali—

380 1165 442 1200 qua
483 1149 671 1184 minuitione
705 1144 864 1192 permittat
901 1142 932 1175 iu
972 1148 1137 1174 aeternum

381 1215 575 1253 permanere.
599 1201 633 1236 Si
659 1200 729 1247 quis
751 1206 867 1236 autem,
889 1193 975 1241 qnod
1000 1205 1061 1227 non
1079 1206 1138 1238 op-

382 1269 496 1303 tamus,
532 1254 697 1291 temerario
725 1264 815 1289 ausu,
848 1258 955 1284 contra
983 1248 1044 1281 hoc
1080 1259 1139 1280 no-

381 1323 480 1350 strum
504 1309 700 1358 privilegium
717 1306 835 1347 venire,
855 1312 907 1339 aut
931 1303 961 1337 in
978 1314 1137 1349 quoquam

382 1369 428 1402 ire
455 1362 714 1412 praesumpserit,
736 1369 765 1394 et
787 1359 868 1393 sieut
886 1357 1032 1404 superius
1055 1369 1069 1390 a
1087 1367 1140 1389 no-

382 1421 431 1456 bis
452 1427 605 1455 statutuin
633 1423 696 1458 est,
721 1415 760 1448 ita
789 1412 920 1447 firmiter
954 1422 1139 1457 permanere

384 1488 446 1510 non
470 1471 625 1508 dimiserit
647 1476 677 1503 et
703 1468 733 1501 in
761 1466 914 1501 omnibus
937 1477 997 1499 non
1027 1464 1140 1498 ohser-

384 1528 518 1570 vaverit,
541 1526 618 1560 sciat
640 1535 673 1557 sc
696 1521 756 1556 nisi
782 1519 947 1566 resipuerit
963 1547 970 1556 ,
1002 1517 1141 1552 auctori-

384 1590 446 1618 tate
467 1580 526 1616 Dei
555 1575 781 1624 omnipotentis
803 1582 833 1607 et
855 1573 936 1607 beati
960 1572 1043 1606 Petri
1067 1584 1142 1617 apo-

387 1636 540 1672 stolorum
565 1630 730 1680 principis,
753 1637 846 1676 atque
864 1635 982 1669 nostra,
1004 1626 1056 1673 qui
1073 1626 1142 1660 eins

385 1689 549 1735 fungimur
580 1684 800 1721 vicariatione,
828 1680 1036 1716 anathematis
1073 1679 1142 1712 vin-

384 1743 457 1779 culo
493 1753 563 1776 esse
591 1738 803 1774 innodatum,
842 1742 871 1769 et
904 1746 920 1768 a
961 1745 1056 1779 regno
1083 1732 1142 1767 Dei

384 1797 568 1837 alienatum,
596 1800 688 1839 atque
712 1802 782 1825 cnm
806 1787 882 1822 luda
906 1786 1053 1821 traditore
1076 1786 1143 1820 Do-

386 1850 463 1885 mini
501 1847 598 1884 nostri
633 1846 706 1880 Iesu
745 1842 888 1885 Christi,
925 1849 955 1876 et
992 1840 1142 1875 omnibns

386 1903 511 1951 pompis
546 1902 616 1936 cius
651 1907 779 1934 aeterno
816 1895 962 1930 incendio
1003 1906 1144 1928 concre-

387 1957 552 1993 mandum.
579 1954 641 1996 Qui
666 1963 738 1987 vero
768 1951 819 1998 pio
843 1949 957 1984 intuitu
980 1956 1085 1982 custos
1113 1956 1143 1982 et

388 2012 572 2047 observator
606 2007 701 2042 huius
729 2004 825 2039 nostri
861 2002 1024 2050 apostolici
1049 2001 1145 2048 privi-

391 2065 462 2111 legii
484 2064 515 2098 in
546 2061 695 2097 omnihus
729 2057 888 2101 extiterit,
915 2055 1146 2091 benedictionis

392 2117 537 2165 gratiam,
563 2115 722 2160 vitamque
757 2119 916 2147 aeternam
939 2121 955 2144 a
984 2110 1064 2143 iusto
1095 2110 1147 2143 iu—

389 2173 460 2207 dice
485 2169 627 2205 Domino
647 2168 716 2202 Deo
745 2172 852 2200 nostro
878 2172 909 2198 et
930 2163 969 2198 ab
996 2163 1147 2198 omnihus

389 2224 506 2261 sanctis
541 2223 611 2257 eius
637 2219 789 2266 consequi
817 2225 974 2252 mereatur
1008 2217 1040 2251 in
1075 2229 1147 2251 sae—

391 2279 460 2314 cula
493 2276 714 2314 saeculorum,
750 2283 853 2307 amen.
892 2270 1054 2317 Scriptum
1091 2282 1147 2317 per

392 2344 522 2367 manum
559 2328 687 2375 Georgii
720 2326 830 2361 notarii
864 2325 1032 2371 regionarii
1056 2333 1149 2372 atque

391 2385 548 2421 scriniarii
588 2390 716 2418 sanctae
755 2379 946 2426 apostolicae
974 2378 1080 2419 sedis,
1118 2379 1149 2413 in

395 2451 504 2474 mense
547 2437 646 2477 iulio„
677 2434 849 2469 indictione
885 2433 996 2480 prima.
1034 2432 1149 2467 Datum

396 2494 455 2527 kal.
492 2491 616 2538 augusti
645 2503 699 2537 per
732 2500 860 2523 inanum
888 2486 1017 2521 Domini
1053 2487 1149 2533 gratia

394 2546 532 2581 Bosonis
553 2544 694 2592 episcopi
717 2551 746 2577 et
769 2540 997 2576 bibliothecarii
1024 2548 1151 2575 sanctae

396 2599 587 2648 apostolicae
614 2597 708 2633 sedis.
738 2596 825 2631 Bene
847 2594 957 2629 valete.

446 2669 509 2699 Dat.
530 2668 576 2698 dic
599 2669 612 2697 1
638 2666 756 2705 augusti
779 2674 855 2695 anno
877 2664 993 2694 Domini
1011 2664 1099 2702 1018,

518 2716 621 2756 pontis.
643 2715 752 2747 Bened.
774 2724 850 2746 auno
871 2723 900 2745 vl
921 2715 966 2745 vel
983 2723 1031 2744 vu.

1226 512 1306 533 sores
1333 501 1481 532 bonorum
1511 498 1715 531 Cltmt'accnst's
1740 498 1928 534 monasterii,

1229 551 1288 583 nisi
1313 549 1511 594 satisfecerint
1539 551 1594 591 tl).

1443 617 1660 648 sustitittttUM

1178 678 1385 708 Monasterium
1413 677 1605 707 Cluiuacense
1629 686 1643 705 a
1667 685 1724 714 quo
1755 674 1841 705 suerit
1864 685 1933 705 con-

1219 723 1383 755 structum3
1416 717 1451 746 ab
1484 717 1622 746 omnibus
1652 716 1778 745 liberum
1811 716 1932 745 omnino

1219 759 1399 787 declaratum
1416 762 1444 786 et
1465 767 1479 786 a
1504 757 1629 786 suminis
1649 765 1765 795 quoque
1786 756 1933 794 pontilici-

1221 798 1275 827 bus
1306 797 1467 837 privilegiis
1497 801 1643 826 ornatum.
1670 813 1709 818 —
1733 795 1828 831 Quare
1855 800 1931 825 tanta

1219 838 1293 868 bona
1314 839 1379 867 data
1395 839 1420 866 ei
1438 838 1506 867 sint.
1519 854 1559 858 —
1573 836 1684 866 Causae
1704 836 1813 865 decreti
1833 836 1932 866 huius.

1217 895 1257 900 —
1271 878 1350 914 Quae
1371 878 1573 915 religiosorum
1589 877 1719 906 locorum
1733 885 1800 905 cura
1818 876 1934 914 pontili-

1219 918 1304 948 cibus
1329 919 1426 947 inesse
1450 917 1564 947 debeat.
1596 933 1636 938 —
1666 915 1789 945 Nomina
1817 924 1933 953 eorum,

1219 959 1269 997 qni
1293 958 1417 987 scelesta
1440 961 1644 996 perpetrarunt
1667 956 1695 985 iu
1721 956 1933 985 monasterium

1219 998 1328 1027 eteius
1349 998 1433 1028 hona.
1451 1015 1491 1020 —
1512 998 1569 1027 Alii
1592 997 1679 1026 etiam
1703 1005 1761 1025 non
1779 995 1932 1026 absimiles

1220 1043 1436 1077 persecutores.
1458 1054 1498 1059 —
1520 1037 1574 1066 Eos
1608 1037 1775 1066 exhortatur
1797 1036 1833 1065 ad
1862 1036 1935 1065 resi-

1221 1078 1404 1116 piscendum.
1436 1094 1475 1099 —
1496 1077 1691 1106 Cluniacense
1720 1077 1932 1106 monasterium

1221 1118 1389 1156 specialiter
1415 1122 1527 1155 spectat
1548 1118 1582 1146 ad
1607 1118 1707 1147 sedem
1730 1117 1934 1155 apostolicam.

1218 1175 1258 1180 —-
1276 1158 1446 1187 Adhortatio
1464 1158 1602 1196 supradd.
1620 1161 1649 1186 ut
1672 1157 1864 1195 resipiscant3
1881 1156 1935 1186 ab-

1219 1198 1273 1227 lata
1298 1198 1470 1233 restitnant3
1494 1202 1520 1225 ct
1542 1206 1672 1234 congrue
1696 1197 1730 1226 (le
1753 1196 1858 1226 ablatis
1888 1206 1937 1227 sa-

1222 1238 1368 1266 tisfaciant
1392 1238 1463 1266 inl‘ra
1490 1247 1631 1266 inensem.

1182 1295 1320 1324 Bcnedictus
1337 1304 1375 1333 pcr
1392 1295 1493 1324 ‹lirinani
1510 1295 1608 1330 matiani
1632 1298 1724 1323 sanctae
1754 1294 1871 1324 Romanae
1893 1295 1935 1325 Ec-

1220 1335 1305 1364 clcsiac
1327 1335 1428 1374 prat-sul,
1453 1339 1474 1363 ct
1497 1336 1625 1373 episcopus,
1651 1334 1758 1364 omuibus
1779 1334 1886 1365 fratribus
1914 1340 1937 1365 et

1220 1376 1361 1413 corpiscupis
1393 1384 1432 1413 μοι·
1458 1375 1616 1410 Burgundiam
1631 1398 1636 1411 ‚
1653 1375 1817 1412 Aquitaniam,
1837 1379 1859 1405 et
1882 1375 1937 1405 l‘ro-

1220 1415 1318 1443 vinciann
1338 1415 1476 1449 constitutisv
1502 1414 1633 1443 linrchardo
1655 1415 1743 1444 scilicet
1765 1415 1939 1455 archiepiscopo

1223 1455 1387 1493 Lug-duncnxi,
1412 1455 1514 1483 ciiisdcin
1545 1454 1644 1483 nominis
1670 1455 1842 1494 archiepiscopo
1869 1455 1938 1485 Vien-

1222 1496 1296 1529 nensi,
1320 1495 1430 1523 illdtcriu
1452 1495 1624 1533 archicpiscopi)
1648 1495 1804 1533 Bcsonsiensi,
1828 1495 1940 1526 walterio

1221 1543 1323 1563 sttnnnac
1348 1535 1468 1567 rcliciiuiis
1494 1535 1601 1572 episcopo
1632 1535 1855 1572 itugzistoduncnsh
1889 1536 1940 1565 Ste-

1222 1574 1297 1611 phano
1317 1575 1423 1612 cpiscupa
1440 1575 1586 1610 Arxrrnrnsi,
1610 1574 1735 1604 Frcdcloni
1752 1575 1860 1614 episcopo
1885 1575 1938 1604 Ani-

1222 1614 1311 1650 cicnsi,
1343 1615 1457 1643 (iausrcdu
1492 1614 1599 1652 cpixcopo
1630 1613 1792 1651 Cabilonrnsi,
1818 1615 1940 1644 Lainberto

1223 1655 1329 1692 episcopo
1346 1654 1496 1690 Lina-uncini,
1516 1654 1626 1682 tlziiisiino
1645 1654 1752 1692 episcopo
1765 1654 1939 1693 ilaitiscottcitsi,

1222 1692 1329 1731 licigoni
1353 1695 1460 1732 episcopo
1484 1693 1653 1730 l'acutincnsi,
1677 1693 1809 1723 llarnlanno
1833 1695 1941 1733 episcopo

1223 1732 1360 1770 l'iraricnsi,
1377 1734 1458 1763 Pontio
1476 1734 1648 1772 archiepiscopo
1670 1734 1810 1771 Arelatensi,
1830 1734 1941 1764 Arihaltlo

1224 1773 1331 1811 episcopo
1354 1773 1491 1807 Facticcnsi,
1509 1773 1617 1802 (tto'rtco
1633 1773 1741 1812 episcopo
1759 1773 1937 1812 Tricassinensi,

1223 1812 1322 1841 Gcrahlu
1345 1814 1452 1851 episcopa
1476 1813 1606 1850 vapicensi,
1632 1812 1700 1842 Petro
1725 1813 1833 1852 episcopo
1865 1813 1942 1844 Vassi-

1224 1853 1298 1890 ncnst,
1318 1853 1440 1883 Eldehcrto
1463 1853 1570 1891 episcopo
1587 1853 1745 1890 Avintonensi,
1762 1852 1877 1892 Stephano
1893 1854 1942 1892 epi-

1223 1900 1292 1929 scopa
1310 1894 1520 1931 (Iarpcntoratcusi,
1545 1892 1669 1922 Ahncrado
1688 1893 1796 1931 episcopo
1812 1893 1939 1931 Rhcgcnsi,

1224 1932 1387 1962 salutatiuncin
1411 1938 1431 1962 ct
1455 1933 1652 1970 benedictionem,
1673 1943 1701 1962 cx
1719 1937 1782 1972 parte
1800 1933 1841 1962 Dei
1865 1934 1941 1963 onini-

1226 1974 1332 2009 putentis,
1351 1978 1370 2001 ct
1392 1973 1451 2002 hcati
1473 1974 1534 2003 Petri
1550 1975 1705 2012 apostolorum
1716 1973 1839 2012 principis,
1857 1977 1878 2002 et
1892 1982 1943 2002 mea

1225 2012 1268 2081 qui¹
1282 2015 1448 2052 pracsnliitunt,
1465 2015 1519 2044 licet
1542 2013 1664 2052 indignus,
1688 2018 1768 2043 tenere
1789 2013 1868 2043 videor
1886 2021 1943 2052 apo·

1225 2058 1259 2083 sto
1273 2054 1321 2082 icae
1340 2054 1408 2083 sedis.

1244 2120 1269 2150 1.
1294 2117 1463 2163 Liquidum
1489 2126 1552 2155 est,
1589 2116 1802 2151 Cluniacense
1831 2128 1943 2151 mona-

1188 2167 1319 2201 sterium
1335 2167 1408 2200 olim
1429 2178 1445 2200 a
1460 2165 1623 2200 Wiltclmo
1640 2166 1834 2200 nobilissimo
1849 2166 1945 2213 Aqui-

1190 2225 1333 2250 [anorum
1371 2216 1511 2262 principe
1548 2216 1577 2249 in
1614 2228 1692 2262 pago
1722 2215 1944 2250 Matisconensi

1189 2273 1416 2304 constructum,
1440 2265 1509 2311 ipso
1532 2273 1644 2310 agente
1660 2277 1731 2299 cum
1751 2265 1943 2312 apostolicae

1190 2314 1274 2349 sedis
1297 2314 1443 2360 pontifice
1466 2323 1495 2348 et
1520 2326 1720 2349 romanorum
1742 2315 1944 2361 imperatore,

1190 2364 1318 2409 regibus
1340 2376 1466 2410 quoque
1486 2363 1680 2398 Francorum
1703 2372 1733 2398 et
1748 2364 1947 2410 Burgundio·

1192 2426 1267 2447 num
1284 2440 1292 2455 a
1328 2413 1411 2459 quod
1449 2413 1487 2447 ita
1515 2413 1554 2447 sit
1576 2413 1615 2447 ab
1642 2414 1728 2447 omni
1750 2413 1947 2448 subiectione

1191 2462 1356 2497 cuiuslibet
1384 2475 1548 2509 personae,
1572 2463 1635 2497 sive
1663 2463 1762 2508 regis,
1785 2462 1850 2497 sive
1877 2463 1948 2509 cpi-

1192 2512 1290 2558 scopi⁷
1317 2512 1389 2548 sire
1415 2512 1540 2545 comitis
1574 2512 1732 2552 liberum,
1760 2521 1793 2547 ut
1828 2512 1947 2559 aliquid

1192 2561 1303 2596 debeat
1328 2560 1406 2595 nulli
1430 2561 1489 2595 nisi
1513 2561 1579 2595 Deo
1610 2569 1640 2595 et
1662 2571 1769 2595 sancto
1790 2561 1885 2596 Petro
1917 2568 1948 2595 et

1193 2611 1277 2645 sedis
1305 2611 1493 2656 apostolicae
1521 2623 1647 2645 summo
1676 2610 1823 2657 praesuli.
1858 2610 1948 2652 Quae

1193 2660 1320 2695 libertas
1340 2672 1355 2693 a
1383 2660 1506 2694 (eunctis
1528 2660 1781 2695 antecessoribus
1808 2660 1948 2705 nostris,

1228 2717 1267 2753 (t)
1284 2718 1324 2744 Ex
1344 2720 1409 2744 tom.
1431 2724 1459 2743 xt
1475 2716 1588 2749 Concil.‚
1605 2716 1655 2744 col.
1675 2716 1755 2744 1085.

1955 318 2006 345 An.
2022 316 2052 345 C.
2070 315 2140 345 10¹8

1994 2135 2155 2158 Mon-tortum

1969 2172 2117 2194 etant-conso
2143 2178 2156 2194 ι

1970 2215 2013 2238 quo
2023 2207 2091 2230 tuerit
2099 2213 2156 2229 eon-

1971 2246 2090 2273 ntruetum3
2127 2241 2155 2264 ab

1971 2277 2072 2301 omnibu·
2092 2277 2156 2300 tibe-

1970 2322 2018 2336 rum
2065 2312 2156 2336 omnino

1971 2352 2109 2376 ‹tectu-tun
2133 2355 2156 2376 ut

1972 2398 1983 2412 ι
2000 2390 2096 2411 Summis
2104 2395 2158 2419 quo·

1971 2434 2013 2457 qno
2036 2424 2157 2448 Pontifici-

1971 2463 2011 2486 bun
2028 2460 2158 2493 privilegii·

1972 2507 2083 2526 ornatum.
