2237 3127
533 267 603 302 686
856 270 860 271 ’
1055 275 1248 300 acuamur!
1270 275 1436 300 nomm

484 332 674 370 Matrimonii
695 332 856 368 vinculum
879 331 1110 377 indissolubile,
1134 335 1179 367 78
1205 345 1236 367 α.
1258 332 1330 367 Νοιι
1356 331 1581 367 celebrandum
1612 331 1665 368 ubi
1692 331 1863 380 spiritualis
1888 334 2021 371 affinitas

582 383 760 422 intercedit,
789 385 859 417 595
885 385 913 417 b.

484 433 692 469 Maximianus
713 433 883 479 episcopus
904 432 1119 479 Syracusanus
1145 431 1280 467 vicarius
1302 431 1503 478 Apostolicae
1529 430 1625 467 Sedis
1651 443 1708 480 per
1734 431 1876 468 Siciliam
1895 444 1911 467 a
1938 432 2022 469 Gre-

582 481 703 528 goriol
725 482 787 516 PP.
811 482 1023 521 constituitur,
1049 483 1117 516 160
1139 483 1168 516 b.

484 531 624 567 Medardi
646 530 702 575 (S.)
725 532 949 566 monasterium
972 531 1243 566 confirmationem
1264 530 1418 565 bonorum
1441 537 1472 565 et
1494 530 1730 578 privilegiorum
1753 543 1883 566 suorum
1901 531 2023 568 obtinet

583 580 730 616 aloanne
755 581 827 615 VIII
849 581 925 619 PP.,
950 582 1020 615 54⁶2
1042 594 1061 615 α
1089 589 1116 615 et
1145 582 1173 621 b,
1198 593 1256 615 nec
1279 592 1340 614 non
1362 582 1433 614 545
1454 593 1473 614 a
1495 589 1525 614 et
1547 582 1576 614 b.

485 630 694 666 Meinwercus
716 632 886 678 episeopus
903 630 1148 665 Paterbonensis
1171 630 1368 677 privilegium
1392 629 1513 664 obtinet
1535 642 1550 664 a
1569 630 1744 666 Benedicto
1757 630 1843 674 VIII,
1864 643 1927 678 quo
1940 631 2023 667 bona

581 681 685 715 omnia
709 680 747 715 ab
774 679 1016 727 imperatoribus
1037 692 1072 715 ac
1095 680 1264 727 praecipue
1278 692 1294 714 a
1317 679 1351 714 S.
1366 679 1493 719 Enrico,
1509 679 1646 726 regibus,
1669 680 1804 715 ducibus
1825 681 2022 730 caeterisque

582 730 730 764 omnibus
756 730 918 764 Ecclesiae
940 742 1014 764 suae
1042 730 1154 764 donata
1177 730 1415 771 confirmantur,
1438 731 1509 763 514
1532 741 1551 763 α
1573 737 1602 763 et
1628 731 1656 764 b.

486 779 808 825 llleldnnesburgense
841 779 1065 814 monasterium
1101 779 1272 825 privilegiis
1300 778 1460 813 nonnullis
1482 779 1616 813 donatur
1643 791 1659 813 a
1687 778 1798 826 Sergio
1819 778 1833 813 I
1854 779 1930 821 PP.,
1951 782 2018 815 211

584 831 601 863 b
623 838 651 863 et
674 832 743 863 212
771 842 789 863 α
812 837 841 863 et
861 831 890 872 b,
921 841 978 863 nec
1001 841 1063 863 non
1091 831 1163 862 ⁶215
1185 841 1214 863 α.

486 878 711 925 Mesburgense
738 879 961 913 monasterium
989 879 1020 913 in
1042 879 1259 926 episcopatum
1281 877 1411 923 erigitur
1429 889 1445 912 a
1464 876 1580 912 Ioanne
1596 876 1669 912 VIII
1688 877 1753 912 PP.
1777 886 1808 913 et
1828 878 2023 925 Magdebur-

585 929 672 973 gensi
699 928 866 962 subiicitur
891 928 929 962 ab
952 928 1063 962 eodem
1090 928 1257 970 Pontifice,
1280 930 1352 961 415
1369 940 1398 961 a.

486 976 737 1023 llIetropolitanis
763 990 818 1012 sua
841 978 906 1012 iura
929 986 1002 1012 sunt
1028 977 1192 1021 servanda,
1216 979 1261 1012 5⁶2
1284 990 1313 1011 α.
1333 977 1382 1011 Ab
1396 977 1553 1023 episcopis
1574 983 1647 1011 sunt
1673 976 1716 1011 illi
1738 977 1875 1024 eligendi
1897 979 1972 1013 ibid.
1993 980 2023 1013 b.

486 1026 619 1061 Michael
642 1028 899 1074 archiepiscopus
925 1027 1142 1061 salernitanus
1164 1026 1434 1061 confirmationem
1463 1027 1591 1071 iurium,
1615 1026 1848 1074 privilegiorum
1862 1035 2025 1074 metropo—

585 1077 697 1111 litanae
718 1077 879 1111 Ecclesiae
902 1088 976 1111 suae
999 1078 1058 1111 iam
1081 1089 1097 1111 a
1124 1077 1257 1112 summis
1283 1076 1492 1111 Pontificibus
1519 1088 1742 1111 concessorum
1765 1076 1885 1112 obtinet
1905 1089 1921 1111 a
1948 1076 2026 1113 Ser-

585 1127 636 1172 gio
659 1127 699 1160 lx*
722 1126 799 1169 ΡΡ.,
826 1129 898 1160 495
920 1139 937 1160 a
961 1135 989 1160 et
1012 1129 1040 1160 b.

488 1174 562 1209 Milo
583 1176 680 1210 abbas
705 1176 739 1210 S.
764 1176 900 1211 Iustinae
927 1176 1092 1211 Patavinae
1119 1175 1390 1210 confirmationem
1423 1174 1579 1210 bonorum
1606 1183 1636 1209 et
1668 1176 1781 1211 iurium
1811 1175 1927 1211 intuitu
1960 1177 2025 1212 Lo-

586 1225 675 1259 tharii
699 1226 790 1264 nrimi
807 1225 959 1260 coenobio
975 1238 1032 1261 suo
1054 1225 1172 1260 obtinet
1191 1238 1206 1259 a
1225 1224 1380 1271 Gregorio
1401 1224 1443 1259 IV
1465 1224 1541 1265 PP.,
1564 1226 1634 1258 ⁶277
1652 1238 1672 1260 α
1693 1233 1723 1259 et
1744 1228 1773 1265 b,
1802 1238 1860 1261 nec
1877 1238 1938 1261 non
1962 1239 2022 1273 seq.

486 1273 626 1308 Miniatis
649 1275 693 1309 Sj»
707 1275 881 1310 Florentini
898 1276 1124 1310 monasterium
1143 1275 1414 1310 confirmationem
1429 1274 1584 1308 bonorum
1608 1275 1749 1310 omnium
1767 1275 1805 1309 ab
1820 1275 2025 1318 lldebrando,

584 1324 751 1359 Lamlierto
781 1334 809 1359 et
843 1325 969 1359 Athone
1000 1324 1191 1359 Florentinis
1223 1324 1380 1372 episcopis
1407 1324 1435 1358 ei
1466 1336 1690 1359 concessorum
1725 1325 1846 1360 obtinet
1872 1337 1888 1360 a
1909 1325 2026 1361 Bene-

584 1374 669 1408 dicto
691 1374 733 1408 lx
756 1374 833 1418 PP.,
856 1377 927 1409 565
945 1387 963 1408 a
981 1383 1011 1409 et
1029 1387 1088 1419 seq.

485 1422 725 1458 Minturniensis
746 1424 886 1459 Ecclesia
902 1424 1080 1458 Forniiensi
1102 1423 1211 1457 unitur
1238 1436 1252 1458 a
1275 1423 1430 1470 Gregorio
1456 1422 1564 1462 IPP.,
1594 1426 1662 1458 159
1685 1425 1702 1458 b
1728 1432 1759 1458 et
1783 1437 1844 1469 seq.

485 1472 564 1507 Miro
591 1474 759 1520 episcopus
780 1473 998 1508 Gerundensis
1030 1473 1252 1507 monasterium
1288 1473 1522 1507 Bisuldtinense
1549 1472 1660 1507 fundat
1686 1473 1852 1508 adiuvante
1881 1473 1932 1508 illo
1954 1473 2025 1509 Oli-

586 1522 666 1557 bano
693 1532 721 1557 et
744 1523 922 1557 Seniofrido
942 1524 1010 1557 eius
1032 1522 1179 1557 fratribus
1201 1531 1230 1557 et
1257 1522 1424 1557 comitibus
1448 1521 1748 1566 Bisuldunensibus,
1775 1526 1845 1557 444
1869 1524 1886 1558 b
1908 1531 1939 1558 et
1962 1537 2024 1571 seq.

486 1571 669 1618 Moguntina
688 1572 827 1607 Ecclesia
855 1573 1039 1619 metropolis
1061 1581 1185 1607 creatur
1211 1584 1228 1607 a
1255 1572 1403 1607 Zacharia
1422 1571 1498 1612 PP.,
1521 1580 1551 1607 et
1571 1572 1610 1607 ab
1632 1572 1742 1607 eodem
1766 1572 1920 1608 Pontifice
1942 1575 2027 1609 assi-

582 1630 695 1667 gnatur
716 1623 744 1656 ei
767 1622 938 1669 provincia,
962 1625 1031 1656 257
1055 1635 1073 1655 α
1096 1630 1126 1655 et
1147 1623 1175 1655 b.

485 1671 631 1705 Monaclii
656 1672 752 1706 invito
775 1672 885 1706 abbate
908 1684 970 1706 non
998 1679 1070 1706 sunt
1094 1670 1273 1714 ordinandi,
1305 1682 1362 1704 nec
1395 1670 1433 1704 ad
1457 1670 1593 1705 honores
1616 1671 1834 1717 promovendi,
1859 1675 1940 1707 471.
1963 1672 2027 1708 Pro

582 1732 691 1755 eorum
714 1721 855 1755 libertate
878 1721 1001 1756 decreta
1029 1721 1185 1755 nonnulla
1207 1720 1302 1754 donat
1324 1719 1499 1766 Gregorius
1525 1719 1537 1754 I
1560 1719 1636 1763 PP.,
1663 1722 1739 1754 ibid.

484 1769 760 1804 Monothelitarum
789 1771 926 1805 haeresis
948 1770 1098 1805 refellitur
1119 1782 1134 1804 a
1164 1769 1327 1803 Martinol
1352 1769 1415 1804 PP.
1439 1769 1468 1803 in
1497 1781 1582 1803 sacra
1605 1769 1809 1804 Lateranensi
1837 1771 1962 1819 synodo
1988 1771 2027 1807 ab

582 1820 690 1854 eodem
715 1820 866 1854 Pontifice
892 1828 1060 1855 convocata
1083 1819 1121 1854 ad
1145 1819 1229 1853 illam
1253 1819 1537 1858 condemnandam,
1558 1821 1626 1853 Δ187
1654 1820 1672 1853 b
1698 1827 1802 1864 etseq.

484 1869 745 1903 Monteferetrana
768 1869 908 1904 Ecclesia
931 1870 1104 1904 Ravennati
1127 1868 1292 1903 subiicitur
1313 1880 1328 1903 a
1350 1867 1504 1915 Gregorio
1526 1867 1554 1902 V
1581 1868 1645 1902 PP.
1665 1880 1736 1903 cum
1763 1869 1913 1905 omnibus
1933 1869 2026 1906 bonis

588 1927 617 1952 et
646 1920 846 1965 pertinentiis
869 1920 946 1957 suis,
975 1922 1046 1954 468
1074 1921 1090 1953 b
1111 1927 1141 1953 et
1167 1931 1225 1963 seq.

486 1967 601 2002 Montis
626 1968 753 2002 Maioris
775 1970 1000 2003 monasterium
1030 1968 1299 2003 confirmationem
1322 1967 1478 2002 bonorum
1500 1975 1531 2002 et
1553 1967 1717 2015 privilegia
1744 1967 1881 2016 plurima
1902 1968 2026 2004 obtinet

583 2030 597 2050 a
621 2016 775 2063 Gregorio
802 2018 828 2051 V
850 2018 927 2058 PP.,
956 2021 1025 2053 475
1055 2031 1073 2052 α
1094 2027 1125 2052 et
1149 2020 1177 2061 b,
1202 2029 1257 2052 nec
1286 2029 1348 2051 non
1371 2030 1430 2062 seq.

483 2066 691 2101 Montisserati
717 2068 939 2102 monasterium
963 2068 1000 2102 ab
1027 2068 1111 2102 omni
1146 2066 1297 2101 saeculari
1326 2067 1370 2101 vel
1400 2066 1612 2101 ecclesiastica
1646 2065 1866 2101 iurisdictione
1887 2066 2023 2103 liberum

581 2115 768 2161 declaratur,
790 2117 947 2164 variisque
971 2117 1142 2164 privilegiis
1169 2116 1304 2151 donatur
1321 2128 1337 2151 a
1364 2116 1537 2151 Benedicto
1564 2116 1607 2150 VI
1631 2115 1713 2157 PP.,
1742 2118 1813 2151 45⁶2
1834 2128 1854 2151 a
1875 2124 1906 2151 et
1922 2118 1951 2159 b,
1967 2128 2027 2153 nec

584 2177 647 2200 ΠΟΠ
671 2179 729 2211 seq.

483 2213 684 2249 mosomense
707 2216 931 2250 monasterium
948 2215 1039 2249 bonis
1057 2215 1192 2249 donatur
1211 2214 1250 2249 ab
1266 2214 1422 2249 Alberone
1436 2213 1587 2249 Remensi
1603 2214 1766 2262 episcopo,
1790 2216 1860 2249 559
1884 2217 1913 2250 b.
1936 2215 2025 2251 Haec

582 2264 661 2298 hona
677 2264 902 2299 confirmantur
913 2266 939 2299 ei
956 2277 971 2298 a
987 2265 1019 2299 S.
1037 2265 1130 2301 Sede.
1151 2266 1220 2298 560
1236 2277 1266 2298 α.
1279 2264 1420 2298 Tandem
1436 2264 1631 2310 privilegium
1645 2263 1766 2298 obtinet
1784 2276 1801 2298 a
1814 2264 1933 2298 Ioanne
1946 2264 2022 2299 XIII

584 2313 643 2347 ΡΙ).
669 2326 749 2360 quo,
778 2315 969 2348 contii-matis
991 2316 1059 2348 eius
1082 2314 1183 2350 bonis,
1211 2314 1270 2347 sub
1293 2314 1486 2361 protectione
1511 2313 1603 2347 Sedis
1630 2313 1831 2360 Apostolicae
1855 2313 2020 2362 recipitur,

583 2365 653 2396 4⁶28
675 2365 702 2396 b.
725 2365 795 2396 429
818 2376 847 2397 a.

483 2411 671 2446 Mutinensis
692 2412 833 2447 Ecclesia
855 2412 1010 2459 Gregorio
1032 2412 1183 2460 episcopo
1210 2411 1415 2459 gubernanda
1442 2410 1662 2453 demandatur,
1685 2413 1730 2446 89
1757 2413 1786 2446 b.

1230 2545 1266 2584 N

482 2665 694 2700 Narbonensis
711 2665 852 2700 Ecclesia
874 2665 1144 2700 confirmationem
1173 2665 1328 2700 bonorum
1357 2674 1387 2700 et
1410 2665 1568 2713 privilegia
1591 2665 1743 2702 nonnulla
1765 2666 1887 2703 obtinet
1909 2680 1926 2704 a
1946 2667 2019 2703 Ste-

578 2717 682 2762 phano
706 2715 745 2749 vl
767 2715 842 2760 PP.,
872 2718 941 2750 575
969 2728 989 2750 α
1015 2725 1045 2750 et
1067 2718 1095 2760 b,
1123 2727 1181 2751 nec
1203 2727 1267 2750 non
1288 2728 1349 2761 seq.

981 2766 985 2769 ’
998 2764 1033 2780 BQ

1783 2753 1820 2762 ’ἡ
