2237 3127
19 309 72 338 An.
97 306 126 337 C.
148 309 200 336 449

17 1113 92 1135 Crucis
117 1113 200 1142 signum

18 1149 125 1171 fronilbus
138 1157 202 1179 prun·-

17 1186 138 1208 fert-mlum.

51 1413 135 1434 ventas

892 330 918 353 S.
948 329 1011 352 LEO
1039 329 1050 352 1
1079 328 1130 351 ΡΙ).

229 387 319 424 510115
333 386 499 431 didicistis,
517 392 550 421 ut
564 393 715 433 negantes
733 396 838 420 veram
855 382 974 420 Christi

230 450 370 482 carnem,
396 445 427 471 et
455 437 555 484 ipsam
581 435 676 471 Verbi
709 434 876 470 essentiam
904 446 978 481 pas-

230 487 325 532 sioni,
351 487 510 534 mortique
541 485 734 526 subdentes,
761 484 895 519 alienam
930 483 978 517 sa-

231 537 319 572 ciatis
341 544 478 571 nostram
502 548 518 570 a
540 548 597 570 suo
624 543 801 581 reparatore
825 541 977 576 naturam,

232 595 407 634 totumque,
429 585 513 633 quod
529 597 605 619 crux
624 583 740 627 intulit,
762 582 847 629 quod
870 582 977 616 lancea

232 636 415 676 vulneravit,
437 634 519 682 quod
547 633 705 680 sepulchri
732 632 811 678 lapis
841 631 980 677 suscepit

233 694 263 721 et
289 684 447 726 reddidit,
481 683 581 718 solum
609 682 706 716 fuisse
741 694 822 728 opus
855 681 979 715 divinae

233 735 403 782 potentiae,
422 745 483 768 non
499 732 591 766 etiam
607 731 793 766 humilitatis
808 731 980 765 humanae?

234 785 473 831 propterquam
500 780 673 829 Apostolus
694 780 782 815 dicit:
805 779 876 814 Non
894 779 978 815 enirn

233 834 384 868 erubesco
418 831 615 877 evangelium
644 833 710 875 (a):
741 830 891 877 quoniam
922 841 981 863 no-

235 891 318 917 verat
339 881 430 929 quale
452 880 632 915 christianis
653 879 845 915 obiiceretur
863 891 980 926 oppro-

235 932 338 966 brium
363 931 402 966 ab
428 930 577 965 inimicis.
611 929 652 964 Et
688 929 758 964 ideo
784 930 878 964 etiam
911 927 980 963 Do-

235 982 339 1016 minus
361 980 601 1028 protestabatur,
620 979 744 1014 dicens:
767 978 828 1020 Qui
845 990 895 1013 me
910 991 980 1013 con·

235 1031 335 1065 sessus
364 1029 459 1065 suerit
493 1042 597 1064 coram
625 1028 828 1070 hominibus,
864 1035 895 1062 et
921 1040 980 1074 ego

234 1079 410 1115 confitebor
436 1079 524 1114 illum
556 1091 660 1114 coram
696 1078 788 1112 Patre
823 1090 893 1112 meo
928 1080 980 1121 (b).

234 1129 273 1164 Hi
287 1130 371 1164 enim
393 1141 455 1164 non
475 1137 568 1164 erunt
585 1127 674 1174 digni
692 1127 892 1162 confessione
907 1127 981 1162 Filii

235 1189 264 1214 et
284 1179 397 1220 Patris,
423 1179 542 1226 quibus
564 1190 649 1213 nunc
675 1190 747 1212 caro
765 1176 883 1212 Christi
900 1190 983 1212 vere-

233 1229 380 1264 cundiam
402 1228 492 1263 facit:
528 1227 767 1275 probabuntque
802 1240 835 1262 se
864 1227 980 1262 nullam

236 1278 274 1313 de
301 1279 392 1325 signo
418 1278 522 1313 crucis
543 1277 717 1324 sumpsisse
744 1277 902 1319 virtutem,
929 1277 981 1324 qui

235 1328 320 1376 quod
344 1327 586 1375 praeferendum
608 1327 761 1361 frontibus
782 1336 982 1374 aeceperunt,

238 1390 380 1425 promere
402 1377 493 1412 labiis
516 1377 716 1412 erubescunt.

285 1429 318 1462 9.
345 1427 532 1471 Declinate,
567 1426 639 1470 filii,
674 1426 712 1460 ab
739 1425 788 1460 1115
819 1425 983 1461 diabolicis

19 1494 25 1505 ·
66 1493 83 1505 ιι
118 1493 174 1505 ιω»Δ
199 1497 203 1499 -
238 1476 511 1523 persuasionibus,
538 1475 705 1511 declinate.
728 1475 898 1510 Veritatem
924 1476 981 1511 Dei

237 1527 318 1561 nulla
347 1538 395 1560 res
417 1526 532 1564 violat,
562 1525 616 1560 sed
650 1525 761 1560 veritas
788 1538 846 1559 nos
869 1525 927 1559 nisi
951 1525 981 1560 in

237 1584 341 1610 nostra
370 1588 462 1610 carue
485 1588 548 1610 non
576 1575 684 1610 salvat.
717 1574 839 1609 Veritas
866 1575 984 1623 quippe

236 1626 327 1670 (sicut
356 1625 504 1672 propheta
536 1625 588 1669 ait)
612 1624 651 1659 de
672 1632 753 1660 terra
775 1632 840 1659 orta
868 1633 925 1666 est,
954 1634 984 1660 et

236 1675 281 1710 sic
302 1674 439 1709 Verbum
463 1675 560 1709 Maria
586 1674 683 1721 Virgo
707 1674 863 1721 concepit,
888 1682 920 1708 ut
948 1688 984 1709 11-

238 1725 382 1759 niendam
410 1724 469 1759 sibi
492 1736 618 1761 carnem
653 1724 691 1759 de
721 1736 776 1758 sua
809 1724 982 1759 substantia

237 1775 426 1809 ministraret
453 1777 506 1818 (ωε
538 1787 596 1808 1133
618 1786 689 1808 311111
712 1774 887 1808 adiectione
910 1787 984 1821 per—

237 1836 343 1869 sonae,
362 1836 420 1858 nec
433 1836 503 1858 cum
519 1824 721 1858 evacuatione
744 1831 887 1864 naturae,
910 1837 986 1870 quo-

238 1874 319 1908 niam
347 1874 401 1920 qui
423 1882 489 1908 erat
516 1873 546 1908 in
575 1873 673 1907 1011113
694 1873 771 1913 Dei,
796 1873 835 1907 ita
863 1874 985 1920 accepit

238 1923 368 1957 formam
391 1923 484 1964 servi,
507 1931 540 1957 111
562 1934 644 1956 1111115
666 1931 759 1969 atque
778 1922 860 1957 idem
878 1924 909 1957 in
926 1922 985 1957 for-

230 1985 278 2006 ma
316 1981 449 2019 utraque
482 1973 521 2006 sit
555 1971 723 2012 Christus,
751 1973 920 2008 inclinante
951 1986 984 2008 se

236 2022 303 2056 Deo
330 2034 430 2069 usque
452 2022 489 2056 ad
513 2022 620 2056 infima
643 2022 797 2061 hominis,
826 2030 857 2057 ct
880 2023 983 2070 proli-

236 2071 339 2106 ciente
361 2071 488 2107 homine
512 2085 612 2119 usque
640 2071 679 2106 ad
702 2084 823 2106 summa
847 2072 982 2113 deitatis,

236 2121 358 2156 dicente
386 2121 555 2168 Apostolo:
584 2121 726 2163 Quorum
751 2129 870 2169 patres,
894 2131 921 2157 et
945 2135 983 2157 ex

235 2170 352 2217 quibus
382 2170 529 2206 Christus
558 2171 736 2206 secundum
758 2184 906 2217 caruem,
930 2173 983 2220 qui

236 2228 283 2254 est
310 2233 406 2267 super
427 2223 531 2256 omnia
553 2221 641 2256 Deus
660 2221 845 2257 benedictus
859 2222 890 2257 in
913 2235 981 2258 sae-

236 2269 305 2305 cula
329 2272 382 2314 (d).
406 2271 507 2306 Amen
535 2273 591 2316 (1).

272 2430 311 2466 (α)
322 2431 397 2458 Rom.
413 2432 436 2457 1.
475 2431 602 2467 (matare.
625 2432 649 2458 S.
672 2432 735 2459 Luc.
756 2432 796 2459 ¹2.
836 2431 870 2467 (e)
888 2432 982 2459 Psalm.

237 2466 279 2493 Su.
318 2467 355 2502 ((1)
372 2468 448 2493 Rom.
461 2468 485 2492 9.
527 2467 564 2499 (1)
583 2468 654 2493 Hanc
670 2469 805 2501 epistolam
826 2468 857 2494 ad
879 2469 983 2494 Flavia-

238 2510 300 2528 num
317 2510 436 2529 assereie
453 2510 503 2529 non
528 2503 738 2529 dubitaverimus
759 2509 884 2537 scriptam
906 2504 985 2530 fnisse

238 2538 304 2564 circa
325 2538 429 2564 initium
449 2539 509 2564 anni
530 2538 597 2569 intro,
620 2538 660 2564 vet
684 2539 760 2565 linem
787 2539 982 2573 praecedentis3

240 2574 265 2598 l‘.
287 2573 356 2599 enim
375 2574 468 2607 Pagius
488 2574 512 2599 in
533 2573 650 2599 Brevi-ar.
673 2574 765 2600 Pontis.
792 2579 817 2600 et
838 2575 936 2600 Concil.
959 2575 983 2601 in

240 2609 292 2634 vita
312 2608 341 2635 B.
363 2609 467 2641 Leonis,
488 2609 503 2643 S
524 2617 582 2639 xiv,
604 2617 661 2634 enm
677 2617 745 2635 anno
762 2610 812 2635 [1119
832 2610 945 2636 delatam
970 2618 983 2636 a

240 2643 329 2682 legatis
348 2644 492 2679 pontificiis
512 2645 545 2671 ad
562 2645 814 2680 pseudo—synodum
826 2645 984 2680 Epliesinam

237 2682 341 2707 1553111.

1683 313 1722 346 71

1367 378 1439 414 XII.

1020 450 1208 483 Aclhortatio
1244 449 1287 482 ad
1313 448 1503 492 Ephesr'nam
1534 447 1711 491 Synodttm,
1742 453 1776 480 ut

1072 499 1248 543 Eutychelt's
1276 509 1392 531 errores
1415 498 1548 534 damnet,
1574 497 1659 530 citius
1681 508 1775 530 causa

1070 549 1164 592 leyatt'
1184 548 1364 580 mittuntur.-
1388 547 1415 580 εἰ
1436 554 1547 587 tamen,
1561 547 1589 579 si
1608 546 1775 590 resipiscat,

1070 598 1313 631 communionem
1335 608 1396 629 non
1418 608 1476 629 csse
1497 596 1720 640 dencyandam.

1291 664 1506 696 SUMMARIUM

1019 723 1232 753 Incarnationis
1256 723 1342 752 fidem
1362 732 1395 751 ex
1410 722 1597 751 consessione
1616 721 1694 752 Petri
1710 731 1775 761 pro-

1060 763 1136 793 bari.
1149 763 1284 793 —Fides
1301 762 1379 791 Petri
1401 762 1540 801 exposita.
1556 761 1774 792 —Concilium

1060 804 1096 833 ad
1124 812 1238 833 errores
1266 802 1440 838 abolendos,
1464 806 1491 831 et
1514 801 1700 831 reducendos
1729 811 1775 831 er-

1060 848 1159 872 rantes
1181 842 1345 872 convocari.
1365 859 1406 863 —
1430 842 1529 879 Legati
1552 842 1716 881 apostolici.
1737 858 1777 864 —-

1060 883 1247 912 Dainnandos
1281 882 1362 911 iubet
1388 881 1559 920 Eutychetis
1587 890 1715 921 errores.
1737 898 1777 903 —

1060 922 1190 952 Dandum
1224 927 1321 952 tamen
1352 921 1447 951 eidem
1471 922 1727 958 communionem,
1750 921 1774 950 si

1061 972 1176 993 errores
1195 972 1265 992 suos
1284 960 1595 992 animaverit—Una
1611 961 1697 990 debet
1709 969 1776 991 esse

1061 1003 1135 1033 fides
1155 1008 1183 1032 et
1199 1012 1256 1032 una
1271 1001 1432 1032 confessio.

1057 1070 1105 1099 Leo
1125 1070 1265 1106 episcopus
1282 1069 1358 1099 urbis
1378 1069 1475 1097 Romae
1495 1069 1605 1097 sanctae
1626 1068 1738 1103 synodo,

1168 1122 1236 1151 quae
1252 1115 1323 1151 apud
1341 1114 1472 1150 Ephesum
1496 1114 1630 1142 convenit.

1070 1178 1228 1225 Religiosa
1256 1177 1495 1213 clementissimi
1518 1176 1673 1224 principis
1695 1176 1775 1211 fides

1023 1229 1127 1263 sciens
1153 1228 1191 1263 ad
1219 1240 1308 1262 suam
1342 1227 1472 1273 gloriam
1508 1227 1644 1261 maxime
1673 1227 1777 1274 perti-

1024 1290 1110 1319 nere,
1138 1278 1163 1312 si
1186 1278 1266 1314 iutra
1288 1277 1463 1312 Ecclesiam
1491 1276 1678 1311 catholicam
1703 1277 1776 1311 nul-

1024 1328 1084 1363 lius
1112 1328 1227 1363 erroris
1248 1340 1377 1374 germen
1407 1334 1600 1373 exsurgeret,
1623 1326 1704 1361 lianc
1728 1339 1778 1361 re-

1024 1378 1193 1413 verentiam
1221 1377 1336 1411 divinis
1359 1376 1471 1411 detulit
1498 1376 1661 1417 institutis,
1686 1384 1720 1410 ut
1737 1376 1774 1410 ad

1023 1437 1149 1463 sanctae
1171 1427 1389 1473 dispositionis
1413 1425 1580 1470 effectum,
1614 1426 1778 1461 auctorita-

1026 1486 1085 1512 tem
1107 1477 1297 1524 apostolicae
1316 1476 1400 1511 sedis
1422 1475 1605 1510 adhiberet:
1626 1472 1777 1523 tanquam

1024 1527 1062 1562 ab
1085 1528 1152 1574 ipso
1175 1526 1355 1561 beatissimo
1390 1526 1484 1560 Petro
1511 1533 1643 1572 cuperet
1664 1525 1781 1560 deela-

1025 1577 1097 1618 rari,
1131 1576 1206 1623 quid
1231 1577 1261 1610 in
1297 1576 1365 1611 eius
1388 1575 1586 1610 consessione
1613 1575 1775 1610 laudatum

1024 1627 1081 1670 sit,
1107 1626 1234 1673 quando
1261 1625 1386 1661 dicente
1408 1624 1563 1660 Domino:
1598 1624 1701 1667 Quem
1726 1637 1776 1660 me

1027 1775 1089 1822 puli
1113 1783 1347 1810 memorarunt:
1371 1775 1425 1809 sed
1445 1787 1543 1822 quum
1562 1774 1602 1809 ab
1621 1775 1677 1815 eis,
1700 1774 1774 1820 quid

1026 1826 1083 1872 ipsi
1107 1825 1272 1859 crederent
1294 1833 1508 1871 quaereretur,
1532 1824 1679 1871 princeps
1701 1836 1776 1870 apo-

1025 1875 1175 1909 stolorum
1211 1874 1439 1921 plenitudinem
1467 1874 1539 1909 fidei
1574 1874 1660 1908 brevi
1701 1886 1775 1908 ser-

1025 1936 1118 1958 mone
1147 1924 1346 1970 complexus:
1374 1924 1423 1958 Tu
1450 1936 1495 1968 es,
1530 1923 1647 1970 inquit,
1681 1922 1776 1958 Chri-

1025 1982 1093 2008 stus
1114 1974 1196 2008 filius
1215 1973 1271 2007 Dei
1294 1973 1358 2007 vivi
1381 1978 1435 2018 (a):
1458 1974 1518 2009 hoc
1539 1981 1598 2015 est,
1622 1981 1653 2007 tu
1668 1974 1721 2020 qui
1742 1985 1776 2007 es

1027 2036 1097 2058 vere
1125 2023 1208 2058 1111115
1242 2023 1390 2064 1101111315,
1426 2023 1509 2058 idem
1532 2035 1603 2058 vere
1637 2035 1671 2057 es
1694 2023 1776 2058 1111115

1026 2072 1083 2107 Dei
1111 2073 1185 2108 vivi:
1215 2081 1260 2117 tu,
1283 2072 1409 2120 inquam
1424 2101 1432 2115 ,
1466 2085 1558 2108 verus
1584 2072 1614 2107 in
1637 2072 1775 2118 deitate,

1027 2135 1117 2157 verus
1140 2123 1172 2157 in
1199 2135 1303 2163 carne,
1331 2130 1361 2157 et
1382 2123 1441 2157 suh
1463 2122 1607 2169 geminae
1630 2122 1777 2170 proprie—

1026 2181 1087 2207 tate
1128 2180 1257 2207 naturae
1301 2172 1450 2220 utrinque
1487 2185 1580 2207 unus.
1621 2172 1716 2214 Quod
1749 2172 1774 2207 si

1026 2222 1184 2270 Eutyches
1203 2222 1414 2268 intelligenter
1439 2235 1476 2257 ac
1497 2222 1645 2257 vivaciter
1670 2222 1775 2257 crede-

1028 2280 1093 2313 ret,
1121 2284 1322 2319 nequaquam
1349 2272 1388 2307 ab
1414 2272 1510 2307 huius
1544 2272 1617 2307 fidei
1652 2272 1775 2306 tramite

1027 2322 1173 2357 deviaret.
1201 2322 1336 2369 Propter
1363 2334 1456 2369 quam
1477 2322 1504 2357 ei
1528 2321 1739 2369 respondetur
1758 2333 1775 2356 a

1026 2372 1180 2406 Domino:
1197 2372 1315 2406 Beatus
1326 2384 1372 2416 es,
1387 2372 1499 2407 Simon
1517 2371 1683 2412 Bar-Jona‚
1702 2371 1775 2418 quia

1026 2434 1097 2456 caro
1128 2430 1158 2456 et
1179 2422 1310 2468 sanguis
1342 2434 1405 2456 non
1435 2421 1583 2456 revelavit
1612 2420 1685 2464 tibi,
1719 2420 1775 2455 sed

1027 2471 1119 2505 Pater
1141 2484 1244 2512 meus,
1267 2472 1322 2518 qui
1342 2480 1388 2506 est
1405 2471 1435 2505 in
1452 2471 1565 2506 coelis:
1589 2479 1620 2506 et
1633 2482 1691 2517 ego
1706 2470 1776 2505 dico

1027 2521 1094 2560 11111,
1127 2522 1200 2568 quia
1229 2529 1261 2555 tu
1284 2533 1318 2556 es
1345 2521 1479 2562 Petrus,
1506 2528 1538 2555 et
1566 2533 1663 2568 super
1696 2519 1777 2555 hanc

1028 2579 1145 2617 petram
1174 2570 1348 2605 aedificabo
1382 2570 1559 2605 Ecclesiam
1593 2582 1719 2610 meam,
1746 2577 1777 2604 et

1027 2629 1134 2667 portae
1160 2620 1250 2655 inferi
1278 2633 1342 2655 non
1376 2620 1601 2668 praevalebunt
1627 2619 1778 2654 adversus

1026 2682 1105 2704 eam.
1128 2670 1229 2704 Nimis
1245 2679 1351 2706 autem
1372 2682 1389 2706 a
1403 2681 1557 2718 compage
1579 2669 1674 2704 huius
1689 2668 1778 2704 aedi·

1061 2726 1100 2762 (a)
1117 2726 1212 2754 alatur.
1238 2728 1280 2755 16.

1798 302 1851 330 An.
1877 298 1906 328 C.
1929 300 1981 328 449

1828 1621 1988 1643 luminationis

1024 1689 1093 1711 esse
1120 1676 1230 1710 dicunt
1248 1675 1394 1710 homines
1417 1675 1515 1709 11111111]
1539 1675 1690 1710 hominis?
1710 1674 1776 1709 Va-
1805 1658 1904 1716 fi,f¹,‘‚⁴'3','‚‚„⁴'
1936 1666 1988 1715 “.”“ἰ,

1025 1726 1085 1760 rias
1110 1725 1237 1772 quidem
1266 1724 1462 1760 diversorum
1490 1724 1657 1771 opiniones
1678 1723 1777 1759 disci-
1807 1731 1908 1761 111υῦἐΙΙΔὶ4

1807 2015 1913 2039 expositu.
