2237 3127
92 312 139 338 &ni
164 311 191 339 C.
218 313 268 340 557

83 676 109 696 Ex
122 683 145 697 »a
158 675 264 705 dignitate

79 711 163 732 :alut-01
182 712 264 741 prima-

80 751 113 766 tun

156 749 263 771 Romanae

82 782 200 804 Fau-towns

98 1080 207 1107 Sapaudns
225 1082 256 1103 vi.

74 1122 145 1136 varius
164 1119 257 1145 Apono-

83 1159 128 1172 nauc
152 1152 222 1174 Sedis.

69 1959 192 1981 &diffidatio
219 1960 246 1982 ad

62 2005 66 2014 ,
70 2004 71 2008 ,

76 1995 169 2017 nitidum.

66 2621 174 2642 Iane->ssia
192 2619 240 2649 pal·-

923 321 1080 346 PELAGIUS
1102 322 1114 345 1
1143 321 1191 345 PP-

295 383 358 418 lius
378 381 499 417 stabilis
520 388 627 429 petrae
666 377 857 427 sempiterna
888 377 1039 420 soliditas,

295 444 392 479 supra
429 444 524 478 quam
563 431 719 466 Dominus
750 428 891 463 Salvator
933 435 1039 462 noster

295 480 456 528 propriam
478 480 619 516 fundavit
643 478 829 522 Ecclesiam,
851 476 957 512 asolis
968 483 1037 511 ortu

295 543 394 578 usquc
417 530 455 565 ad
483 541 627 565 occasum
657 529 808 581 primatus
840 526 887 561 sui
915 526 1036 572 apicem

292 592 511 615 successorum
533 590 662 613 suorum
683 583 878 615 auctoritate,
905 583 965 609 tam
983 586 1037 621 per

292 640 338 669 se,
361 641 454 676 quam
477 640 533 675 per
564 627 696 662 vicarios
722 636 797 660 suos
823 623 953 659 firmiter
978 623 1036 658 ob-

290 678 415 713 tineret.
438 678 503 712 Nos
520 684 624 711 autem
641 676 723 710 sicut
736 674 812 709 dicit
825 673 938 707 beatus
952 672 1036 719 Apo-

289 728 400 771 stolus,
424 738 486 761 non
511 726 541 760 in
568 725 758 759 immensum
780 722 961 769 gloriamur,
978 721 1033 756 sed

287 776 672 821 secundum,mensuram
695 772 832 819 regulae,
860 777 921 818 qua
943 783 1034 805 men-

287 837 343 860 sus
376 833 423 860 est
461 823 551 858 nobis
587 823 673 858 Deus
699 833 880 856 mensuram
913 820 1034 866 pertin-

284 873 380 919 gendi
403 885 502 920 usque
521 872 559 907 ad
587 884 652 907 vos.
673 871 740 906 Nec
762 870 846 905 enim
863 869 950 916 quasi
966 881 1034 915 per-

284 923 446 969 tingentes
471 934 566 968 super
587 920 770 956 excedimus
793 932 860 954 nos.
884 918 937 952 Sic
956 929 1031 964 ergo

284 971 467 1019 participata
489 969 691 1006 solicitudine
717 976 857 1003 sanctam
883 967 941 1002 Dei
966 967 1033 1001 uni-

283 1021 434 1056 versalem
457 1019 629 1055 Ecclesiam
653 1019 752 1053 nostri
774 1030 829 1065 per
860 1016 918 1051 Dei
960 1028 1032 1062 gra-

281 1070 357 1105 tiam
380 1082 488 1105 rexere
515 1068 660 1104 maiores.
691 1067 773 1102 Hinc
807 1073 865 1108 est,
891 1065 977 1112 quod
1000 1074 1031 1101 et

280 1131 340 1154 nos
361 1118 544 1154 fraternitati
571 1126 642 1153 tuae
668 1116 848 1152 huiusmodi
871 1127 962 1150 curas
987 1115 1031 1149 in-

279 1168 452 1215 iungimus,
479 1177 512 1203 ut
542 1167 626 1202 sedis
654 1173 779 1201 nostrae
811 1165 946 1200 vicarius
981 1165 1030 1199 in-

279 1218 419 1262 stitutus,
447 1217 586 1253 adinstar
613 1225 755 1252 nostrum
786 1214 818 1249 in
853 1213 1044 1259 Galliarum*

280 1267 422 1314 partibus
444 1267 536 1314 primi
562 1265 734 1301 sacerdotis
747 1265 851 1299 locum
875 1263 1028 1308 obtineas,
1058 1284 1070 1295 ο

280 1324 312 1350 et
332 1315 487 1364 quidquid
502 1315 540 1350 ad
553 1314 825 1361 gubernationem,
837 1313 884 1348 vel
898 1312 1029 1360 dispen-

279 1365 434 1401 sationem
456 1364 658 1400 ecclesiastici
671 1371 768 1399 status
785 1362 956 1409 gerendum
970 1370 1026 1402 est,

279 1415 410 1450 servatis
428 1414 555 1449 Patrum
578 1413 703 1459 regulis,
719 1420 749 1448 et
769 1412 853 1447 sedis
870 1411 1027 1458 apostoli—

280 1476 335 1499 cae
369 1463 560 1507 constitutis,
587 1462 683 1497 divini
711 1461 819 1496 iudicii
845 1460 1027 1496 considera-

276 1514 364 1548 tione
385 1512 568 1560 dispenses3
589 1511 745 1558 talemque
764 1518 794 1545 te
807 1510 839 1544 in
853 1509 1028 1545 custodien-

277 1562 328 1597 dis
356 1562 530 1597 canonibus
563 1568 670 1596 sancta
702 1559 938 1595 conversatione
968 1559 1028 1594 de-

275 1619 452 1653 monstres,
487 1610 610 1658 qualem
645 1610 722 1645 tanti
756 1608 816 1644 loci
843 1608 932 1643 decet
957 1620 1026 1644 esse

275 1661 445 1696 vicarium:
467 1672 589 1695 memor
611 1658 784 1695 sententiae
821 1657 903 1692 beati
936 1657 1025 1692 Pauli

273 1706 1025 1757 apostoli,quaTimotheumdiscipulumsolicite

273 1760 423 1806 magister
454 1758 601 1794 informat
623 1758 751 1793 dicens:
778 1757 890 1792 Testor
919 1768 1024 1791 coram

273 1807 352 1850 Deo,
379 1817 410 1844 et
441 1808 569 1843 Christo
590 1808 662 1842 Iesu
697 1815 728 1842 et
764 1806 872 1841 electis
904 1806 1023 1851 angelis

272 1858 364 1902 eius,
403 1865 436 1892 ut
475 1857 554 1892 haec
591 1856 751 1892 custodias
789 1855 856 1890 sine
892 1855 1024 1901 praeiu-

272 1906 367 1951 dicio,
380 1907 425 1941 nil
453 1907 570 1941 faciens
592 1906 624 1940 in
659 1905 750 1940 aliam
780 1913 900 1951 partem
919 1904 1023 1939 decli-

273 1956 377 1991 nando
397 1960 447 2000 (a).
471 1956 514 1991 Ut
534 1962 697 2001 erogetur,
720 1953 881 1989 carissime
914 1953 1019 1994 frater,

271 2005 443 2040 auctoritas
471 2004 628 2052 pontificis
654 2011 684 2039 et
710 2003 844 2051 pastoris
870 2014 1021 2038 mansue—

271 2054 360 2099 tudo,
383 2067 439 2102 per
475 2066 533 2089 nos
562 2053 619 2088 tibi
651 2053 755 2088 Iocum
788 2052 912 2094 vicarii,
941 2052 1021 2087 sicut

269 2103 495 2139 decessoribus
511 2102 584 2144 tuis,
603 2103 727 2138 noveris
740 2102 859 2149 gratiae
880 2102 1020 2148 largitate

268 2165 468 2188 concessum.
498 2152 579 2195 Quia
601 2152 673 2187 licet
699 2151 782 2198 apud
815 2151 917 2186 Deum
955 2163 1018 2186 non

267 2203 308 2237 sit
329 2202 470 2250 acceptio
492 2214 711 2249 personarum,
726 2209 810 2235 tuam
830 2209 933 2235 tamen
949 2200 1021 2235 cha—

267 2252 391 2287 ritatem
414 2252 508 2287 etiam
531 2251 646 2286 carnali
669 2250 871 2298 generatione
897 2257 1019 2285 constat

267 2312 337 2336 esse
372 2301 577 2348 praeclaram.
610 2300 651 2335 Et
684 2300 755 2335 ideo
788 2299 957 2340 convenit,
985 2308 1018 2334 ut

266 2358 386 2397 quanto
425 2350 456 2384 in
493 2358 522 2385 te
542 2349 701 2384 Dominus
726 2348 913 2396 multiplicia
936 2348 1018 2384 bona

264 2399 397 2446 largitus
420 2407 479 2438 est,
502 2407 588 2434 tanto
610 2399 642 2434 iu
670 2398 916 2434 sacerdotalibus
942 2399 1018 2433 acti-

264 2448 324 2484 bus
339 2448 528 2496 probitatem
541 2460 663 2483 morum
677 2447 825 2483 exhibeas
839 2448 1015 2483 clariorem.

263 2497 429 2545 Scriptum
449 2506 497 2533 est
515 2498 614 2533 enim:
631 2497 691 2532 Cui
718 2496 1017 2533 commendaverunt

263 2547 423 2588 multum,
462 2548 532 2594 plus
557 2554 665 2594 petent
690 2546 728 2582 ab
754 2559 792 2582 eo
825 2548 883 2591 (b.
914 2546 1014 2582 Usum

264 2609 393 2644 quoque
425 2597 514 2644 pallii
544 2596 599 2631 tibi
621 2596 774 2638 alacriter,
796 2596 842 2630 all*
877 2596 1016 2643 tiosequc

261 2645 466 2681 concedimus
509 2646 623 2693 pariter
653 2645 747 2681 etiarn
775 2645 904 2693 pallium
938 2645 1016 2682 diri-

297 2707 366 2743 (u)t
396 2707 512 2735 timoth.
545 2707 588 2735 ¹5.
625 2706 665 2743 (b)
689 2706 752 2734 Luc.
779 2706 822 2734 12,

1712 311 1781 345 455

1081 385 1204 424 gentes,
1220 375 1301 411 utin
1318 375 1392 411 tanti
1415 375 1473 410 loci
1491 375 1610 422 fastigio
1626 375 1826 421 constitutus,

1078 425 1241 474 praeclaro
1275 437 1402 473 quoque
1424 425 1531 460 habitu
1562 425 1736 460 decoreris:
1765 427 1827 460 sei-

1079 475 1156 511 turis
1178 474 1325 510 omnibus
1353 474 1556 509 ecclesiastici
1584 474 1700 521 gradus
1722 474 1825 509 homi-

1078 525 1172 559 nibus
1196 524 1313 558 nullam
1332 523 1441 558 haberi
1466 524 1640 565 licentiam,
1662 524 1731 559 sine
1754 524 1825 559 sor-

1077 582 1158 609 mata
1190 580 1260 607 tuae
1283 573 1443 607 charitatis
1465 585 1502 607 ex
1525 585 1725 620 quacumque
1747 573 1824 609 Gal-

1076 622 1187 658 liarum
1215 630 1299 668 parte
1328 621 1487 668 longiores
1515 630 1620 668 petere
1655 623 1822 670 regiones:

1856 329 1907 355 All.
1931 329 1958 356 C.
1989 332 2036 356 ἦΪιῙ

1076 683 1114 706 ne
1142 671 1297 719 prohibita
1324 679 1560 716 praesumentes
1587 671 1646 719 ipsi
1679 684 1713 707 se
1748 685 1821 719 pro-
1898 675 1999 728 ωὲιἸ·
2027 676 2034 684 “

1075 721 1143 767 prio
1163 720 1325 755 rideantur
1341 721 1460 766 privare
1483 719 1597 755 officio.
1622 720 1708 756 Haec
1728 723 1823 767 igitur

1075 782 1131 816 per
1162 769 1347 804 Flavianum
1370 769 1559 814 diaconum,
1581 778 1611 805 et
1639 770 1818 805 Nestorium

1073 819 1302 853 subdiaconum
1341 818 1499 852 Ecclesiae
1529 826 1624 858 tuae,
1661 832 1715 866 per
1742 833 1822 867 quos

1073 868 1220 915 epistolas
1252 876 1322 901 tuas
1343 868 1535 913 accepimus,
1564 868 1730 903 scribenda
1751 882 1820 903 csse

1072 917 1261 951 curavimus.
1297 916 1331 950 In
1360 928 1494 962 quorum
1521 917 1613 952 etiam
1648 929 1818 952 conversa-

1072 966 1156 1000 tione
1178 966 1333 1000 laudabile
1356 973 1426 999 tuae
1447 965 1607 1001 charitatis
1633 967 1819 1012 agnovimus

1071 1014 1260 1050 institutum.
1302 1014 1389 1049 Deus
1426 1022 1457 1049 te
1491 1014 1681 1050 incolumem
1713 1025 1821 1051 custo—

1071 1064 1153 1105 diat,
1194 1065 1288 1099 frater
1319 1063 1489 1098 carissime.
1524 1064 1604 1100 Data
1641 1076 1683 1099 111
1721 1077 1821 1100 nonas

1071 1113 1236 1155 februarii,
1263 1125 1346 1148 anno
1370 1116 1413 1148 16
1440 1121 1510 1160 post
1531 1113 1728 1149 consulatum
1758 1115 1821 1149 Ba-

1071 1163 1132 1198 silii
1156 1163 1193 1198 V.
1221 1163 1259 1197 C.

1124 1219 1186 1250 Dat.
1203 1219 1249 1250 die
1267 1219 1286 1248 5
1307 1218 1446 1249 februarii
1466 1228 1541 1249 anno
1563 1219 1679 1251 Domini
1691 1221 1758 1259 557,

1254 1259 1356 1299 pontif.
1378 1259 1488 1298 Pelagii
1511 1269 1587 1290 anno
1605 1269 1637 1291 11.

1346 1498 1441 1527 PAI‘A
1461 1498 1541 1528 LXIII

1140 1557 1232 1590 Anno
1258 1568 1347 1591 aerae
1371 1556 1485 1590 Christi
1504 1568 1612 1592 comm.
1642 1558 1740 1592 DLX.

1068 1629 1229 1713 Ioannes,
1271 1671 1396 1707 natione
1437 1685 1606 1718 romanus,
1647 1685 1685 1708 ex
1727 1682 1813 1720 patre

1066 1719 1230 1756 Anastasio
1245 1721 1355 1756 illustri
1372 1721 1447 1765 viro,
1466 1722 1593 1767 eligitur
1607 1722 1658 1757 die
1673 1725 1717 1756 27
1734 1724 1811 1768 iulii,

1065 1781 1148 1805 anno
1171 1772 1253 1814 560,
1277 1779 1306 1805 et
1327 1770 1489 1805 ordinatur
1511 1771 1670 1806 dominica
1697 1772 1814 1807 subse-

1065 1819 1174 1865 quenti
1213 1819 1272 1854 kal.
1311 1820 1449 1866 augusti.
1488 1819 1577 1855 Sedit
1615 1821 1675 1856 sub
1717 1822 1824 1857 finem'

1066 1868 1188 1915 imperii
1230 1869 1416 1911 Iustiniani,
1443 1877 1474 1904 et
1507 1877 1650 1917 tempore
1696 1870 1822 1906 tustini,

1066 1917 1131 1952 iun.
1159 1918 1255 1965 Augu,
1281 1931 1382 1954 annos
1416 1918 1536 1954 scilicet
1562 1932 1625 1965 xil,
1645 1932 1744 1955 mens.
1765 1933 1812 1962 ιιι,

1064 1966 1131 2002 dies
1152 1980 1248 2002 xxvn
1271 1971 1326 2012 (l).
1349 1967 1436 2003 Duas
1458 1968 1569 2003 habuit
1594 1969 1811 2005 ordinationes

1063 2016 1317 2064 presbyterorum
1351 2018 1563 2063 trigintaocto,
1604 2018 1808 2054 diaconorum

1062 2065 1224 2108 tredecim,
1247 2067 1467 2114 episcoporum
1498 2079 1553 2112 per
1585 2067 1706 2103 diversa
1742 2069 1806 2103 loca

1062 2127 1161 2150 unum
1199 2126 1229 2150 et
1263 2117 1435 2162 sexaginta.
1463 2115 1550 2151 Obiit
1575 2117 1627 2152 die
1653 2121 1698 2151 25
1729 2117 1819 2169 iulii‚[

1061 2176 1144 2199 anno
1181 2166 1263 2205 575,
1301 2166 1505 2213 sepultusque
1532 2173 1579 2201 est
1613 2166 1643 2201 in
1678 2166 1819 2202 basilica‘

1060 2213 1141 2248 beati
1182 2214 1278 2250 Petri.
1320 2214 1452 2250 Vaeavit
1489 2215 1580 2251 sedes
1605 2228 1732 2252 menses
1772 2229 1807 2261 x,

1060 2263 1128 2299 dies
1149 2275 1201 2299 111.

1059 2435 1246 2479 Exemplum
1292 2435 1392 2468 bullae
1427 2446 1527 2479 papae
1564 2436 1691 2469 Ioannis
1730 2436 1781 2468 m
1799 2463 1804 2468 .

1105 2485 1158 2517 ubi
1170 2485 1242 2517 dicit
1253 2485 1409 2518 basilicam
1417 2484 1574 2518 duodecim
1583 2485 1815 2529 Apostomrum»

1104 2534 1260 2567 initiatam
1282 2545 1339 2578 per
1361 2534 1523 2578 Peluyium
1541 2535 1814 2582 praedecessorem

1105 2594 1205 2621 suum,
1231 2590 1258 2616 et
1280 2590 1377 2616 morte
1394 2589 1595 2627 praeventum
1629 2595 1690 2616 non
1713 2584 1813 2628 abso-l

1105 2633 1201 2666 lutam
1223 2643 1457 2672 consummasse,
1477 2632 1670 2678 Titulumque
1690 2634 1804 2666 Cardi-

1091 2704 1130 2741 (l)
1146 2704 1187 2733 Ab
1202 2704 1329 2733 electione
1348 2704 1551 2741 computandos.

1841 1688 1891 1714 Αιι4
1921 1689 1938 1716 C
1975 1689 2026 1717 501]
