2237 3127
39 336 93 365 An.
120 334 149 363 C.
172 332 224 362 443

72 1312 101 1333 De
111 1317 176 1332 eausa
189 1311 226 1332 Sa-

39 1346 122 1369 biniani
136 1349 157 1368 et
170 1347 226 1367 Leo-

40 1383 74 1404 nis
106 1381 225 1412 prcslqtc-

40 1425 122 1440 rorum.

79 2497 232 2518 Perseveran-

48 2531 98 2553 dnm
127 2532 147 2553 in
180 2533 233 2561 epi-

49 2571 152 2597 scopolus
171 2568 234 2590 labo-

49 2605 119 2636 ribns;

922 321 947 343 S.
977 320 1038 343 LEO
1066 320 1075 342 l
1105 320 1153 342 PP.

291 376 418 416 quando,
440 375 547 406 ancilla
569 375 767 412 relicta,1ixor
779 374 950 404 assumitur.
967 389 1006 396 ——

292 418 319 447 8.
343 416 544 446 Poenitentiae
563 421 679 454 teinpus
699 424 792 453 usque
815 415 850 443 ad
870 414 1007 443 ultimum

291 457 365 486 ritae
389 458 488 486 finem.
511 473 551 478 -—
572 457 600 485 9.
624 455 682 484 Nec
715 459 780 494 post
813 459 936 483 mortem
971 453 1007 482 iis

291 496 570 526 communicandum
589 519 595 531 ‚
629 495 737 534 quibus
760 494 926 523 viventibus
949 502 1007 522 non

292 542 335 567 est
367 537 627 565 comnmnicatum.
659 551 698 556 --
726 535 773 563 to.
809 533 847 562 De
868 533 935 570 his,
957 533 1007 571 qui

292 576 500 615 poenitentiam
522 585 607 613 agere
631 574 779 603 dill‘crunt.
808 590 848 594 —
875 573 921 602 l‘l.
952 572 1007 607 Qui

292 626 343 654 pro
363 616 475 646 illicitis
494 616 608 644 veniam
636 613 739 653 poscit,
762 613 849 642 etiam
870 622 884 641 a
904 612 1006 641 multis

292 657 380 685 licitis
403 656 552 685 abstinere
575 653 795 683 debeb—1⁹2.
819 652 1006 681 Poenitentes

292 695 499 734 negotiationis
533 695 613 723 lucra
645 701 779 722 exercere
801 701 860 721 non
887 691 1005 721 debent.

289 753 330 757 —
352 736 397 764 13.
421 735 489 763 l’ost
513 733 720 771 poenitentiam
754 732 789 761 ad
822 731 1005 760 saecularem

292 775 427 804 militiam
452 774 548 803 redire
579 782 638 802 non
666 772 801 801 licet.—-
818 771 863 800 tt.
893 770 1006 799 Adole-

293 819 409 844 scentes
428 814 451 843 si
472 817 536 852 post
559 811 765 851 poenitentiam
795 820 827 840 se
856 810 1007 840 continere

292 863 349 883 non
382 854 500 889 valent,
531 856 656 891 possunt
689 859 793 879 uxores
823 850 942 879 ducere.
967 866 1008 871 —

293 895 339 923 45.
373 893 534 922 Monachus
565 891 748 930 propositum
783 890 919 919 deserere
948 899 1006 918 non

292 934 390 963 dehet.
413 950 453 954 —
474 933 521 961 to.
542 932 661 960 Puellae
681 930 865 969 propositum
885 929 1008 966 virgini-

293 974 361 1002 tatis
392 982 449 1001 non
481 976 617 1007 servant,
640 971 665 999 si
700 970 821 999 nubant.
837 986 878 992 —
896 970 943 998 17.
966 968 1006 998 De

292 1013 401 1051 quibus
425 1013 585 1049 ignoratur,
608 1019 644 1040 an
667 1010 806 1048 baptizati
827 1008 1005 1047 sint‚bapti-

293 1052 387 1082 zaudi.
408 1069 448 1073 —-
470 1052 515 1081 18,
538 1050 593 1086 Qui
617 1050 770 1088 gentilium
794 1049 871 1078 escis
895 1052 923 1077 et
946 1049 1005 1077 im-

293 1092 445 1122 molatitiis
468 1091 515 1120 usi
538 1094 615 1127 sunt,
638 1090 758 1119 ieiuniis
780 1093 808 1119 et
830 1097 934 1118 manus
953 1088 1007 1117 im-

292 1132 437 1172 positione
456 1135 579 1170 possunt
597 1129 727 1170 purgari.

292 1217 340 1245 Leo
360 1215 500 1252 episcopus
518 1214 627 1243 Rustico
646 1213 810 1242 Narbonensi
830 1213 964 1249 episcopo.

306 1304 337 1336 1.
350 1299 510 1347 Epistulas
523 1298 724 1334 fraternitatis
739 1306 821 1342 tuae,
836 1310 913 1345 quas
930 1297 1008 1332 Her-

254 1363 322 1386 mes
347 1349 590 1385 archidiaconus
616 1355 690 1382 tuus
711 1347 841 1391 detulit,
873 1347 1008 1381 libenter

253 1400 372 1447 accepi,
388 1398 583 1433 diversarum
601 1397 727 1444 quidem
746 1409 912 1431 causarum
936 1409 1009 1431 con-

255 1450 390 1484 nexione
413 1447 617 1494 multiplices,
640 1447 695 1481 sed
724 1459 785 1481 non
815 1447 854 1480 ita
879 1446 1008 1493 patien-

256 1499 315 1533 tiae
342 1498 476 1544 legentis
510 1509 675 1536 onerosas,
698 1504 731 1530 ut
758 1495 875 1541 aliquid
899 1508 1006 1530 earnm

255 1561 311 1596 per
335 1548 580 1582 intercurrentes
612 1546 751 1591 undique
779 1545 1008 1580 sollicitudines

254 1597 349 1632 fuerit
387 1596 658 1644 praetermissum.
691 1594 785 1629 Unde
812 1595 907 1629 totius
934 1606 1010 1629 ser-

255 1647 358 1681 monis
378 1645 423 1681 tui
446 1645 632 1691 allegatione
661 1653 832 1690 comperta,
851 1653 881 1678 et
899 1644 1007 1690 gestis,

255 1708 336 1744 quae
376 1696 406 1730 in
448 1695 684 1742 episcoporum,
720 1694 1008 1740 honoratorumque

254 1745 399 1780 examine
420 1744 562 1780 confecta
590 1752 675 1787 sunt,
703 1743 879 1787 recensitis,
909 1743 1008 1777 Sabi—

255 1795 349 1829 niano
371 1802 402 1829 et
430 1794 528 1829 Leoni
559 1793 749 1840 presbyteris
775 1792 907 1827 actionis
934 1805 1008 1827 suae

256 1844 471 1879 intelleximus
505 1842 652 1876 tiduciam
685 1842 839 1876 defuisse:
874 1854 932 1876 nec
964 1842 1009 1876 eis

257 1894 370 1928 iustam
398 1904 565 1940 superesse
596 1892 843 1938 qnerin‘ioniam,
881 1891 934 1937 qui
976 1903 1009 1925 se

257 1943 295 1977 ab
318 1942 472 1977 inchoatis
494 1940 778 1988 disceptationibus
796 1948 909 1987 sponte
931 1940 1009 1974 sub—

258 1992 415 2027 duxerint.
460 1990 552 2025 Circa
593 2003 673 2037 quos
717 2003 810 2037 quam
856 1990 1010 2034 sormam,

256 2053 390 2088 quamve
405 2052 585 2074 mensuram
605 2039 720 2074 debeas
739 2048 844 2073 tenere
863 2039 1010 2084 iustitiae,

257 2098 312 2125 tuo
334 2091 478 2136 relinquo
497 2089 718 2124 moderamini:
750 2089 886 2123 suadens
906 2097 1008 2123 tamen

257 2140 396 2174 caritatis
422 2139 559 2177 hortatu,
583 2146 615 2172 ut
637 2138 786 2173 sanandis
816 2138 916 2183 aegris
943 2138 1011 2185 spi-

258 2189 399 2224 ritualem
422 2188 573 2223 adhihere
601 2188 716 2222 debeas
740 2187 948 2231 medicinam,
982 2195 1011 2222 et

258 2239 384 2273 dicente
409 2238 585 2284 Scriptura:
612 2237 683 2271 Noli
707 2249 775 2271 esse
803 2237 934 2271 nimium
960 2237 1010 2271 iu-

259 2296 338 2327 stus,
360 2287 468 2322 mitius
490 2299 565 2332 agas
586 2299 658 2321 oum
682 2287 739 2327 eiS⁷
759 2286 812 2332 qui
841 2286 1012 2333 pudicitiae

258 2337 326 2372 zelo
343 2337 488 2371 videntur
506 2336 635 2370 modum
655 2336 827 2370 excessisse
846 2336 1010 2373 vindictae,

259 2399 298 2421 ne
333 2386 490 2426 diabolus,
514 2386 567 2432 qni
600 2386 725 2432 decepit
758 2385 935 2429 adulteros,
973 2385 1011 2419 de

258 2435 404 2471 adulterii
433 2435 552 2469 exultet
579 2434 733 2468 ultoribus
761 2437 813 2478 (α).

309 2487 342 2519 ⁵2.
366 2485 462 2519 Miror
484 2491 605 2528 autem,
627 2484 831 2518 dilectionem
867 2492 950 2517 tuam
981 2483 1011 2516 in

260 2542 381 2569 tantum
398 2533 618 2569 scandalorum
633 2545 833 2580 quacumque
848 2533 1012 2567 occasione

261 2583 456 2618 nascentium
479 2582 667 2617 adversitate
690 2583 821 2624 turbari,
856 2590 888 2616 ut
917 2594 1013 2616 raea—

261 2633 379 2668 tionem
407 2632 446 2667 ab
473 2632 676 2680 episcopatus
710 2632 871 2667 laboribus
904 2639 1012 2679 optare

296 2703 336 2739 (a)
357 2702 455 2730 Eccles.
472 2703 499 2730 7.

1707 309 1753 342 -35

1050 381 1081 408 te
1109 373 1194 408 dieas
1229 381 1257 407 et
1280 372 1374 408 malle
1406 373 1435 407 in
1469 372 1595 407 silentio
1622 380 1714 420 atque
1740 374 1805 409 otio

1051 423 1143 457 vitam
1179 425 1318 468 degere,
1353 435 1446 469 quain
1482 423 1513 456 in
1544 423 1612 461 his,
1640 435 1720 469 quae
1748 423 1803 457 tihi

1050 472 1217 507 commissa
1245 480 1330 515 sunt,
1354 484 1549 518 permanere.
1574 471 1704 506 Dicente
1732 485 1804 506 vero

1049 522 1198 556 Domino:
1222 521 1340 556 Beatus
1362 521 1415 567 qui
1436 522 1682 567 perseveraverit
1704 534 1804 568 usqne

1050 571 1079 605 in
1092 571 1188 605 linem
1205 573 1256 615 (a),
1276 571 1360 605 unde
1383 571 1470 605 beata
1485 571 1542 604 erit
1559 573 1803 616 perseverantia,

1050 620 1110 654 nisi
1133 619 1173 654 de
1209 620 1320 654 virtute
1354 619 1550 666 patientiae?
1582 619 1661 653 Nam
1693 633 1804 654 secun·

1049 669 1125 703 dum
1149 669 1354 715 apostolicam
1378 668 1662 714 praedicationem:
1690 670 1804 704 Omnis

1049 719 1102 765 qui
1125 718 1257 753 voluerit
1280 719 1330 765 pie
1354 719 1456 752 rivere
1489 718 1520 751 in
1557 717 1685 752 Christo
1720 719 1803 763 Iesu,

1050 768 1303 815 persecutionem
1332 767 1467 813 patietur
1489 769 1537 811 (b).
1561 767 1650 808 (Quae
1679 780 1740 802 non
1772 769 1801 802 in

1048 829 1085 852 eo
1107 824 1228 852 tantum
1255 816 1467 863 computanda
1508 824 1578 857 est,
1618 817 1702 863 quod
1724 829 1803 852 eon-
1831 823 1874 863 Ὗ·

1048 874 1093 901 tra
1116 866 1317 901 christianam
1340 866 1509 912 pietatem,
1535 874 1589 899 aut
1616 866 1717 907 ferro,
1751 875 1802 901 ant
1832 861 1868 907 ,ᾗ

1049 916 1176 962 ignibus
1197 915 1320 961 agitur,
1353 922 1407 949 aut
1448 914 1691 962 quibuscunque
1726 929 1804 963 sup-

1050 965 1152 1013 pliciis
1174 978 1180 999 :
1229 977 1301 999 cum
1344 965 1601 1011 persecutionum
1644 965 1803 999 saevitiam

1048 1015 1218 1062 suppleant
1238 1041 1246 1055 ‚
1288 1021 1318 1049 et
1359 1013 1637 1048 dissimilitudines
1656 1027 1778 1049 morum
1795 1042 1802 1055 ,

1048 1072 1079 1099 et
1105 1063 1322 1099 contumaciae
1358 1062 1629 1101 inobedientium,
1664 1072 1694 1098 et
1720 1064 1807 1098 mali-

1048 1126 1183 1158 gnarum
1223 1113 1282 1148 tela
1327 1112 1527 1159 linguarum:
1567 1112 1684 1159 quibus
1723 1126 1806 1147 con-

1049 1162 1276 1198 metationibus
1297 1174 1369 1197 cum
1402 1162 1507 1196 onmia
1535 1174 1663 1208 semper
1684 1162 1805 1209 Egele-

1048 1213 1114 1248 siae
1155 1212 1296 1247 membra
1332 1211 1519 1258 pulsentur,
1555 1219 1585 1245 et
1627 1212 1710 1246 nulla
1735 1213 1805 1258 pio-

1050 1275 1118 1297 rum
1148 1262 1248 1309 portio
1284 1261 1336 1295 hic
1370 1273 1386 1295 a
1409 1261 1582 1295 tentatione
1617 1261 1657 1295 sit
1696 1261 1804 1302 libera,

1049 1312 1088 1347 ita
1118 1320 1149 1346 ut
1188 1311 1337 1358 periculis
1367 1322 1425 1345 nec
1460 1310 1520 1344 otia
1560 1318 1710 1351 careant,
1747 1323 1804 1345 nee

1049 1361 1184 1405 labores,
1218 1360 1288 1407 quis
1322 1360 1404 1394 inter
1430 1359 1543 1393 fluctus
1570 1360 1665 1393 maris
1693 1372 1804 1395 narem

1049 1410 1176 1456 diriget,
1206 1411 1230 1444 si
1253 1409 1445 1456 gubernator
1471 1409 1636 1443 abscedat?
1657 1409 1739 1450 Quis
1766 1410 1804 1444 ab

1050 1460 1173 1495 insidiis
1204 1460 1352 1506 luporum
1381 1470 1455 1493 oves
1482 1458 1651 1499 custodiet,
1686 1459 1711 1492 si
1748 1472 1805 1506 pa-

1049 1510 1142 1545 storis
1168 1521 1242 1543 cura
1270 1521 1332 1543 non
1355 1508 1478 1553 vigilet‘.l
1501 1510 1537 1551 (c)
1563 1507 1643 1549 Quis
1667 1507 1805 1555 denique

1050 1558 1224 1593 latronibus
1246 1558 1376 1592 obsistet
1403 1565 1433 1591 et
1455 1557 1589 1597 furibus,
1617 1557 1640 1590 si
1665 1558 1804 1604 specula-

1052 1617 1150 1643 torem
1174 1608 1204 1641 in
1230 1614 1395 1654 prospectu
1410 1606 1635 1652 explorationis
1654 1607 1804 1651 locatum,

1050 1659 1088 1692 ab
1116 1657 1289 1692 intentione
1316 1656 1529 1691 solicitudinis
1567 1668 1656 1690 amor
1690 1656 1805 1703 quietis

1050 1707 1213 1746 abducat?

1101 1760 1133 1791 5.
1164 1755 1418 1790 permanendum
1448 1767 1523 1801 ergo
1555 1754 1585 1788 in
1626 1767 1720 1801 opere
1757 1764 1806 1790 est

1051 1806 1170 1841 credito
1193 1813 1223 1840 et
1247 1806 1277 1839 in
1302 1805 1407 1839 labore
1430 1812 1588 1850 suscepto.
1614 1804 1806 1839 Constanter

1051 1855 1187 1890 tenenda
1207 1862 1250 1889 est
1281 1854 1395 1888 institia
1418 1862 1449 1888 et
1466 1854 1602 1900 benigne
1618 1854 1804 1900 praestanda

1051 1905 1229 1939 clementia.
1259 1903 1342 1938 Odio
1365 1904 1538 1938 habeantur
1569 1911 1707 1949 peccata,
1741 1915 1804 1938 non

1052 1954 1198 1988 homines
1226 1956 1282 1997 (l).
1312 1953 1404 1987 Nunc
1439 1952 1649 1999 corripiantur
1678 1953 1803 1987 tumidi.

1053 2016 1137 2038 nunc
1181 2003 1353 2037 tolerentur
1394 2002 1528 2036 infirmi:
1571 2009 1601 2035 et
1643 2001 1729 2047 quod
1772 2002 1803 2036 in

1054 2052 1190 2098 peccatis
1216 2051 1356 2086 severius
1397 2050 1543 2096 castigari
1573 2062 1702 2085 necesse
1741 2060 1806 2095 est,

1054 2114 1114 2136 non
1135 2101 1305 2136 saevientis
1322 2101 1473 2147 [deotatur
1499 2100 1623 2139 animo,
1653 2100 1708 2134 sed
1736 2112 1808 2135 nte-

1053 2151 1166 2186 dentis.
1208 2151 1248 2185 At
1280 2151 1303 2183 si
1332 2149 1548 2184 vehementior
1576 2149 1734 2184 tribulatio
1766 2151 1808 2184 in-

1052 2200 1209 2240 cubuerit,
1239 2212 1300 2234 non
1336 2202 1376 2234 ita
1409 2210 1676 2246 expavescamus,
1716 2199 1806 2245 quasi

1054 2250 1097 2284 illi
1121 2249 1299 2284 adversitati
1333 2249 1470 2296 propriis
1503 2249 1544 2282 sit
1578 2247 1694 2281 viribus
1722 2250 1807 2283 resi-

1053 2299 1214 2343 stendum,
1242 2311 1335 2342 cum,
1381 2306 1412 2332 et
1449 2297 1616 2332 consilium
1663 2306 1806 2332 nostrum

1054 2357 1084 2382 et
1112 2348 1261 2383 fortitudo
1293 2356 1397 2381 nostra
1425 2348 1465 2382 sit
1492 2346 1650 2387 Gliristus,
1679 2356 1712 2381 ut
1738 2348 1808 2382 sine

1054 2410 1116 2445 qno
1142 2397 1222 2432 nihil
1250 2409 1438 2444 possumus,
1475 2409 1529 2442 per
1564 2396 1667 2442 ipsum
1695 2405 1808 2431 cuneta

1056 2447 1214 2494 possimus
1241 2449 1295 2490 (ὣς
1317 2446 1369 2493 qui
1399 2448 1590 2480 confirmans
1617 2445 1810 2492 praedicato-

1056 2510 1103 2531 res
1120 2496 1282 2542 Evangelii
1299 2504 1329 2530 et
1347 2503 1616 2530 sacramentorum
1636 2494 1808 2530 ministros:

1056 2547 1137 2581 Ecce
1160 2558 1229 2592 ego,
1255 2545 1369 2592 inquit,
1388 2545 1550 2579 vobiscum
1573 2556 1642 2578 sum
1660 2545 1810 2579 omnibus

1056 2596 1168 2630 diebus
1185 2607 1284 2642 nsque
1299 2595 1338 2629 ad
1355 2594 1662 2629 consummationem
1679 2594 1809 2636 saeeuli;

1092 2666 1130 2698 (1)
1149 2666 1216 2691 D‘st.
1234 2666 1314 2695 ⁸02¹*-
1328 2665 1401 2691 Odio.
1442 2664 1480 2699 (a)
1498 2664 1648 2690 Mattti.⁶.2't.
1688 2664 1811 2700 (omri-

1056 2702 1140 2728 moth.
1157 2702 1184 2728 ὅ.
1223 2702 1258 2737 (c)
1275 2701 1350 2728 Jean.
1375 2701 1415 2727 10.
1455 2700 1495 2735 (it)
1511 2701 1584 2726 tuan.
1607 2701 1649 2726 13⁴

1831 319 1885 346 An.
1911 318 1939 346 C.
1961 318 2012 346 443

1840 2299 1898 2321 Nihil
1910 2299 2025 2320 siuetssltri-

1839 2338 1882 2360 sti»,
1896 2336 1968 2356 onmia
1988 2342 2026 2363 pet·

1840 2372 1946 2393 Christum
1972 2379 2026 2401 pns-

1839 2416 1920 2435 sumus3
