2237 3127
148 506 238 538 Quam
262 505 379 532 mirifice
399 510 463 537 pro-

147 542 236 568 mow't
263 541 308 567 SS.
335 539 462 566 Pontifex

149 577 280 604 Clemens
314 575 370 603 XII.
392 575 461 601 facta

147 612 268 639 adeundi
312 610 462 637 secretiora

149 648 262 675 archiva
279 646 429 677 facultate„

148 1014 178 1040 ln
194 1013 299 1048 quilius
310 1013 406 1047 ingens
417 1012 463 1052 do-

149 1052 347 1076 cumenlorum
372 1056 462 1082 copia.

186 1317 373 1346 Nihilominus
402 1324 465 1351 per-

150 1354 239 1381 multa
263 1361 277 1380 a
307 1353 338 1380 R.
372 1352 465 1379 Ponti-

150 1389 252 1417 ficibus
280 1391 408 1415 emanata
436 1388 464 1414 in

150 1425 219 1459 ipsis
243 1423 388 1451 tabulariis
416 1423 465 1449 de-

150 1463 235 1493 sunt3

187 1867 298 1895 Pluries
315 1867 403 1894 Roma
418 1866 467 1893 de-

153 1903 285 1945 populata
297 1925 304 1935 ,
339 1903 445 1937 direpta
459 1924 465 1933 ,

153 1946 276 1967 incensa.

192 2313 261 2340 Hiuc
290 2312 403 2339 archiva
430 2318 472 2337 ec-

156 2349 306 2376 clesiarum
317 2347 470 2379 civitatum,

157 2384 393 2411 monasteriorum
418 2382 473 2409 atli-

157 2427 188 2447 re
203 2426 320 2447 necesse
339 2419 399 2446 fuit.

537 244 582 278 1ss

487 331 620 354 earum
639 325 766 354 autem
788 315 885 353 duae
902 323 941 353 et
959 313 1385 365 trigintasolummodo
1411 313 1450 350 in
1469 312 1773 351 Cherubinianis
1797 311 2038 351 editionibus

487 378 681 429 leguntur.

540 441 591 477 At
620 438 747 475 fausto
775 436 960 487 contigit,
986 444 1029 473 ut
1057 435 1194 484 ingens
1220 434 1293 472 hoc
1316 442 1354 472 et
1381 433 1546 471 arduum
1582 447 1681 485 opus
1710 434 1784 471 sub
1814 434 2034 473 felicissimo

486 499 726 538 Sanctissimi
747 500 792 536 D.
817 498 861 536 N.
891 498 1119 536 CLEMENTIS
1143 497 1214 534 PP.
1244 496 1316 533 XII
1345 495 1572 547 pontificatu
1592 495 1812 542 meditarer,
1832 497 1896 547 qui
1919 496 2035 537 bonis

486 560 634 598 artibus
664 559 863 605 fovendis,
883 571 926 595 ac
949 558 1126 595 literariis
1147 556 1302 601 studiis,
1331 557 1456 609 iisque
1480 557 1728 608 praesertim,
1751 569 1850 608 quae
1872 557 2034 608 propius

486 621 675 660 Ecclesiae
689 620 841 658 utilitati
857 634 899 657 ac
913 620 1021 657 bono
1035 618 1272 665 conducunt,
1288 618 1565 670 promovendis
1580 617 1731 655 assidua
1747 631 1838 654 cura
1851 618 2036 666 intentus,

486 683 656 721 currenti
677 682 770 720 mihi
794 681 1020 719 liberalitate
1041 694 1084 718 ac
1107 680 1369 717 munificentia
1388 693 1454 716 sua
1478 678 1655 716 stimulos
1673 678 1841 726 addidit,
1861 687 1976 730 atque
1993 687 2035 716 ut

486 745 526 782 in
546 745 753 782 secretiora
774 743 927 780 archiva
946 750 1095 794 pateret
1112 741 1250 787 aditus,
1267 740 1484 792 Bullasquc,
1507 753 1606 792 quae
1625 748 1824 791 tamquam
1843 742 2036 791 pretiosus

486 807 690 845 thesaurus
711 806 749 842 in
768 806 813 843 iis
831 812 1103 850 asservantur,
1131 802 1389 840 transcribere
1417 801 1566 848 liceret,
1593 801 1776 852 singulari
1796 801 2038 838 humanitate

487 877 675 921 permisit.

538 931 673 982 Itaque
692 930 733 966 in
754 936 997 967 sacrosancta
1028 926 1120 963 haec
1143 925 1251 963 urhis
1280 924 1431 962 archiva
1459 925 1555 962 itum
1584 933 1663 962 est:
1699 924 1905 962 secretiora
1928 924 1963 961 S.
1991 925 2032 968 R.

489 993 528 1030 E.
561 991 700 1030 scrinia
732 990 986 1042 perlustrata,
1016 988 1176 1025 eductae
1214 986 1366 1032 Bullae,
1399 999 1630 1038 summaque
1662 985 1739 1023 fide
1772 994 1809 1022 et
1839 984 2034 1034 diligentia

486 1055 718 1106 exscriptae:
739 1060 777 1089 et
798 1065 847 1088 ne
867 1051 962 1102 quid
985 1049 1137 1087 deesset
1162 1058 1239 1086 tam
1258 1047 1339 1085 utili
1368 1061 1410 1085 ac
1438 1047 1674 1084 necessariae
1701 1046 1881 1093 editioni,
1911 1045 2043 1084 ssullae—

486 1117 617 1168 ipsae,
651 1128 748 1166 quas
783 1112 957 1153 ediderat
987 1110 1261 1155 Cherubinus,
1294 1109 1587 1159 diligentissime
1621 1107 1780 1146 collatae
1816 1117 1907 1145 sunt
1947 1122 2035 1145 cum

487 1177 727 1229 archetypis,
762 1174 1081 1224 exactissimeque
1110 1171 1346 1209 emendatae.

538 1236 742 1289 Quidquid
769 1250 861 1273 vero
889 1235 1031 1272 laboris
1059 1242 1097 1270 et
1128 1232 1341 1270 industriae
1367 1232 1407 1268 in
1436 1231 1682 1268 archivorum
1711 1230 2043 1282 pervestigatione

488 1300 731 1351 insumptum
759 1297 910 1341 fuisset,
937 1295 1162 1348 perfectioni
1194 1294 1321 1345 operis
1345 1307 1425 1330 non
1453 1301 1533 1330 erat
1557 1293 1665 1338 satis,
1696 1306 1822 1344 neque
1849 1291 1943 1329 illud
1970 1306 2041 1329 us·-

489 1373 721 1414 quequaque
745 1358 978 1403 absolutum,
1000 1364 1038 1394 et
1058 1355 1337 1408 praeformatae
1358 1355 1463 1392 ideae
1480 1353 1593 1406 plene
1612 1353 1854 1405 respondens
1874 1352 2036 1390 evadere

490 1431 649 1475 poterat.
675 1421 894 1472 Utcumque
920 1432 1060 1468 magna
1086 1426 1124 1454 et
1149 1417 1258 1469 quasi
1287 1418 1475 1453 immensa
1503 1415 1697 1453 Bullarum
1725 1413 1933 1452 multitudo
1966 1415 2035 1463 sit,

490 1498 588 1538 quae
613 1483 738 1521 adhuc
761 1483 800 1519 in
826 1481 998 1519 romanis
1031 1479 1196 1516 archivis
1220 1477 1456 1523 custoditur,
1477 1478 1608 1527 negari
1635 1485 1764 1514 tamen
1786 1490 1864 1513 non
1894 1484 2037 1528 potest,

490 1547 586 1600 quin
601 1544 908 1598 quamplurimae
925 1556 972 1579 ex
990 1542 1046 1588 iis,
1061 1554 1157 1593 quas
1174 1540 1337 1577 Romani
1354 1539 1559 1577 Pontifices
1573 1547 1651 1575 tam
1665 1537 1778 1588 longa
1794 1537 2036 1575 saeculorum

490 1609 588 1646 serie
606 1606 823 1652 ediderunt,
847 1604 1075 1649 interierint,
1096 1610 1132 1639 et
1155 1602 1229 1638 iam
1249 1614 1381 1638 earum
1400 1600 1607 1652 archetypa
1628 1600 1666 1636 in
1688 1598 1885 1636 Romanae
1905 1598 2035 1635 Eccle—

491 1671 567 1708 siae
594 1668 792 1707 tabulariis
819 1665 983 1717 amplius
1012 1678 1090 1701 non
1118 1672 1259 1701 extent.
1282 1664 1410 1711 Quem
1433 1662 1536 1699 enim
1562 1662 1652 1698 latet
1683 1661 1718 1698 S.
1744 1661 1786 1697 R.
1812 1660 1851 1697 E.
1882 1659 2033 1696 archiva

493 1731 627 1769 iisdem
647 1730 810 1768 omnino
836 1727 1053 1769 eventibus,
1080 1735 1196 1777 atque
1220 1724 1460 1771 infortuniis,
1484 1723 1608 1760 media
1633 1723 1881 1774 potissimum
1901 1730 2037 1767 aetate,

494 1790 617 1831 Fuisse¹
642 1791 831 1837 obnoxia,
858 1803 957 1841 quos
989 1796 1225 1824 caeterarum
1260 1786 1400 1823 serinia
1433 1785 1590 1822 urbium
1620 1798 1732 1836 passa
1763 1783 1880 1820 sunt?
1914 1783 2035 1820 Roma

493 1855 573 1907 ipsa
590 1853 788 1905 (dolentes
809 1850 992 1899 dicimus)
1013 1849 1268 1886 barbarorum
1291 1848 1468 1884 incursus
1489 1846 1590 1884 tulit:
1612 1846 1733 1883 Roma
1757 1844 2036 1896 expilatoribus

494 1916 630 1968 patuit:
648 1916 768 1952 Roma
790 1912 1067 1956 crudelitatem,
1085 1919 1199 1962 atque
1215 1909 1348 1946 odium
1364 1909 1622 1954 inimicorum,
1644 1921 1714 1944 nec
1738 1906 1855 1944 semel
1879 1914 2035 1957 experta

493 1987 560 2016 est.
595 1975 826 2014 Pontificum
862 1975 1127 2011 Romanorum
1157 1986 1176 2008 a
1208 1972 1243 2008 S.
1269 1972 1400 2008 Leone
1431 1970 1572 2020 Magno
1604 1968 1651 2006 ad
1687 1967 1960 2005 Innocentium
1983 1967 2036 2004 ΙΙῘ

494 2047 643 2089 regesta
680 2038 828 2087 integra
860 2035 1037 2073 nondum
1070 2034 1203 2071 datum
1236 2041 1294 2070 est
1324 2032 1517 2083 reperire,
1545 2040 1583 2068 et
1610 2031 1646 2068 S.
1676 2029 1856 2080 Gregorii
1887 2029 2037 2077 Magni,

495 2101 691 2153 aliquanto
719 2099 800 2136 aliis
826 2097 897 2134 hac
928 2098 967 2134 in
992 2110 1032 2133 re
1063 2094 1261 2140 felicioris,
1293 2093 1427 2131 dolent
1454 2091 1748 2131 Gussauvilleus
1778 2100 1816 2128 et
1841 2092 1971 2128 Patres
2000 2090 2036 2127 S.

497 2161 689 2200 Benedicti
720 2175 766 2197 ex
793 2159 1104 2208 Congregatione
1129 2157 1164 2194 5.
1190 2156 1309 2193 Mauri
1331 2155 1459 2207 plures
1480 2154 1720 2191 intercidisse
1740 2152 1931 2204 epistolas.

547 2223 648 2261 Hinc
677 2221 927 2274 perspicuum
946 2220 995 2257 sit
1009 2248 1019 2266 ,
1047 2217 1152 2270 quod
1174 2217 1221 2254 ad
1244 2216 1532 2268 complendam,
1552 2224 1743 2268 quantum
1764 2213 1844 2251 fieri
1865 2221 2040 2265 poterat,

497 2283 849 2337 perficiendamque
874 2281 1070 2319 Bullarum
1093 2279 1359 2317 collectionem
1379 2276 1574 2323 adeunda,
1598 2290 1640 2313 ac
1660 2271 1885 2325 vestiganda
1911 2287 2040 2311 neces-

497 2347 597 2385 sario
623 2354 733 2383 erant
756 2343 967 2390 tabularia,
993 2351 1031 2379 et
1051 2341 1203 2378 archiva
1228 2340 1474 2377 eeclesiarum
1500 2337 1798 2384 cathedralium,
1822 2337 2041 2381 civitatum,

498 2422 540 2445 ac
557 2405 894 2451 monasteriorum,
911 2404 949 2440 in
971 2403 1113 2454 quibus
1127 2401 1246 2439 multa
1263 2401 1457 2438 Bullarum
1478 2398 1728 2450 autographa,
1744 2410 1913 2450 quorum
1938 2395 2040 2433 nulla

498 2469 662 2521 amplius
692 2467 860 2513 mentio,
889 2464 1117 2515 nullumque
1146 2463 1351 2512 vestigium
1384 2463 1423 2498 in
1452 2462 1623 2498 romanis
1652 2460 1815 2497 archivis
1844 2466 2043 2510 superest,

498 2531 623 2569 adhuc
648 2530 809 2575 intacta,
839 2536 877 2564 et
909 2526 957 2563 ab
984 2525 1123 2562 iniuria
1154 2533 1377 2575 temporum
1405 2523 1531 2560 illaesa
1563 2531 1779 2560 servantur.
1811 2522 1899 2570 Qua
1930 2520 1969 2557 in
2001 2533 2042 2555 re

500 2592 693 2642 singulare
717 2589 870 2628 divinae
888 2585 1157 2626 Providentiae
1171 2584 1376 2622 consilium
1392 2584 1578 2629 venerari,
1598 2592 1713 2635 atque
1733 2582 1914 2620 admirari
1928 2580 2043 2624 subit,

501 2667 580 2699 Quo
599 2653 743 2691 factum
757 2659 828 2697 est,
846 2658 889 2688 ut
905 2648 1052 2700 ubique
1071 2646 1149 2684 fere
1169 2653 1371 2684 manerent
1387 2653 1467 2683 tam
1486 2645 1652 2695 insignia
1669 2658 1711 2682 ac
1729 2643 1891 2681 illustria
1914 2649 2053 2694 pasto-
