2237 3127
892 338 1130 382 SANCTUS

477 473 931 582 StMON
992 474 1552 582 PETRUS

575 660 805 720 PRIMUS
844 660 1139 720 PONTIFEX
1178 661 1454 722 MAXIMUS

651 807 765 831 DICTUS
786 807 872 831 ANNO
890 807 973 831 AERAE
995 807 1123 832 CHRISTI
1135 807 1242 832 COMM.
1259 808 1371 831 XXVIII

537 913 715 947 ROMANAM
737 913 854 946 SEDEM
875 913 897 946 F
900 913 1023 945 UNDAT
1043 913 1142 945 ANNO
1163 912 1317 945 EIUSDEM
1339 913 1432 945 AERAE
1454 913 1498 945 XL

41 1476 92 1504 Λῃ,
121 1474 168 1504 Ch.
189 1476 225 1504 40
243 1430 389 1505 SIMON
421 1462 599 1504 PETRUS,
631 1461 841 1497 antiochenus
859 1489 866 1503 ‚
908 1460 991 1496 filius
1009 1440 1015 1478 i
1034 1467 1138 1494 tamen
1162 1461 1230 1495 eius
1252 1458 1436 1495 testimonio
1459 1467 1532 1494 sunt
1557 1458 1688 1495 firmata.
1723 1459 1790 1495 Ro-
1803 1471 1852 1499 An.
1875 1470 1923 1499 Ch.
1954 1471 1988 1499 65

236 1512 375 1559 Ioannis,
400 1512 539 1548 Andreae
565 1512 699 1561 apostoli
726 1512 831 1553 frater,
860 1511 991 1558 provin·
1036 1521 1104 1545 mae
1127 1509 1207 1545 duos
1234 1509 1390 1545 ordinavit
1423 1509 1591 1557 cpiscopos
1616 1509 1676 1545 sibi
1707 1509 1791 1546 vica-

237 1563 304 1598 ciae
341 1562 483 1604 Galileae‚
517 1563 584 1598 vico
606 1562 816 1604 Bethsaidae;
838 1561 876 1596 ad
906 1573 990 1596 mare
1032 1560 1108 1604 rios,
1147 1561 1199 1608 qui
1235 1561 1262 1595 ei
1307 1560 1338 1594 in
1384 1559 1566 1606 pontificatu
1594 1572 1791 1607 successere,

235 1613 427 1654 Tiberiadis,
450 1625 466 1648 a
494 1612 623 1648 Christo
651 1621 790 1654 vocatus,
819 1619 853 1647 ut
876 1612 991 1646 faceret
1031 1610 1170 1651 Linum,
1210 1618 1241 1645 et
1276 1608 1429 1655 Cletum,
1472 1617 1505 1644 ut
1540 1610 1792 1658 praesentialiter

236 1675 308 1699 eum
348 1663 536 1711 piscatorem
574 1663 762 1704 hominum,
803 1662 842 1697 ab
877 1661 988 1697 codem
1033 1672 1128 1695 omne
1161 1660 1375 1695 ministerium
1413 1659 1608 1696 sacerdotale
1641 1661 1672 1696 in
1712 1661 1791 1697 urbe

235 1721 307 1748 ante
321 1714 541 1748 ascensionem
562 1713 601 1748 ad
617 1712 722 1748 coelos
740 1712 886 1760 princeps
901 1724 990 1748 crea·
1031 1709 1132 1745 Roma
1156 1710 1287 1757 populo,
1311 1709 1359 1745 vel
1386 1710 1689 1758 supervenientibus
1705 1711 1792 1747 exhi-

235 1770 286 1798 tus
312 1771 360 1798 est
389 1763 559 1803 Ecclesiae‚
587 1775 624 1798 ac
658 1762 805 1798 Pontifex
833 1762 990 1797 maximus
1031 1759 1160 1802 berent3
1184 1760 1235 1795 ille
1262 1768 1367 1794 autem
1400 1760 1533 1797 orationi
1557 1768 1587 1795 et
1626 1761 1792 1808 praedica-

235 1824 318 1848 anno
345 1824 436 1848 aerae
468 1825 584 1847 comm.
613 1814 673 1857 ⁶28,
699 1811 817 1846 Tiberii
845 1811 989 1845 Caesaris
1007 1805 1011 1821 ⁶
1032 1810 1122 1854 tioni,
1157 1810 1291 1857 populos
1328 1811 1490 1855 erudiens,
1521 1810 1658 1845 vacabat.
1706 1811 1790 1846 Cum

235 1874 286 1908 xv,
307 1862 344 1898 C.
376 1862 476 1898 Furio
492 1862 629 1897 Gemino
647 1871 678 1896 et
692 1861 729 1896 C.
760 1860 908 1896 Rubellio
924 1860 990 1896 Gc-
1030 1859 1164 1895 Simone
1180 1860 1272 1906 Mago
1292 1859 1406 1897 multas
1429 1861 1662 1908 disputationes
1681 1861 1791 1896 habuit

235 1913 323 1947 mino
344 1924 428 1947 coss.
450 1912 527 1947 Post
545 1911 792 1958 evangelizatam
814 1910 921 1946 multis
943 1923 991 1945 re·
1030 1910 1118 1956 prius
1158 1910 1189 1944 in
1228 1910 1362 1955 Iudaea,
1399 1919 1508 1959 postea
1549 1910 1688 1953 Romae,
1726 1920 1789 1946 tam

234 1961 386 2008 gionibus
413 1960 685 1997 Samaritanorum
720 1960 838 1996 Christi
878 1961 988 2003 fidem,
1030 1968 1102 1994 aute
1128 1959 1254 1994 Nerone
1277 1960 1479 2006 imperatore,
1508 1973 1604 2008 quam
1627 1969 1700 1996 ante
1730 1973 1790 2006 po-

234 2023 319 2047 anno
340 2024 358 2047 a
385 2024 538 2048 concesso
566 2011 625 2046 sibi
649 2011 832 2059 pontificatu
865 2012 988 2058 quinto,
1030 2010 1126 2056 pulo;
1149 2016 1179 2044 et
1201 2009 1275 2044 dum
1307 2009 1428 2046 diutius
1462 2011 1709 2056 altercarentur,
1736 2011 1789 2046 Si-

233 2060 468 2097 Antiochenam
502 2062 677 2097 Ecclesiam
705 2060 827 2106 fundat,
855 2074 891 2096 ac
919 2070 987 2109 post
1030 2071 1102 2094 mon
1123 2059 1231 2094 divino
1255 2068 1331 2094 nutu
1355 2061 1567 2108 interemptus
1592 2069 1650 2096 est.
1674 2061 1789 2097 Petrus

233 2123 334 2146 annos
365 2120 486 2160 septem
518 2111 712 2155 Romanam,
747 2111 922 2159 imperante
948 2111 986 2146 C.
1028 2121 1103 2144 vero
1125 2109 1265 2144 sentiens
1293 2109 1378 2145 diem
1406 2111 1518 2146 mortis
1533 2109 1592 2145 sibi
1608 2111 1788 2156 imminere,

233 2160 376 2208 Caligula
412 2161 528 2197 Tiberii
562 2161 644 2203 filio,
679 2160 790 2196 eodem
830 2161 866 2196 C.
903 2160 987 2196 Cae·
1028 2158 1227 2194 Clementem
1250 2160 1437 2208 episcopum
1465 2161 1673 2203 consecravit,
1695 2161 1788 2209 eique

233 2222 302 2246 sare
335 2210 378 2245 lv
401 2219 430 2246 et
465 2211 502 2247 C.
545 2210 657 2246 Sentio
692 2211 867 2247 Saturnino
902 2223 984 2246 coss.
1026 2221 1117 2244 suam
1145 2209 1338 2255 cathedram,
1366 2211 1413 2246 vel
1448 2210 1625 2246 Ecclesiam
1659 2223 1787 2247 omnem

231 2259 386 2307 Sequenti
410 2274 492 2296 anno
511 2273 601 2297 aerae
617 2273 733 2296 comm.
751 2260 808 2306 41,
828 2274 883 2308 per
904 2261 985 2296 Mar-
1028 2258 1258 2307 disponendam
1287 2260 1460 2296 commisit.
1498 2260 1639 2296 Tandem
1668 2269 1788 2310 marty-

232 2322 316 2355 cum,
346 2310 399 2358 qui
427 2311 552 2346 auditor
578 2311 646 2347 eius
674 2311 744 2356 fuit,
771 2320 802 2346 et
829 2312 913 2346 tilius
947 2312 986 2346 de
1027 2309 1074 2344 rio
1101 2321 1172 2344 cum
1201 2309 1239 2344 B.
1273 2309 1373 2346 Paulo
1399 2311 1582 2360 coapostolo
1607 2323 1665 2346 suo
1693 2323 1787 2346 coro-

231 2359 406 2407 Baptismo,
429 2361 601 2408 approbato
616 2361 791 2409 Evangelio
813 2361 984 2397 abeodem
1028 2368 1129 2400 natur,
1167 2372 1209 2394 111
1235 2359 1296 2395 kal.
1336 2361 1406 2403 iul„
1440 2373 1522 2397 anuo
1549 2373 1639 2396 aerae
1666 2360 1785 2396 Christi

230 2411 358 2457 scripto,
393 2410 504 2446 fundat
531 2411 791 2446 Alexandrinam.
832 2411 918 2447 Duas
945 2413 983 2446 B.
1026 2422 1140 2444 comm.
1170 2413 1229 2449 65,
1258 2419 1328 2457 post
1357 2411 1533 2458 passionem
1563 2410 1691 2446 Domini
1720 2415 1784 2456 57,

230 2458 344 2495 Petrus
370 2461 496 2508 scripsit
515 2461 677 2508 epistolas,
706 2474 786 2509 quae
800 2460 983 2497 Catholicae
1028 2460 1207 2507 imperante
1229 2459 1355 2495 Nerone
1377 2460 1512 2497 Claudio
1526 2461 1684 2507 Augusto,
1702 2473 1782 2497 coss.

230 2510 447 2554 nominantur,
471 2518 541 2558 post
563 2512 706 2547 omnium
730 2519 864 2559 quatuor
885 2512 985 2547 Evan-
1025 2509 1064 2543 Α.
1092 2509 1216 2544 Licinio
1242 2509 1344 2546 Nerva
1368 2519 1398 2545 et
1424 2511 1465 2547 M.
1498 2511 1642 2546 Vestiuio
1661 2511 1783 2554 Attico;

230 2559 384 2606 geliorum
422 2560 554 2602 fontem,
583 2574 665 2608 quae
694 2562 731 2596 ad
763 2563 984 2609 interrogatio·
1025 2559 1234 2608 sepultusque
1274 2568 1320 2595 est
1348 2562 1396 2595 via
1437 2562 1567 2597 Aurelia
1603 2561 1633 2595 in
1665 2561 1783 2609 templo

231 2621 303 2644 nem
326 2617 356 2645 et
378 2611 559 2646 testimonio
582 2612 651 2647 eius
674 2612 794 2646 firmata
811 2612 982 2647 sunt.Dnm
1024 2609 1195 2656 Apollinis,
1219 2611 1302 2646 iuxta
1322 2611 1426 2646 locum
1446 2612 1499 2647 ubi
1526 2611 1695 2646 crucifixus
1723 2619 1782 2657 est,

230 2659 310 2695 alius
355 2659 516 2707 hebraice,
551 2661 630 2697 alius
664 2662 758 2698 latine
791 2672 982 2705 consonent,
1024 2659 1111 2696 iuxta
1133 2661 1285 2708 palatium
1313 2661 1531 2699 Neronianum
1561 2661 1591 2697 in
1619 2661 1782 2708 Vaticano,

309 2712 385 2744 Bull.
413 2713 489 2745 Rom.
518 2715 574 2746 Vol.
599 2715 623 2746 1.
789 2716 809 2747 4
