2237 3127
185 303 235 328 Au.
263 303 288 330 C.
315 304 365 328 t‘uQS

177 1066 281 1093 t'uiquam
295 1066 359 1087 iuris-

177 1101 297 1124 dit-tionem
338 1105 358 1126 in

201 1142 333 1162 incitasti-rio

176 1180 262 1201 praetri-
287 1177 357 1199 abbu-

175 1213 217 1230 tem
235 1211 313 1234 habt-re
324 1215 358 1235 iu-

175 1248 300 1278 trrdiri1ur3

172 1450 287 1471 Minui-um
327 1458 355 1471 t>-

172 1490 222 1507 tiam
252 1486 355 1509 solemnia

172 1528 243 1549 agere.

170 1884 299 1906 Atili-wlfilo
327 1887 351 1907 ad

170 1929 180 1939 tt
192 1922 296 1943 -ittnt'le,

459 305 527 339 178

464 373 592 403 nonarius
615 371 753 407 episcopus
770 377 864 399 servus
883 376 1022 398 serverum
1042 369 1087 397 Dei

505 417 588 445 fratri
607 416 750 451 Bertutpho
769 416 861 443 abbati
883 415 1043 450 presbytero

448 472 480 506 Si
503 482 629 516 semper
655 478 729 504 sunt
756 469 970 509 concedenda,
993 481 1073 515 quac
1088 469 1148 516 piis

398 519 563 555 desideriis
585 527 775 564 congruunt,
804 527 923 566 quanto
944 519 1145 565 potissimum

397 582 445 609 ea,
468 580 547 616 quae
580 580 636 615 per
673 568 776 603 cultus
809 568 1054 615 praerogativam
1082 580 1146 615 po-

395 626 537 657 scuntur,
550 629 613 651 uon
630 625 703 652 sunt
725 618 830 653 omnia
853 617 1050 664 abneganda,
1064 630 1144 665 quae

394 676 469 703 sunt
490 667 521 701 in
535 666 735 712 largitoribus
751 679 812 701 non
826 667 927 702 solum
946 667 1143 714 postulanda,

393 717 449 752 sed
473 716 501 751 vi
528 716 687 751 charitatis
723 717 832 764 procul
858 717 953 752 dubio
977 717 1140 763 exigenda.

392 766 479 801 Petis
514 777 571 800 nos
607 765 716 811 igitur,
757 774 789 800 ut
829 767 1053 801 monasterium
1081 766 1140 802 SS.

393 814 477 850 Petri
505 823 535 849 et
555 815 645 849 Pauli
672 816 704 850 in
737 816 877 851 Ecclesia
900 816 1000 851 Bobio
1023 816 1141 851 consti-

391 873 471 909 tuto,
494 876 556 911 quo
585 877 720 912 praeesse
746 866 953 911 dignosceris,
981 865 1139 912 privilegia

391 914 476 949 sedis
489 914 682 960 apostolicae
695 914 890 961 largiremur,
910 923 1066 963 quatenus
1081 915 1140 950 sub

391 963 611 998 iurisdictione
632 972 758 999 sanctae
781 972 918 1009 nostrae,
940 965 990 1000 cui
1006 965 1072 999 Deo
1087 977 1140 999 au-

390 1020 476 1048 ctore
498 1012 715 1060 praesidemus
730 1014 903 1055 Ecclesiae,
930 1014 1137 1050 constitutum

391 1062 509 1097 nullius
534 1062 696 1097 Ecclesiae
717 1063 987 1099 iurisdictionibus
1009 1064 1139 1099 submit-

390 1119 484 1155 tatur,
507 1124 563 1159 pro
589 1123 650 1158 qua
684 1124 717 1147 re
744 1113 805 1159 piis
826 1114 907 1148 votis
932 1113 1076 1157 facilites,
1102 1125 1137 1148 ac

391 1169 496 1195 nostra
524 1161 724 1206 auctoritate,
750 1162 780 1196 id
817 1163 902 1209 quod
929 1176 946 1198 a
972 1170 1022 1197 tua
1050 1163 1136 1198 dile—

389 1210 491 1244 ctione
513 1210 719 1256 exposuimus
750 1211 871 1246 affectui
895 1213 1079 1259 mancipari,
1106 1220 1136 1247 et

388 1259 459 1294 ideo
485 1272 612 1294 omnem
641 1260 809 1295 cuiuslibet
830 1261 994 1296 Ecclesiae
1025 1273 1134 1297 saeer—

387 1308 492 1343 dotem
526 1309 555 1342 in
582 1309 741 1356 praedicto
769 1311 960 1345 monasterio
983 1311 1132 1345 ditionem

387 1358 526 1404 qualibet
555 1359 738 1394 auctoritate
767 1372 806 1394 ne
839 1361 1019 1405 extendere,
1043 1368 1134 1407 atque

385 1419 441 1442 sua
465 1408 647 1443 auctoritate
668 1409 727 1443 uisi
766 1422 783 1444 a
810 1410 987 1456 praeposito
1022 1422 1135 1445 mona-

384 1456 470 1491 sterii
490 1456 584 1491 fuerit
606 1457 766 1499 invitatus,
793 1459 958 1493 missarum
981 1459 1134 1494 solemni-

385 1513 462 1540 tates
488 1505 646 1541 celebrare
668 1507 797 1542 omnino
824 1508 1040 1555 prohibemus.
1065 1507 1133 1543 Cu-

385 1567 436 1589 rae
462 1567 537 1601 ergo
570 1562 640 1590 tuae
674 1556 714 1591 sit
736 1558 913 1593 monasterii
946 1557 1056 1593 fratres
1070 1570 1132 1605 quo

384 1604 503 1650 poteris
524 1605 660 1651 egregiis
670 1606 824 1647 moribus,
846 1620 881 1642 ac
894 1607 954 1641 vita
974 1608 1134 1654 inrepren-

383 1653 466 1688 sibili
487 1665 649 1697 exornare,
673 1663 705 1689 ut
725 1656 863 1702 profecto
883 1657 966 1691 iuxta
994 1657 1024 1691 id
1046 1656 1130 1704 quod

385 1729 488 1737 .....
507 1703 686 1749 apostolicis
704 1705 877 1751 privilegiis
897 1706 1007 1740 maluit
1023 1706 1133 1740 incon-

382 1764 473 1786 cusse
495 1752 661 1793 dotandos,
675 1753 833 1788 desideret
849 1755 966 1801 potius,
990 1755 1132 1790 etanhe-

382 1801 423 1835 let
458 1801 629 1836 inviolabili
676 1803 821 1838 coelestis
853 1805 1031 1839 affluentiae
1059 1817 1131 1839 mu-

382 1863 466 1887 nere,
488 1850 609 1886 diurnis
631 1861 757 1887 sauctae
775 1853 958 1899 discipliuae
984 1854 1130 1900 precihus

381 1899 602 1944 decorandos,
626 1901 665 1935 sit
701 1901 840 1948 profecto
867 1904 1068 1947 communis,
1101 1911 1130 1939 et

380 1950 501 1984 sincera
526 1949 600 1989 vita,
623 1950 661 1984 sit
689 1951 792 1986 sobria
819 1953 998 1988 communis
1024 1953 1130 1988 since-

381 1999 465 2038 ritas,
493 2005 527 2033 ut
550 1998 666 2045 quibus
688 2008 734 2035 est
756 2010 901 2037 mortuus
919 2002 1069 2046 mundus,
1092 2015 1128 2037 ac

381 2048 522 2094 sepultus
545 2060 601 2094 pro
634 2049 788 2085 incentiva
815 2052 1028 2087 contentionis
1049 2052 1128 2087 vicia

380 2097 512 2132 minimo
531 2097 646 2132 sunites
667 2101 709 2143 (l)
726 2112 786 2146 qua
814 2100 843 2134 in
867 2113 991 2135 cassum
1014 2101 1086 2148 quis
1099 2109 1129 2136 et

380 2146 492 2181 frustra
513 2146 655 2182 laborare
681 2149 895 2194 cognoscitur,
913 2150 939 2185 si
961 2150 1129 2197 superbiae

380 2195 525 2230 vitiorum
546 2196 656 2231 autrici
678 2197 757 2232 colla
784 2198 969 2235 submittere
995 2200 1126 2235 sentiat:

379 2244 419 2279 sit
445 2244 566 2279 excelsa
590 2245 662 2280 inde
683 2246 856 2289 humilitas,
879 2249 951 2295 quia
975 2261 1030 2295 per
1045 2249 1127 2284 hanc

380 2293 506 2328 coelesti
524 2301 635 2335 artem,
654 2295 837 2331 coelestium
858 2310 1026 2333 munerum
1047 2311 1127 2345 pos-

379 2342 492 2378 sidere.
515 2342 563 2377 Sit
590 2343 685 2389 igitur
710 2353 781 2380 ante
809 2347 918 2382 oculos
945 2348 1069 2388 mentis,
1096 2355 1127 2383 et

378 2392 519 2438 corporis
549 2392 750 2428 traditionum
779 2396 884 2441 regula
912 2405 1124 2442 paternarum,

379 2449 408 2475 et
430 2441 646 2488 unusquisque
669 2443 824 2489 praelatus
851 2446 973 2480 noverit
993 2446 1126 2493 qualiter

377 2490 489 2525 debeat
514 2493 669 2538 imperare
691 2492 836 2533 subditis,
860 2495 976 2529 nedum
1003 2507 1123 2542 aspera,

377 2548 407 2573 et
428 2552 487 2574 nec
508 2541 679 2588 unicuique
714 2541 798 2576 fratri
820 2543 981 2589 aptissima
1004 2545 1124 2579 ratione

378 2588 500 2635 impleri
524 2601 623 2637 usque
645 2590 682 2624 ad
705 2591 971 2638 complementum
989 2620 995 2626 .
1016 2620 1023 2628 .
1043 2594 1122 2629 .Dei

378 2638 567 2685 imperantes
594 2639 818 2676 indiscretione
839 2642 990 2678 subiecti:
1019 2643 1059 2677 sit
1073 2643 1123 2678 ita-

411 2693 451 2730 (t)
466 2694 654 2723 suscitentur?

994 310 1181 334 Bruanium
1203 308 1368 334 ROMANUM

1191 376 1253 412 que
1274 364 1435 399 moderata
1461 361 1619 401 vivacitas.
1654 361 1695 397 sit
1725 360 1939 398 solicitudinis

1190 414 1430 461 supereminens
1457 413 1487 447 in
1518 411 1666 447 fratribus
1698 412 1878 454 strenuitas,
1906 421 1939 447 ut

1189 464 1263 499 dum
1290 463 1475 510 regulariter
1496 474 1606 497 omnes
1629 460 1681 508 qui
1704 461 1771 496 Deo
1799 461 1939 508 integer-

1188 514 1266 548 rime
1287 514 1493 548 conferuntur
1515 523 1570 557 per
1597 510 1794 545 obedientiae
1821 510 1935 546 lineam

1187 564 1267 599 bene
1288 563 1460 598 servientes
1481 560 1651 595 exhibeant
1678 559 1874 606 temporalia,
1896 561 1935 595 ad

1185 613 1299 659 gaudia
1326 611 1470 647 coelestis
1492 609 1610 657 patriae
1628 609 1790 657 proveniat
1811 610 1936 656 sempi-

1184 670 1282 698 terna.
1309 661 1350 696 Et
1375 661 1452 696 haec
1474 659 1615 707 quidem,
1638 670 1718 706 quae
1731 658 1768 692 ad
1792 658 1935 693 solicitu-

1183 712 1289 746 dinem
1317 711 1497 758 pertinent,
1520 709 1635 743 dixisse
1667 707 1839 742 sufficiant:
1863 716 1935 743 ante

1182 762 1286 796 omnia
1309 759 1615 806 cumRedemptoris
1637 757 1735 792 nostri
1755 757 1934 792 misericor-

1181 811 1276 851 diam,
1298 810 1349 845 cui
1375 808 1580 855 ingemiscere
1602 807 1854 854 redemptionem
1878 819 1933 841 no-

1180 868 1275 895 stram
1304 865 1532 905 expectantem,
1561 857 1685 892 enixius
1711 869 1783 891 cum
1806 856 1932 903 singul-

1180 911 1230 949 tis,
1245 916 1276 944 et
1297 908 1467 952 gemitibus
1489 914 1709 951 expectamus,
1731 912 1766 940 ut
1786 917 1834 947 ea,
1850 918 1931 953 quae

1180 959 1278 1005 pietas
1300 958 1427 1003 flagitat,
1450 957 1601 1003 fragilitas
1635 956 1790 990 humanae
1817 955 1931 990 condi-

1180 1009 1276 1043 tionis
1303 1007 1511 1047 sufficienter,
1543 1013 1636 1053 atque
1668 1004 1864 1040 confidenter
1889 1005 1929 1040 de

1179 1058 1226 1092 sui
1254 1057 1392 1092 auctoris
1405 1056 1627 1103 suffragatione
1644 1053 1826 1102 adimpleat.
1840 1054 1928 1089 Bene

1178 1108 1289 1142 valete.

1226 1156 1341 1190 Datum
1371 1158 1392 1189 3
1416 1155 1457 1189 id.
1503 1153 1633 1189 ianuarii
1669 1153 1845 1200 imperante
1869 1153 1929 1188 do-

1179 1205 1265 1239 mino
1287 1205 1429 1251 piissimo
1450 1204 1531 1249 Aug.
1563 1202 1688 1238 Eraclio
1710 1215 1794 1237 anno
1831 1206 1864 1245 8Ἰ
1887 1202 1924 1237 P.

1177 1254 1214 1288 C.
1242 1254 1383 1288 eiusdem
1410 1265 1494 1287 anno
1520 1255 1575 1295 18,
1597 1260 1691 1298 atque
1703 1252 1829 1286 Eraclio
1842 1252 1930 1286 Con-

1177 1303 1316 1337 stantino
1344 1314 1424 1337 novo
1448 1301 1513 1336 filio
1548 1301 1647 1349 ipsius
1674 1312 1758 1335 anno
1779 1303 1838 1346 16,
1864 1301 1929 1336 ind.

1177 1364 1288 1399 prlmss.

1176 1409 1237 1439 Dat.
1256 1409 1303 1439 die
1326 1409 1359 1438 11
1381 1408 1508 1438 ianuarii
1531 1416 1608 1439 anno
1630 1406 1745 1437 Domini
1767 1407 1842 1445 6⁶28,
1860 1417 1931 1448 pon-

1216 1449 1259 1479 tif.
1278 1448 1398 1478 llonorii
1416 1457 1493 1478 anno
1515 1457 1557 1478 111.

1467 1504 1625 1515 ..-.—--

1525 1565 1564 1601 tt.

1176 1638 1387 1682 Privt'leqi'am,
1414 1651 1474 1684 quo
1506 1639 1662 1672 Ecclesiae
1697 1638 1931 1673 Dorobernensi

1222 1689 1406 1725 coitredt'titr,
1443 1696 1476 1721 ut
1497 1690 1669 1733 primatum
1695 1691 1834 1722 ninnium
1861 1689 1927 1721 Ec-

1222 1738 1385 1770 clesi'arttm
1407 1738 1593 1771 Britanniae
1620 1737 1852 1771 Cantztariensis
1877 1748 1927 1770 ar-

1222 1786 1427 1831 chiepiscopus
1449 1788 1582 1821 obtineat
1605 1788 1660 1831 (1).

1441 1855 1657 1886 SUMMARIUM

1172 1915 1343 1947 Adhortatio
1362 1917 1397 1947 ad
1419 1917 1580 1947 Honorium
1607 1918 1779 1958 episcopum
1798 1923 1830 1949 ut
1851 1927 1922 1958 per-

1212 1961 1325 1986 severet
1344 1957 1372 1986 in
1392 1957 1541 1995 Evangelii
1558 1959 1775 1997 propagatione.
1792 1976 1832 1980 —
1849 1958 1925 1989 Can-

1211 1997 1371 2026 tuariensis
1390 1997 1549 2037 episcopus
1569 1997 1734 2028 Britanniae
1757 1998 1883 2028 Primas.

1187 2057 1366 2086 Dilectissimo
1385 2057 1470 2087 fratri
1489 2059 1601 2087 Honorio
1621 2060 1750 2088 Honorius
1769 2060 1909 2096 episcopus

1390 2110 1485 2132 servus
1504 2111 1643 2133 servorum
1661 2104 1706 2133 Dei

1217 2159 1382 2208 Susceptis
1404 2168 1524 2197 vestrae
1551 2160 1729 2197 dilectionis
1754 2161 1865 2207 literis,
1888 2161 1920 2197 in

1168 2209 1213 2244 eis
1235 2210 1411 2257 reperimus
1421 2211 1519 2245 vestri
1542 2210 1657 2246 laboris
1683 2211 1920 2247 solicitudinem

1167 2258 1248 2294 circa
1280 2259 1367 2294 vobis
1401 2260 1606 2299 commissum
1644 2273 1789 2307 gregem,
1820 2261 1919 2296 multa

1167 2307 1349 2354 fatigatione
1383 2318 1581 2356 occupatam,
1609 2310 1708 2345 multo
1740 2310 1859 2355 labore,
1887 2319 1917 2345 et

1167 2358 1310 2404 angustia
1337 2358 1592 2394 crebescentibus
1618 2360 1726 2401 malis;
1762 2366 1792 2394 et
1818 2372 1914 2394 mun-

1167 2406 1256 2441 danis
1283 2407 1393 2442 usibus
1427 2409 1542 2443 mentis
1576 2418 1697 2444 vestrae
1725 2408 1916 2444 difficultatis

1166 2456 1291 2502 saepius
1325 2457 1502 2492 substinere
1529 2459 1722 2502 gravitatem.
1757 2458 1822 2493 Nos
1843 2470 1918 2493 vero

1166 2505 1329 2540 hortamur
1355 2515 1491 2541 vestram
1519 2507 1735 2547 dilectionem,
1763 2514 1797 2542 ut
1835 2520 1917 2555 opus

1164 2555 1337 2602 Evangelii,
1371 2556 1455 2604 quod
1484 2557 1651 2605 coepistis,
1673 2556 1817 2599 teneatis,
1844 2558 1917 2605 quia

1199 2623 1238 2660 (t)
1254 2624 1343 2651 Edidit
1358 2623 1396 2652 lo.
1417 2624 1546 2653 Seldenus
1561 2626 1631 2653 Hist.
1657 2625 1746 2661 Angl.‚
1773 2625 1866 2661 script.
1885 2634 1914 2659 x,

1164 2659 1213 2687 col.
1232 2660 1308 2692 1750,
1325 2663 1351 2687 et
1368 2661 1472 2687 Michael
1490 2661 1614 2689 Alsortlus
1633 2661 1729 2689 Annal-
1740 2660 1842 2690 Eccles.
1859 2661 1916 2688 An-

1164 2695 1215 2731 glo.
1237 2696 1299 2722 Sax.
1318 2696 1350 2722 ad
1366 2704 1465 2723 anuum
1481 2698 1544 2725 65¹4.

1964 310 2015 337 An.
2043 310 2072 338 C.
2097 310 2148 338 6⁹28

1945 2461 2074 2484 Aetion-tatio
2102 2462 2130 2484 na

1944 2498 2063 2523 Honor-ium
2081 2502 2130 2532 epi-

1945 2542 2037 2566 ncopum
2105 2541 2129 2560 ut
