2237 3127
204 316 254 341 Au.
279 315 305 342 C.
336 315 387 342 536

205 1219 255 1242 An.
281 1215 308 1242 (ἶ.

337 1215 386 1242 538

471 322 540 356 146

416 391 492 435 (quo
514 395 655 431 tempoie
672 382 704 416 in
730 379 823 415 exilio
845 377 963 424 degens
982 373 1163 421 martyrium

416 438 597 486 complevit)
623 436 691 470 dies
726 444 842 491 paucos
878 441 972 477 supra
999 439 1098 462 annos
1125 438 1162 460 11.

415 492 485 526 Una
508 488 705 524 ordinatione
726 485 844 521 creavit
869 483 1069 531 presbyteros
1091 492 1165 527 qua-

416 542 604 581 tuordecim,
646 540 814 587 episcopos
857 549 912 585 per
953 536 1074 570 ditcrsa
1096 535 1163 568 loca

414 607 514 630 unum
537 594 576 628 de
602 593 725 639 viginti.
762 592 887 638 Corpus
914 590 982 625 eius
1004 588 1161 634 sepultum

412 656 459 683 est
486 647 525 682 ad
547 647 677 681 Pontias
702 645 825 680 Insulas
851 645 882 678 in
904 644 974 678 loco
996 642 1081 677 exilii
1100 641 1161 682 sui,

414 704 459 735 12
482 700 532 735 kal
555 699 634 734 iulii.
657 698 788 733 Vaeavit
809 698 900 732 sedes
926 696 993 731 dies
1014 709 1056 730 1v.

459 754 604 788 Schisma
632 752 803 799 septimum
825 763 841 785 a
864 749 983 797 Vigilio
1008 748 1162 784 conssatur

412 808 443 841 in
467 817 597 841 romana
622 805 776 840 Ecclesia.

658 969 914 1019 VlGlLlUS

700 1051 794 1081 Pam
814 1051 868 1080 LXI

410 1109 501 1142 Anno
528 1118 618 1141 (ierac
653 1105 768 1139 Christi
792 1117 900 1138 comm.
937 1104 1061 1137 DXXX
1068 1103 1160 1136 VIII.

411 1205 583 1274 vigilius,
610 1225 736 1260 natione
759 1236 919 1264 romanus,
935 1222 1017 1257 filius
1036 1221 1162 1256 loannis

411 1280 574 1321 consulis,
609 1279 762 1314 diaeonus
795 1278 829 1313 S.
867 1278 907 1312 R.
936 1276 994 1317 E.,
1031 1288 1066 1310 ac
1103 1275 1160 1309 sibi

411 1345 587 1373 successor,
623 1344 639 1367 a
672 1331 835 1366 Bonifacio
870 1330 897 1364 lt
930 1330 1093 1365 ordinatur
1130 1329 1161 1363 in

411 1398 541 1422 romana
568 1384 690 1432 synodo
718 1396 773 1431 per
805 1384 1037 1427 constitutum,
1077 1381 1160 1429 quod

414 1449 519 1475 tamen
543 1438 626 1473 idem
648 1437 831 1472 Bonit‘acius
866 1438 896 1471 in
919 1437 1014 1471 altera
1041 1435 1162 1483 syuodo

412 1491 559 1527 incendio
593 1491 801 1537 consumpsit.
838 1490 872 1524 In
897 1490 1089 1535 pontificiam
1112 1500 1162 1523 se-

414 1546 486 1580 dem
514 1543 682 1578 intruditur
703 1555 720 1578 a
743 1543 876 1579 factione
891 1544 1076 1579 Theodorac
1094 1542 1162 1577 Au-

412 1606 522 1646 gustae
544 1597 594 1631 die
620 1609 695 1631 xxn
724 1598 904 1633 novembris
925 1611 1007 1633 anno
1030 1608 1163 1632 nxxxvn

412 1653 443 1686 in
467 1651 572 1686 locum
594 1650 717 1685 Silverii
740 1662 797 1697 per
818 1651 879 1685 vim
902 1651 1048 1698 depositi,
1072 1659 1103 1685 et
1132 1650 1162 1683 in

413 1705 541 1740 exilium
565 1703 662 1750 pulsi:
699 1704 825 1738 tandem
853 1713 922 1750 post
944 1705 1067 1739 Silverii
1091 1705 1164 1740 obi-

415 1767 482 1792 tum
517 1756 592 1791 cleri
624 1756 783 1802 suffragiis
815 1758 917 1793 eidem
940 1759 1090 1794 suffectus
1117 1767 1164 1793 est

413 1822 524 1846 mense
550 1810 637 1844 iunio
661 1810 735 1844 anni
758 1823 927 1846 cxxxvlii.
950 1811 1040 1846 Sedit
1060 1813 1164 1859 itaque

413 1878 429 1898 a
452 1863 591 1909 legitima
613 1863 660 1897 sui
676 1863 829 1898 electione
851 1877 950 1899 annos
968 1877 1038 1907 xvi,
1061 1878 1162 1900 mens.

415 1930 460 1961 vt,
482 1917 551 1951 dies
576 1928 662 1957 xvi1,
699 1925 772 1951 ante
796 1918 881 1964 quod
910 1926 1034 1965 tempus
1069 1931 1165 1953 usur-

415 1978 519 2017 patam
542 1969 651 2004 sedem
670 1978 813 2006 tenuerat
835 1972 998 2007 mensibus
1020 1985 1080 2017 vn,
1103 1972 1166 2007 die-

418 2024 480 2057 bus
501 2034 537 2057 11.
565 2022 640 2056 Fuit
658 2031 760 2058 autern
783 2026 980 2072 temporibus
1002 2025 1164 2060 Iustiniani

421 2076 527 2121 Aug,
563 2082 594 2110 et
613 2075 735 2111 Totilae
768 2078 850 2124 regis
876 2091 892 2113 a
920 2091 984 2113 cos.
1019 2078 1167 2126 Appione

419 2129 488 2163 sine
513 2128 633 2174 collega
666 2129 705 2164 ad
741 2138 811 2177 post
835 2132 1032 2167 consulatum
1061 2132 1166 2167 Basilii

419 2182 489 2217 Iun.
505 2190 552 2217 ter
567 2190 597 2217 et
611 2182 727 2218 decies.
745 2183 833 2219 Fecit
847 2185 1062 2221 ordinationes
1077 2186 1168 2231 duas,

419 2235 535 2282 quibus
570 2236 687 2270 creavit
725 2237 924 2284 presbyteros
963 2240 1169 2286 quadraginta

419 2300 489 2332 sex,
525 2288 674 2323 diaconos
699 2289 881 2336 sexdecim,
915 2293 1082 2340 episcopos
1115 2305 1171 2340 per

421 2341 545 2376 diversa
566 2341 634 2375 loca
657 2354 755 2376 unum
777 2355 873 2390 supra
894 2347 1086 2392 octuaginta.
1115 2346 1173 2393 Sy-

420 2394 544 2429 racusis
566 2394 598 2428 in
619 2393 727 2429 Sicilia
750 2396 883 2430 moritur
896 2397 947 2431 die
972 2401 1010 2432 11
1038 2399 1170 2434 ianuarii

422 2459 507 2482 anno
535 2448 618 2482 555.
641 2446 767 2494 Corpus
782 2461 855 2483 vero
876 2449 1009 2485 Romam
1032 2452 1171 2487 delatum

424 2500 583 2547 sepultum
606 2500 704 2535 estad
727 2500 760 2535 S.
778 2501 960 2536 Marcellum
986 2504 1031 2537 via
1054 2504 1172 2540 Salaria

425 2553 457 2587 in
495 2554 682 2588 coemeterio
714 2553 889 2591 Priscillae.
921 2555 1047 2592 Vacavit
1082 2558 1174 2594 sedes

425 2618 551 2641 menses
575 2619 629 2650 111,
654 2607 723 2643 dies
749 2619 780 2642 v.

1021 317 1212 344 BULLARIUM
1233 315 1399 339 ROMANUM

1983 304 2036 331 An.
2058 303 2085 331 C.
2111 302 2162 331 538

1568 375 1593 410 Ι.

1206 446 1375 480 Iustiniani
1394 446 1485 491 fidem
1508 446 1638 485 laudat,
1659 445 1810 490 simulque
1838 445 1953 479 Anthi-

1252 507 1336 528 mum
1370 495 1767 538 Constantinopolitanwn,
1814 495 1952 538 aliosque

1253 544 1423 588 Acephalos
1441 543 1695 586 anathematizat,
1716 554 1753 576 ac
1767 544 1954 587 synodorum

1255 599 1372 626 statuta
1400 593 1562 637 confirmat
1590 594 1651 634 (A).

1477 660 1575 691 SUMM
1579 659 1693 690 ARIUM

1204 721 1342 751 Hortatur
1363 722 1581 761 imperatorem,
1599 725 1631 750 ut
1648 725 1787 760 procuret
1804 721 1872 751 fidei
1887 721 1956 750 uni-

1245 765 1342 791 tatem.
1364 778 1404 783 —
1430 761 1492 790 Non
1523 765 1591 790 sunt
1609 761 1689 798 digni
1719 761 1881 800 praesules,
1903 760 1955 800 qui

1244 801 1402 830 constituta
1432 800 1512 830 sedis
1538 800 1717 839 apostolicae
1739 809 1797 829 nou
1829 803 1954 829 servant.

1242 856 1282 862 -
1300 840 1460 869 Anathema
1480 844 1580 869 contra
1600 848 1737 878 pe1verse
1756 839 1953 878 disputantes,

1244 879 1288 908 vel
1312 879 1470 908 infideliter
1487 878 1654 908 dubitantes
1666 880 1702 908 de
1713 879 1769 908 fide
1792 878 1872 907 sedis
1885 887 1957 923 apo-

1245 918 1377 948 stolicae
1402 935 1442 940 —
1469 918 1671 948 Anathematis
1709 917 1893 947 confirmatio
1923 917 1955 947 in

1243 955 1424 993 Anthimum,
1447 958 1574 996 eiusque
1597 961 1772 993 sectatores,
1795 960 1823 986 et
1845 956 1952 987 socios.

1241 1013 1282 1018 —-
1301 996 1340 1066 tlIJe
1352 981 1515 1036 privilegiis
1535 997 1617 1026 sedis
1636 996 1813 1035 apostolicae
1830 1004 1956 1026 conser-

1243 1045 1297 1066 Vssn
1321 1045 1358 1066 lS.

1303 1102 1501 1131 Gloriosissimo
1521 1103 1548 1131 et
1571 1102 1781 1131 clementissimo
1801 1100 1857 1130 filio

1331 1147 1482 1175 Iustiniana
1498 1147 1617 1182 Augusto
1631 1146 1746 1182 Vigilius
1761 1152 1833 1182 papa

1254 1202 1370 1237 Literis
1405 1203 1592 1238 clementiae
1631 1211 1752 1238 vestrae
1768 1230 1776 1245 ,
1816 1202 1956 1249 glorioso

1204 1252 1270 1286 viro
1294 1251 1358 1286 titio
1390 1259 1497 1286 nostro
1524 1251 1692 1286 Dominico
1726 1263 1769 1286 ex
1803 1251 1957 1292 consule,

1205 1308 1298 1347 atque
1325 1300 1426 1347 patrio
1458 1300 1641 1344 deferente,
1675 1308 1801 1335 assueta
1822 1311 1958 1335 venera-

1205 1350 1290 1384 tione
1330 1349 1485 1395 susceptis
1502 1376 1510 1390 ,
1552 1349 1750 1384 iucunditate
1788 1348 1958 1396 multiplici

1205 1398 1376 1432 universali
1392 1398 1554 1432 Ecclesiae
1575 1397 1780 1444 gaudendum
1800 1409 1871 1432 esse
1890 1409 1959 1445 per-

1206 1446 1385 1493 speximus,
1413 1446 1498 1493 quod
1525 1446 1728 1481 christianam
1760 1446 1874 1490 fidem,
1896 1458 1959 1493 qua

1206 1495 1313 1529 divina
1338 1495 1475 1530 Trinitas
1502 1495 1688 1540 honoratur,
1715 1503 1746 1530 et
1769 1495 1900 1539 colitur,
1925 1495 1959 1530 in

1206 1544 1293 1578 nullo
1317 1543 1517 1590 dissimilem,
1541 1544 1571 1578 in
1585 1544 1672 1578 nullo
1690 1543 1872 1591 permittitis
1887 1555 1957 1579 esse

1206 1592 1398 1633 discordem,
1426 1600 1456 1628 et
1477 1592 1535 1627 hac
1557 1592 1804 1627 clementissimo
1823 1592 1958 1640 imperio

1206 1649 1310 1676 vestro
1336 1642 1407 1683 Dei,
1440 1641 1491 1676 cui
1512 1641 1681 1676 serviendo
1703 1641 1841 1688 regnatis
1857 1650 1886 1676 et
1913 1653 1959 1676 re-

1206 1690 1334 1736 gnando
1369 1690 1503 1731 servitis,
1538 1690 1669 1737 gratiam
1704 1690 1871 1725 indefessis
1893 1702 1959 1725 cu-

1208 1739 1334 1773 mulatis
1361 1739 1533 1785 operibus,
1559 1746 1592 1773 ut
1617 1739 1650 1773 in
1669 1739 1730 1780 his,
1759 1751 1840 1786 quae
1867 1738 1958 1774 vobis

1208 1800 1264 1835 pro
1284 1787 1473 1834 integritate,
1501 1795 1532 1822 et
1554 1788 1721 1823 devotione
1744 1787 1816 1822 fidei
1838 1796 1960 1823 vestrae

1206 1836 1364 1871 Dominus
1378 1836 1528 1883 singulari
1543 1837 1659 1883 pietate
1673 1836 1843 1881 concessit,
1864 1847 1960 1883 agno-

1208 1892 1354 1926 scantur,
1386 1886 1468 1919 iuste
1494 1897 1530 1920 ac
1561 1885 1787 1920 convenienter
1813 1885 1960 1933 impleri,

1208 1946 1302 1981 quam
1339 1933 1607 1980 praedicationem
1635 1934 1727 1969 docet
1757 1933 1958 1981 Apostolus:

1208 1983 1290 2024 Quia
1309 1983 1407 2017 sancti
1433 1994 1488 2029 per
1510 1983 1603 2017 fidem
1626 1983 1770 2018 vicerunt
1797 1985 1936 2029 re0·na(a
1916 1986 1989 2027 α).
1983 1988 1986 1990 “

1209 2031 1322 2073 Qualia
1341 2031 1424 2065 enim
1448 2043 1543 2077 regna
1562 2031 1633 2078 plus
1649 2032 1745 2066 armis
1757 2031 1841 2076 fidei,
1863 2043 1959 2078 quam
1983 2028 1990 2094 ἐ

1210 2091 1361 2134 corporea
1384 2080 1567 2114 fortitudine
1594 2080 1744 2125 viceritis,
1784 2080 1907 2115 docet'
1900 2092 1961 2114 tm-
1983 2099 1987 2106 ·

1211 2129 1362 2163 mensitas
1409 2129 1552 2174 gentium
1595 2128 1808 2163 subiectarum
1825 2156 1834 2170 ,
1882 2140 1963 2175 quae

1211 2184 1330 2232 quanto
1350 2177 1447 2211 maior
1468 2177 1604 2223 assurgit
1625 2189 1770 2219 numero,
1792 2184 1879 2212 tanto
1897 2189 1964 2224 my-

1212 2226 1282 2260 stici
1309 2225 1407 2260 solius
1442 2225 1577 2272 perfecta
1612 2226 1794 2280 operatione
1821 2225 1963 2260 miraculi

1213 2281 1391 2322 superatut.
1421 2274 1513 2309 Unde
1536 2286 1593 2309 nos
1615 2287 1645 2308 in
1668 2275 1807 2309 Domino
1828 2274 1963 2309 nimium

1213 2323 1361 2358 convenit
1393 2323 1538 2368 gloiiari,
1573 2324 1659 2370 quod
1680 2335 1744 2358 non
1767 2323 1961 2377 imperialem
2224 2338 2232 2381 μ

1214 2371 1328 2413 solum,
1351 2373 1406 2406 sed
1429 2372 1523 2406 etiam
1550 2372 1777 2407 sacerdotalem
1796 2371 1886 2406 vobis
1900 2371 1962 2406 ani·

1214 2433 1301 2455 mum
1315 2419 1502 2465 concedere,
1518 2433 1574 2455 sua
1591 2421 1791 2456 miseratione
1812 2420 1962 2466 dignatus

1215 2476 1274 2510 est,
1302 2476 1333 2503 et
1359 2468 1444 2516 quod
1472 2481 1583 2504 omnes
1605 2469 1770 2517 pontifices
1788 2469 1917 2515 antiqua
1930 2468 1963 2503 in

1215 2517 1379 2553 offerendo
1393 2518 1545 2552 sacrificia
1560 2518 1729 2553 traditione
1746 2517 1962 2564 deposcimus,

1217 2574 1393 2607 exorantes,
1415 2575 1450 2601 ut
1469 2567 1657 2602 catholicam
1687 2566 1781 2601 sidem
1802 2566 1962 2607 adunare,

1266 2628 1275 2653 ¹
1308 2627 1345 2653 Ex
1364 2627 1419 2654 VV.
1435 2626 1487 2655 CC.
1504 2628 1566 2656 Vat.
1584 2626 1668 2655 edidit
1685 2626 1759 2654 card.
1775 2626 1878 2654 Carasa.

1251 2626 1292 2698 {ai
1307 2661 1387 2690 tlohr.
1404 2669 1434 2690 ιι.

1989 1785 2093 1808 nort-tur
2125 1787 2171 1808 ini-

1989 1824 2122 1852 pernoram,
2150 1826 2173 1844 ut

1989 1861 2093 1887 procuret
2120 1857 2169 1880 fide-i

1989 1894 2107 1917 unitatem.
