2237 3127
215 241 266 268 An.
289 241 317 268 C,
346 242 396 268 2'140

241 715 361 736 Manichaei
374 717 396 737 ct

213 751 362 773 Marriunitae.

209 1639 274 1660 ludent

207 1675 374 1697 t·t·sr1.·lnt.·tntni·⁴

237 2392 298 2413 Solus
330 2392 390 2414 Chri-

208 2431 252 2447 siu<
273 2428 336 2448 morti
357 2429 392 2449 ni-

208 2463 236 2485 litl
261 2463 343 2486 debuit.

488 236 533 270 68

429 310 538 336 natura
560 307 607 334 est
628 297 764 345 Spiritus
791 295 910 335 Sancti,
933 295 1091 340 simulque
1114 295 1180 327 im-

428 350 598 398 passibilis,
620 347 713 382 simul
732 354 779 381 est
804 343 1181 383 incon1n1utabilis‚se1n-

429 401 569 447 piternae
588 396 750 431 Trinitatis
773 394 907 428 indivisa
927 392 1083 433 nnitaS,et
1102 405 1181 427 eon-

428 446 641 484 suhstantialis
662 444 843 491 aequalitas.
860 442 954 478 Unde
976 442 1000 477 si
1024 442 1062 476 ab
1079 441 1181 489 Apol-

427 498 535 532 linaris
559 494 760 542 perversitate
787 492 965 527 haereticus
993 491 1051 526 iste
1069 491 1180 526 desei-

425 548 495 587 scii,
519 558 559 580 ne
579 544 793 583 convineatur,
818 541 969 576 deitatem
996 540 1177 587 passibilem

425 597 542 631 sentire
564 602 655 641 atque
679 591 855 631 mortalem,
885 600 915 626 et
953 598 1058 625 tamen
1082 590 1176 628 Verbi

427 644 590 688 incarnati,
618 643 715 683 idest,
743 641 837 676 Verbi
869 648 900 675 et
938 640 1040 674 carnis
1083 652 1177 674 unam

426 695 518 729 audet
545 692 748 741 pronuntiare
770 698 933 730 naturam;
976 701 1039 723 non
1081 688 1177 724 dubie

427 745 456 778 in
472 741 644 779 Manichaei
659 750 688 776 et
702 739 873 775 Marcionis
884 739 996 773 transit
1008 738 1175 779 insaniam,

425 803 455 829 et
483 793 688 828 mediatorem
712 790 769 824 Dei
801 797 831 824 et
855 789 1033 829 hominnm,
1065 788 1176 822 homi-

427 856 497 878 nem
522 843 624 877 lesum
646 840 809 875 Christum
841 838 1034 873 simulatorie
1069 837 1176 872 omnia

424 892 523 927 credit
539 892 658 938 egisse3
677 901 735 924 nec
758 890 933 923 humanum
958 888 990 922 in
1010 889 1078 935 ipso
1101 899 1175 921 cor-

426 955 495 988 pus,
518 942 572 976 sed
608 939 834 988 phantasticam
862 937 1003 984 corporis
1035 937 1173 985 speciem

424 991 525 1026 oculis
551 989 734 1037 apparuisse
756 987 964 1022 cernentium.

475 1044 506 1075 5.
529 1040 618 1082 Quae
645 1037 816 1085 impietatis
838 1036 1001 1071 mendacia
1024 1035 1172 1083 quoniam

387 1099 394 1104 “
424 1090 498 1125 olim
522 1090 599 1124 fides
617 1087 770 1124 catholica
797 1087 981 1127 detestatur,
1009 1095 1039 1120 et
1066 1086 1173 1120 talium

424 1140 586 1185 sacrilegia
601 1136 813 1173 concordibus
830 1148 883 1182 per
897 1143 998 1170 totum
1018 1135 1171 1169 mundum

425 1189 588 1224 beatorum
604 1188 732 1222 Patrum
747 1194 821 1220 sunt
834 1185 981 1219 damnata
995 1185 1172 1225 sententiis3

426 1239 618 1286 quicumque
659 1236 703 1271 illi
730 1244 802 1270 sunt
831 1235 872 1269 ita
906 1235 1064 1269 obcaecati
1104 1242 1134 1268 et
1155 1247 1172 1269 a

424 1289 542 1323 lumine
564 1286 702 1322 veritatis
728 1285 837 1325 alieni,
864 1291 898 1318 ut
934 1283 1038 1318 Verbo
1071 1284 1127 1318 Dei
1155 1296 1172 1318 a

427 1346 568 1384 tempore
601 1335 826 1371 incarnationis
866 1334 1053 1376 humanam,
1092 1334 1172 1367 idest

426 1400 483 1423 ros
500 1400 562 1421 ram
579 1393 694 1432 negent
707 1385 809 1419 inesse
822 1391 977 1424 naturam
992 1383 1169 1423 ostendant,

426 1438 456 1471 in
481 1450 543 1484 qno
564 1436 624 1471 sibi
646 1435 853 1470 christianum
873 1445 988 1468 nomen
1006 1440 1170 1479 usurpent,

424 1495 454 1521 ct
485 1499 556 1521 cum
579 1484 741 1531 evangelio
779 1482 928 1523 veritam,
963 1495 1022 1529 qua
1052 1483 1171 1517 ratione

424 1535 626 1576 concordent,
653 1535 678 1569 si
715 1545 770 1580 per
802 1532 909 1567 beatae
937 1532 1074 1579 Virginis
1098 1544 1171 1579 par-

425 1594 502 1626 tum,
525 1592 577 1619 aut
598 1597 670 1619 caro
696 1584 764 1618 sine
786 1582 912 1622 deitate,
936 1590 988 1616 aut
1010 1581 1109 1615 deitas
1123 1589 1170 1615 est

334 1647 393 1659 “¹¹0-
424 1644 488 1670 orta
511 1635 580 1669 sine
602 1646 705 1669 carne.
728 1632 817 1667 Sicut
843 1631 927 1666 enim
964 1631 1068 1677 negari
1105 1643 1168 1665 non

425 1693 538 1732 potest.
561 1683 645 1731 quod
669 1681 809 1717 Verbum
831 1693 902 1716 caro
925 1680 1042 1715 sactum
1067 1687 1124 1722 est,
1140 1688 1170 1715 et

424 1735 572 1769 habitavit
594 1734 624 1768 in
653 1732 744 1767 nobis
767 1734 826 1775 (a);
847 1731 886 1765 ita
905 1730 1010 1776 negari
1031 1742 1093 1764 non
1113 1742 1170 1777 po-

424 1792 494 1824 test,
517 1783 600 1830 quod
623 1782 709 1817 Deus
735 1788 799 1815 erat
813 1780 844 1814 in
866 1779 992 1815 Christo
1015 1779 1168 1814 mundum

425 1833 629 1868 reconcilians
645 1831 712 1866 sibi.
741 1830 830 1872 Quae
859 1838 963 1864 autem
989 1829 1169 1864 reconcilia-

424 1884 465 1917 tio
487 1895 556 1918 esse
579 1889 690 1929 potest,
718 1893 779 1928 qua
806 1880 945 1914 humano
962 1878 1069 1925 generi
1094 1891 1170 1925 pro-

426 1932 586 1979 pitiaretur
610 1932 708 1971 Deus,
732 1930 789 1964 nisi
803 1928 947 1964 omnium
963 1940 1088 1963 causam
1107 1941 1169 1963 me-

423 1982 522 2016 diator
554 1982 612 2016 Dei
642 1980 871 2026 hominumque
905 1978 1079 2025 susciperet
1101 1979 1170 2022 (b)‘?

423 2031 490 2073 Qua
524 2043 595 2065 vero
630 2030 748 2064 ratione
786 2028 947 2063 veritatem
988 2027 1170 2062 mediatoris

424 2081 578 2127 impleret,
600 2080 658 2114 nisi
687 2079 739 2126 qui
767 2078 798 2113 in
823 2077 921 2112 forma
943 2076 1001 2111 Dei
1030 2077 1168 2124 aequalis

423 2139 487 2164 crat
509 2130 604 2171 Patri,
622 2130 653 2163 in
682 2130 780 2163 forma
804 2127 884 2162 servi
908 2127 1064 2173 particeps
1087 2134 1170 2161 esset

423 2188 451 2213 et
478 2179 592 2219 nostri3
616 2187 647 2213 nt
671 2191 726 2225 per
748 2190 846 2212 unum
871 2188 987 2211 novum
1008 2176 1168 2210 hominem

423 2228 509 2263 tieret
531 2228 690 2263 renovatio
708 2227 879 2267 vetustatis,
907 2234 938 2260 et
961 2226 1071 2260 mortis
1097 2226 1168 2259 vin-

423 2279 529 2313 culum
558 2278 651 2313 unius
671 2276 933 2324 praevaricatione
960 2282 1167 2316 contractum,

423 2328 517 2363 nnius
540 2335 650 2370 morte,
674 2327 726 2374 qui
742 2326 827 2360 solus
847 2325 938 2359 morti
957 2325 1032 2359 nihil
1048 2324 1168 2369 debuit,

423 2378 615 2412 solveretur?
632 2376 751 2411 Effusio
766 2375 850 2410 enim
874 2387 928 2421 pro
955 2374 1078 2408 iniustis
1096 2387 1170 2408 san-

422 2427 526 2473 guinis
553 2427 623 2462 iusti
656 2434 717 2460 tam
750 2432 862 2472 potens
897 2424 952 2458 suit
978 2424 1015 2458 ad
1044 2423 1169 2470 privile-

422 2478 520 2522 gium,
543 2484 604 2511 tam
631 2475 719 2510 dives
741 2474 779 2509 ad
802 2474 957 2522 pretium;
991 2481 1022 2508 ut
1044 2474 1069 2507 si
1103 2473 1167 2508 uni-

423 2527 552 2561 versitas
566 2525 761 2572 captivorum
782 2524 811 2558 in
825 2524 1055 2570 redemptorem
1072 2535 1165 2557 suum

423 2576 574 2619 crederet,
596 2575 717 2609 nullum
750 2574 908 2622 tyrannica
935 2572 1060 2608 vincula
1091 2572 1166 2608 reti-

457 2631 496 2669 (a)
513 2633 584 2660 Ioan.
604 2633 627 2659 t.
666 2631 705 2668 (ὁ)
723 2632 750 2658 2.
770 2630 889 2659 Corinth.
908 2631 933 2657 1.

1014 241 1202 264 nt'untntmt
1226 241 1316 263 ROMA
1322 241 1388 263 Nm!

1225 302 1351 328 nerent:
1375 293 1524 340 quoniam
1544 293 1635 337 (sicut
1657 294 1829 342 Apostolus
1849 295 1900 339 ait)
1916 296 1967 332 ubi

1223 342 1392 377 abundavit
1431 351 1614 389 peccatum,
1641 345 1907 390 superabundavit
1940 355 1967 381 et

1223 391 1320 437 gratia
1342 394 1392 436 (a).
1408 392 1534 426 Etcum
1558 392 1617 426 sub
1641 394 1758 439 peccati
1779 395 1968 440 praeiudicio

1224 441 1286 475 nati
1324 449 1506 487 potestatem
1534 441 1713 488 acceperint
1747 442 1786 477 ad
1820 445 1967 480 iustitiam

1222 490 1425 532 renascendi;
1453 491 1585 525 validius
1619 492 1734 526 tactum
1772 500 1819 527 est
1850 493 1968 529 donum

1222 539 1384 580 libertatis,
1407 552 1500 587 quam
1529 540 1671 575 debitum
1694 540 1863 577 servitutis.

1270 593 1301 623 4.
1332 590 1434 631 Quam
1464 590 1567 636 itaque
1594 590 1653 624 sibi
1680 589 1711 624 in
1739 590 1833 626 huius
1859 604 1967 627 sacra-

1221 639 1316 673 menti
1346 638 1500 685 praesidio
1527 652 1615 686 spem
1645 639 1839 687 relinquunt,
1865 641 1965 688 quiin

1219 687 1389 723 Salvatoris
1414 688 1510 723 nostri
1529 701 1661 735 corpore
1679 699 1794 735 negant
1809 690 1966 726 humanae

1219 737 1412 772 substantiae
1440 738 1621 772 veritatem?
1648 738 1760 773 Dicant
1780 752 1844 787 quo
1869 740 1968 775 sacri-

1219 786 1290 821 ficio
1319 787 1520 828 reconciliati,
1535 787 1715 835 dicantqno
1737 789 1891 835 sanguine
1904 790 1964 825 sint

1220 835 1389 884 redempti?
1416 837 1496 878 Quis
1518 846 1575 877 est,
1603 837 1656 883 qni
1693 837 1819 873 tradidit
1845 847 1965 874 semet-

1218 885 1320 930 ipsum
1351 899 1406 933 pro
1444 886 1535 921 nohis
1563 886 1765 928 oblationem,
1781 896 1811 922 et
1832 888 1965 924 hostiam

1216 934 1296 975 Deo,
1320 936 1350 970 in
1376 935 1504 970 odorem
1531 936 1693 971 suavitatis
1719 938 1781 981 <b)?
1796 937 1860 972 Aut
1881 939 1964 985 quod

1217 997 1356 1031 unquam
1380 985 1567 1020 sacrificium
1596 986 1746 1021 sacratius
1781 987 1849 1031 fuit,
1870 1000 1964 1034 quam

1216 1035 1298 1081 quod
1326 1047 1416 1069 verus
1435 1035 1573 1082 pontifex
1593 1035 1680 1070 altari
1703 1036 1805 1070 crucis
1830 1049 1884 1082 per
1906 1037 1966 1071 im-

1215 1084 1506 1119 molationemsuae
1529 1085 1631 1120 carnis
1659 1085 1829 1131 imposuit?
1851 1086 1966 1128 Quam-

1217 1133 1261 1167 vis
1287 1134 1369 1168 enim
1399 1134 1568 1169 multorum
1596 1143 1775 1169 sanctorum
1814 1135 1844 1169 in
1880 1148 1965 1170 con—

1214 1191 1324 1229 spectu
1345 1183 1473 1218 Domini
1498 1184 1632 1230 pretiosa
1660 1196 1744 1218 mors
1768 1184 1869 1226 fuerit,
1893 1185 1964 1220 nul-

1214 1232 1275 1266 lius
1308 1240 1413 1267 tamen
1449 1233 1582 1268 insontis
1608 1234 1743 1277 occisio,
1786 1234 1965 1281 propitiatio

1215 1281 1272 1316 fuit
1299 1282 1407 1316 mundi
1430 1284 1477 1326 (c).
1500 1282 1701 1329 Acceperunt
1723 1283 1807 1327 iusti,
1829 1296 1891 1318 non
1914 1283 1966 1318 de·

1213 1331 1328 1366 derunt
1349 1344 1493 1376 coronas,
1516 1341 1546 1367 et
1568 1333 1607 1367 de
1631 1332 1809 1367 fortitudine
1824 1333 1962 1368 fidetium

1213 1381 1356 1428 exempla
1384 1391 1454 1416 nata
1485 1390 1558 1416 sunt
1586 1382 1767 1429 patientiae,
1794 1395 1857 1417 non
1880 1382 1962 1418 dona

1212 1430 1359 1466 iustitiae.
1398 1431 1582 1477 Singularcs
1617 1432 1735 1478 quippe
1771 1431 1802 1466 in
1829 1432 1964 1478 singulis

1212 1489 1328 1515 mortes
1369 1480 1505 1525 fuerunt,
1536 1493 1594 1515 nec
1631 1481 1758 1516 alterius
1794 1482 1960 1528 qnisquam

1211 1529 1351 1564 debitum
1367 1543 1424 1564 suo
1447 1530 1508 1565 line
1531 1530 1691 1577 persoluit,
1719 1543 1790 1565 cum
1819 1531 1900 1566 inter
1923 1531 1961 1565 fi-

1212 1579 1270 1614 lios
1293 1580 1457 1614 hominum
1480 1592 1562 1614 unus
1580 1580 1667 1614 solus
1687 1579 1840 1615 Dominus
1856 1588 1960 1616 noster

1211 1628 1298 1663 lesus
1326 1628 1473 1664 Christus
1510 1629 1661 1668 extiterit,
1696 1630 1726 1663 in
1760 1642 1822 1676 quo
1849 1642 1960 1665 omncs

1211 1678 1363 1717 crucifixi,
1378 1691 1488 1713 omnes
1502 1680 1629 1721 mortui,
1639 1691 1749 1713 omnes
1757 1679 1883 1726 sepulti,
1896 1691 1961 1714 oin-

1212 1740 1267 1763 nes
1276 1729 1449 1763 suntetiam
1457 1728 1606 1763 suscitati.
1616 1728 1859 1776 Deqnibusipsc
1872 1729 1960 1764 dice-

1210 1777 1272 1812 bat:
1286 1777 1368 1813 Cum
1378 1778 1532 1813 exaltatus
1548 1778 1636 1812 suero
1648 1790 1664 1813 a
1677 1786 1769 1819 terra,
1783 1778 1885 1813 onmia
1901 1786 1960 1813 tra-

1211 1827 1327 1862 hamad
1338 1840 1387 1862 me
1400 1830 1451 1872 (d).
1467 1827 1562 1862 Fides
1573 1828 1689 1862 etenim
1706 1840 1774 1862 vera
1787 1828 1958 1863 iustilicans

1212 1877 1336 1924 impios,
1358 1886 1388 1912 et
1414 1889 1525 1912 creans
1552 1877 1668 1918 iustos,
1696 1877 1732 1911 ad
1756 1877 1960 1912 humanitatis

1210 1939 1285 1961 suae
1308 1934 1401 1961 tracta
1426 1927 1707 1974 participationem,
1734 1926 1765 1961 in
1787 1927 1839 1962 illo
1856 1927 1960 1975 acqui-

1211 1976 1249 2011 rit
1271 1977 1414 2015 salutem,
1438 1976 1467 2010 in
1490 1989 1554 2023 quo
1576 1977 1642 2011 solo
1669 1976 1764 2012 homo
1785 1989 1819 2012 se
1842 1976 1958 2011 invenit

1211 2026 1421 2066 innocentem,
1444 2026 1578 2060 liberum
1603 2025 1723 2060 habens
1745 2038 1800 2073 per
1826 2026 1955 2072 gratiam

1210 2075 1268 2110 Dei
1295 2075 1334 2110 de
1361 2075 1429 2110 eius
1453 2076 1591 2122 potentia
1612 2075 1749 2122 gloriari,
1776 2075 1830 2122 qui
1851 2083 1957 2110 contra

1212 2125 1333 2160 hostem
1355 2125 1526 2172 superbum
1550 2125 1579 2159 in
1615 2125 1717 2160 carnis
1746 2134 1868 2160 nostrae
1892 2125 1956 2160 hu-

1210 2175 1340 2209 militate
1363 2186 1566 2221 congressus,
1604 2174 1653 2209 his
1681 2174 1839 2209 victoriam
1869 2187 1955 2209 suam

1212 2224 1331 2268 tribuit,
1358 2224 1389 2258 in
1411 2236 1545 2271 quorum
1569 2236 1701 2271 corpore
1720 2223 1932 2271 triumphavit.

1261 2278 1293 2308 5.
1321 2274 1472 2316 Quamvis
1499 2286 1573 2320 ergo
1600 2274 1630 2308 in
1654 2286 1717 2308 nno
1739 2273 1876 2308 Domino
1898 2285 1956 2308 no-

1211 2331 1274 2358 stro
1298 2323 1364 2358 lesu
1387 2322 1526 2368 Christo,
1549 2336 1621 2358 vero
1647 2323 1706 2358 Dei
1733 2331 1826 2370 atque
1848 2323 1958 2357 homi-

1211 2373 1259 2408 nis
1287 2372 1360 2413 filio,
1383 2373 1476 2408 Verbi
1500 2380 1530 2407 et
1552 2373 1654 2407 carnis
1683 2385 1742 2407 nna
1760 2384 1892 2419 persona
1906 2372 1957 2413 sit,

1211 2430 1240 2458 et
1273 2430 1402 2470 utraque
1444 2423 1576 2457 essentia
1623 2434 1808 2457 communes
1846 2421 1959 2457 habeat

1211 2472 1361 2513 actiones,
1389 2472 1611 2518 intelligendae
1638 2479 1742 2507 tamen
1774 2478 1849 2506 sunt
1870 2471 1960 2518 ipso-

1212 2534 1278 2557 rum
1301 2533 1435 2569 operum
1466 2523 1641 2569 qualitates,
1674 2529 1703 2556 ct
1723 2520 1864 2556 sincerae
1884 2519 1958 2556 fidei

1245 2592 1283 2627 (ιι)
1300 2593 1375 2619 nom.
1393 2593 1420 2619 tt.
1472 2592 1511 2629 (b)
1530 2592 1626 2629 Ephes.
1644 2592 1670 2619 3.
1726 2591 1763 2628 (c)
1781 2591 1875 2619 l'sulm.
1900 2590 1956 2618 115.

1210 2628 1250 2665 (d)
1271 2630 1341 2657 loan-
1363 2630 1402 2656 ta.

1994 239 2047 268 An.
2069 240 2098 269 C.
2126 241 2177 271 449

2030 1443 2053 1464 ln
2077 1442 2164 1465 Christo

2013 1479 2061 1500 lesu
2080 1486 2155 1500 nt'umw

1991 1513 2097 1543 crucifixi,
2120 1523 2176 1537 rnor-

1991 1550 2031 1580 tui,
2050 1551 2129 1581 sepulti
2153 1554 2174 1573 et

1990 1586 2091 1608 suscitati
2138 1595 2174 1608 sn-

1991 1625 2044 1640 mus.

2017 2295 2072 2324 Quid
2085 2296 2171 2326 utrique

1986 2332 2065 2354 Christi
2105 2335 2170 2353 untu-

1984 2381 2022 2397 rie
2047 2373 2170 2403 proprium,

1986 2405 2036 2436 quid
2071 2412 2170 2426 entmun-

1986 2450 2012 2464 nc
2029 2449 2050 2463 ln
2068 2449 2113 2464 mun
2130 2448 2170 2462 ae-

1985 2477 2082 2500 tionibus
2098 2477 2136 2500 sit.
