2237 3127
105 305 158 334 An.
186 305 289 337 cstt96
1751 341 1820 373 1⁶27
1893 343 1946 371 An.
1969 343 1998 372 C.
2025 344 2077 373 496

315 413 402 447 sunt,
424 404 477 440 ubi
499 403 719 453 unusquisque
760 402 821 440 sub
842 411 929 439 tanto
963 403 1069 438 iudice
1113 410 1218 437 autem
1255 402 1346 438 Iesus
1371 403 1577 449 cogitationes
1616 416 1738 447 eorum,
1770 407 1865 444 dixit:

314 468 378 491 non
396 464 499 503 potest
525 456 657 502 perdere
680 455 727 490 sui
750 454 852 489 meriti
870 453 1064 501 qualitatem.
1109 451 1194 494 Quid
1217 453 1362 499 cogitatis
1377 454 1458 488 mala
1473 454 1503 488 in
1520 454 1671 489 cordibus
1686 457 1810 492 vestris?
1825 461 1865 502 (α)

362 505 519 553 2.Itaque
534 513 684 540 monente
697 517 755 540 nos
769 504 951 539 beatissimo
966 503 1066 538 Paulo
1159 504 1191 537 5.
1214 502 1386 538 Precamur
1421 504 1525 551 itaque
1568 504 1771 540 clementiam
1805 520 1865 541 ve·
1891 523 1916 544 11
1946 532 1969 553 .,.
1987 525 2074 546 ,ΛΜ

313 555 468 602 apostolo,
495 567 533 589 ne
555 554 640 602 quod
662 554 702 589 sit
727 554 758 588 in
797 554 857 588 hoc
888 553 1067 588 offendicu-
1107 559 1215 591 stram,
1241 560 1273 586 ut
1295 552 1476 600 specialiter
1499 566 1615 588 nomen
1631 562 1772 590 taceatur
1787 558 1864 592 Aca·
1890 559 1911 580 ³¹¹
1931 560 2074 582 [ut-...w

888 347 914 372 S·
945 346 1143 371 ANASTASIUS
1169 348 1195 370 11
1220 347 1272 371 PP-

117 560 178 587 Quod
197 569 238 583 nnn
257 563 285 584 sit

229 599 231 601 ·
1108 601 1153 645 tii,
1177 609 1210 635 ut
1232 603 1315 648 quod
1339 615 1377 637 ex
1413 603 1519 637 multis
1549 605 1652 639 causis
1674 606 1859 642 scandalum
1888 604 1927 652 ff,

1928 633 1970 654 1111.

124 1752 173 1764 uus
205 1745 261 1768 lla:-

77 1779 137 1800 notit
166 1780 261 1802 alm-on-

74 1814 119 1835 dita
136 1817 211 1837 cor-'m
236 1832 244 1840 .

313 604 380 640 lum
408 605 437 639 in
459 603 613 647 Ecclesia,
635 603 723 645 dum,
756 603 841 650 quod
866 603 967 638 facere
1001 615 1064 637 non
1918 601 1966 616 Μ’
1994 605 2072 619 ‘¹⁰¹¹'‘'''

205 677 209 689 .
242 644 285 692 „nsi
314 666 494 701 possumus,
521 654 561 688 de
581 653 642 694 his,
674 653 729 700 qui
761 653 822 687 iam
861 653 1063 693 transierunt,

236 710 264 729 ³¹⁵
312 703 452 739 iudicare
465 715 630 744 conemur,
644 702 877 737 observandum
891 714 961 737 esse
977 711 1063 737 tran-

309 753 449 801 quillitas
469 760 522 787 tua
549 760 730 798 cognoscat.
751 752 806 786 Ait
831 751 916 787 enim
940 752 979 787 de
1001 752 1061 796 his,

308 803 362 850 qui
389 802 428 837 de
453 801 550 837 rebus
572 801 611 836 ad
634 801 739 836 Deum
765 801 867 836 solum
897 802 1061 848 pertinen-

309 851 396 887 tibus
420 851 560 886 iudicare
582 859 808 898 praesumunt3
847 863 942 886 nemo
975 851 1059 886 enim

305 909 450 936 nostrum
472 900 531 936 sibi
554 901 641 942 vivit,
664 909 695 935 et
715 913 811 936 nemo
845 900 904 935 sibi
927 901 1061 936 moritur

305 953 357 995 (a).
374 950 449 986 Sive
470 950 558 985 enim
580 950 727 996 vivimus,
747 950 887 986 Domino
910 950 1058 991 vivimns;

301 1000 368 1035 sive
395 1000 561 1041 morimur,
583 1000 724 1035 Domino
739 1000 909 1036 morimur:
933 1000 999 1035 sive
1014 1001 1059 1034 vi-

300 1050 418 1090 vimus,
440 1050 508 1085 sive
530 1050 696 1091 morimur,
718 1049 848 1085 Domini
871 1062 982 1084 sumus
1005 1052 1056 1094 (b).

301 1098 339 1134 In
366 1100 427 1135 hoc
447 1099 532 1135 enim
567 1098 715 1135 Christus
741 1100 912 1135 resurrexit
933 1112 950 1135 a
972 1112 1058 1135 mor-

300 1149 376 1191 tuis,
399 1157 434 1184 ut
455 1159 485 1185 et
506 1149 649 1185 vivorum
671 1158 702 1185 et
725 1158 923 1185 mortuorum
951 1149 1057 1185 domi—

299 1207 403 1234 netur.
437 1199 486 1234 Tu
513 1207 620 1235 autem
654 1200 730 1248 quid
768 1200 890 1235 iudicas
929 1200 1056 1235 fratrem

299 1248 412 1284 tuum?
427 1257 626 1297 auttuquare
637 1250 760 1297 spernis
770 1250 894 1285 fratrem
911 1252 1056 1294 tuum(c)‘.’

296 1297 419 1334 Omnes
438 1299 523 1334 enim
545 1299 700 1334 stabimus
711 1308 784 1335 ante
803 1300 941 1335 tribunal
960 1299 1055 1334 Chri-

297 1349 349 1383 sti.
377 1348 539 1397 Scriptum
568 1358 615 1384 est
649 1351 751 1385 enim:
783 1350 851 1384 vivo
879 1362 950 1397 ego,
978 1349 1054 1384 dicit

295 1397 470 1440 Dominus,
499 1399 649 1446 quoniam
678 1399 753 1434 mihi
787 1401 931 1434 flectetur
958 1411 1053 1434 omne

293 1460 390 1493 genu,
412 1456 442 1483 et
463 1450 568 1484 omnis
594 1450 700 1496 lingua
736 1449 940 1484 confitebitur
972 1448 1050 1484 Deo.

293 1497 404 1545 Itaque
421 1499 639 1546 unusquisque
661 1507 805 1534 nostrum
830 1512 887 1546 pro
903 1511 937 1533 se
960 1499 1053 1533 ratio-

296 1559 368 1582 nem
392 1548 503 1583 reddet
528 1549 597 1583 Deo
624 1550 678 1593 (d).
713 1548 784 1584 Non
808 1561 882 1595 ergo
913 1548 1051 1595 amplius

292 1596 429 1632 invicem
456 1598 646 1641 iudicemus,
669 1599 723 1634 sed
748 1599 808 1633 boc
831 1599 967 1633 iudicate
982 1611 1050 1633 ma-

291 1647 353 1693 gis,
389 1659 429 1682 ne
466 1648 589 1694 ponatis
611 1648 841 1683 offendiculum
874 1649 972 1693 fratri,
1001 1649 1047 1684 vel

289 1697 488 1732 scandalum.
522 1698 633 1733 Monet
663 1698 762 1745 igitur
796 1698 834 1732 B.
871 1698 1047 1746 apostolus,

289 1758 328 1781 ne
356 1746 395 1782 de
423 1747 471 1783 bis
502 1748 594 1783 nobis
617 1760 859 1795 praesumamus
881 1748 1045 1787 iudicium.

283 1795 323 1831 de
344 1797 460 1844 quibus
481 1809 576 1832 nemo
599 1806 703 1845 potest
726 1798 852 1841 melius,
875 1799 921 1833 vel
941 1799 1046 1833 verius

285 1845 445 1891 iudicare,
479 1859 574 1895 quam
603 1848 706 1883 Deus:
743 1860 802 1882 nec
824 1848 885 1882 sibi
919 1848 950 1882 in
985 1847 1045 1883 hoc

284 1896 444 1943 quispiam
479 1897 666 1932 temerarios
699 1909 797 1932 ausus
835 1905 985 1944 usurpet,
1013 1906 1044 1933 et

286 1954 418 1992 propter
443 1946 504 1981 hoc
533 1959 602 1994 pax,
630 1955 725 1994 atque
747 1948 853 1982 unitas
878 1946 1043 1983 Ecclesiae

283 1994 465 2042 dissipetur.
492 1995 571 2030 Nam
595 2004 625 2031 et
644 1997 675 2031 in
694 1997 880 2043 Regnorum
895 1997 977 2032 libro
993 1997 1043 2032 di-

284 2045 383 2079 citur:
408 2045 477 2080 Non
500 2045 663 2093 quomodo
698 2047 778 2081 vidit
813 2047 932 2091 homo,
956 2047 1041 2082 videt

282 2103 312 2128 et
334 2094 433 2138 Deus,
451 2095 524 2142 quia
551 2095 647 2131 homo
669 2096 756 2132 videt
777 2097 808 2131 in
833 2097 925 2142 facie,
952 2096 1041 2132 Deus

280 2152 385 2178 autem
409 2144 493 2179 videt
522 2146 552 2180 in
576 2146 672 2181 corde
706 2150 754 2191 (e).
777 2146 856 2181 Item
881 2146 912 2181 in
935 2146 1040 2182 Para-

280 2193 465 2240 lipomenon
490 2194 571 2230 libro
593 2195 713 2243 primo:
737 2204 769 2232 et
796 2209 881 2232 nunc
904 2209 922 2231 o
943 2196 1039 2232 Salo—

279 2255 353 2277 mon
375 2244 455 2279 scito
482 2244 584 2280 Deum
612 2255 739 2293 patrum
754 2254 894 2287 tuorum,
910 2254 941 2281 et
955 2248 1036 2282 servi

279 2291 324 2326 illi
348 2293 378 2327 in
391 2293 486 2329 corde
514 2294 653 2342 perfecto
666 2303 697 2331 et
711 2296 817 2331 animo
840 2296 964 2332 volente
986 2299 1035 2342 (ᾖς

277 2343 426 2388 quoniam
455 2344 559 2379 omnia
588 2345 683 2380 corda
705 2355 864 2382 scrutatur
897 2346 984 2381 Deus
1006 2354 1036 2381 et

276 2403 403 2427 omnem
432 2394 659 2439 cogitationem
683 2396 780 2432 novit.
805 2396 882 2431 Item
907 2397 938 2430 in
957 2396 1034 2431 Eze-

275 2442 391 2476 cliiele:
415 2442 503 2478 Haec
540 2443 618 2479 dicit
659 2445 819 2481 Dominus
851 2446 958 2480 Deus:
988 2446 1034 2481 sic

274 2490 397 2527 dixistis
438 2492 554 2529 domus
603 2494 698 2530 lsrael
714 2523 724 2540 ‚
763 2504 794 2530 et
827 2495 1033 2542 cogitationes

274 2541 405 2585 spiritus
426 2543 520 2578 vestri
545 2556 604 2590 ego
632 2545 705 2579 novi
729 2548 782 2591 (9).
818 2545 912 2581 Unde
939 2554 970 2580 et
992 2545 1032 2580 de

275 2590 411 2627 Domino
424 2591 528 2628 iudice
543 2593 660 2629 dicitur
675 2594 706 2629 in
718 2595 903 2642 Evangelio:
919 2594 1032 2630 Sciens

307 2665 347 2701 (a)
371 2666 450 2694 Rom.
481 2668 522 2694 111.
562 2669 599 2704 (b)
627 2669 693 2696 thid.
733 2670 768 2706 (c)
796 2672 822 2697 2.
853 2671 975 2698 Corinth.
1002 2672 1029 2698 5.

271 2706 309 2739 (d)
328 2706 421 2741 Philip.
442 2708 468 2733 2.
509 2708 545 2744 (e)
564 2709 581 2736 2
601 2709 665 2744 Reg.
685 2710 727 2737 16.
766 2710 805 2746 (s)
830 2711 842 2738 t
869 2711 956 2739 Paral.
982 2711 1029 2739 28.

272 2748 309 2782 (υ)
328 2746 425 2775 Ezech.
446 2748 488 2775 tt.

1106 651 1152 684 vel
1201 651 1427 686 offendiculum
1469 652 1632 688 Ecclesiae
1677 656 1862 697 concitavit,

1105 700 1232 744 speciali
1256 701 1467 748 appellatione
1491 711 1639 744 taceatur,
1673 716 1745 739 cum
1770 707 1862 749 (sicut

1105 748 1254 793 diximus)
1271 752 1302 785 111
1319 751 1522 798 generalitate
1536 753 1736 789 sacerdotum
1751 757 1862 791 unius-

1103 799 1257 846 cuiusque
1285 801 1431 835 meritum
1460 801 1549 836 illum
1585 802 1724 838 iudicem
1763 805 1859 840 latere

1102 860 1165 882 non
1190 850 1301 896 possit,
1325 851 1480 897 quinovit
1501 851 1575 898 quid
1593 852 1706 899 cuique
1722 855 1857 890 tribuen-

1101 897 1177 932 dum
1200 899 1239 933 sit
1266 911 1323 946 pro
1345 900 1507 935 aestimata
1527 901 1762 948 dispensatione
1785 917 1859 939 me—

1101 947 1249 993 ritorum,
1271 948 1325 983 cui
1351 949 1407 983 soli
1432 950 1637 996 cogitationes
1655 964 1781 1000 quoque
1797 967 1856 989 ma·

1101 997 1233 1032 nifestae
1255 1007 1341 1032 sunt.
1367 998 1510 1040 Quantos
1525 1012 1598 1034 vero
1627 1014 1786 1048 excessus⁷
1808 1012 1856 1038 at-

1099 1059 1161 1094 que
1184 1049 1461 1095 praesumptiones
1485 1049 1627 1085 babuerit
1650 1050 1791 1091 Acatius,
1815 1066 1854 1088 ne

1099 1097 1286 1132 clementiae
1322 1106 1394 1132 tuae
1427 1111 1597 1145 suggerere
1640 1113 1696 1148 per
1732 1103 1854 1149 singula

1099 1146 1230 1182 fortasse
1256 1147 1402 1182 videatur
1443 1162 1632 1193 onerosum,
1678 1150 1852 1188 Cresconio

1099 1197 1144 1231 vel
1168 1198 1262 1232 etiam
1274 1197 1447 1242 Germano,
1471 1199 1621 1234 fratribus
1642 1208 1673 1235 et
1694 1202 1854 1249 coepisco-

1096 1345 1201 1386 sucrit,
1237 1347 1478 1383 instructionem
1507 1349 1722 1396 plenissimam
1759 1351 1849 1386 dedi-

1095 1407 1166 1430 mus
1188 1397 1374 1432 clementiae
1402 1406 1523 1433 vestrae
1545 1400 1714 1446 specialius
1737 1413 1850 1436 recen-

1094 1446 1237 1490 sendam,
1260 1447 1284 1481 si
1313 1447 1373 1481 hoc
1396 1447 1503 1494 pietati
1527 1457 1597 1483 tuae
1617 1450 1770 1496 placuerit
1791 1464 1849 1486 cu-

1093 1495 1207 1530 riosius
1230 1496 1390 1542 indagare,
1415 1509 1453 1532 ne
1477 1498 1508 1531 in
1531 1498 1637 1546 aliquo
1663 1500 1849 1546 suggestio-

1094 1545 1187 1580 nibus
1214 1546 1330 1581 nostris
1352 1547 1465 1582 veritas
1483 1547 1622 1583 defuisse
1645 1549 1797 1592 videatur,
1814 1560 1847 1586 ut

1094 1607 1149 1641 pro
1168 1595 1273 1630 divina
1296 1596 1450 1644 sapientia
1478 1606 1581 1632 vestra
1610 1601 1778 1647 perspicue
1800 1602 1847 1636 vi-

1091 1644 1165 1679 dere
1190 1646 1328 1692 possitis,
1354 1659 1415 1682 nou
1450 1647 1609 1694 superbia,
1631 1649 1678 1684 vel
1710 1651 1845 1687 elatione

1090 1694 1174 1729 sedis
1197 1695 1389 1742 apostolicae
1412 1697 1442 1731 in
1465 1696 1612 1732 Acatium
1644 1699 1735 1734 talem
1769 1714 1844 1748 pro-

1089 1745 1223 1779 cessisse
1250 1746 1458 1787 sententiam,
1485 1747 1540 1782 sed
1563 1747 1756 1784 facinoribus
1778 1763 1845 1786 cer-

1087 1794 1128 1827 tis
1150 1803 1304 1841 quantum
1345 1808 1403 1831 nos
1440 1805 1526 1831 extra
1563 1797 1640 1832 illud
1675 1798 1840 1843 iudicium,

1088 1844 1175 1890 quod
1189 1844 1293 1879 solum
1316 1845 1380 1880 falli
1402 1858 1465 1881 non
1490 1855 1604 1894 potest,
1626 1848 1840 1896 aestimamus,

1086 1893 1153 1928 zelo
1177 1895 1277 1941 magis
1299 1894 1477 1930 divinitatis
1503 1905 1666 1932 extortam.

1136 1945 1168 1978 4.
1205 1944 1270 1979 Nos
1312 1957 1385 1980 vero
1430 1945 1592 1981 humiliter
1620 1947 1837 1995 supplicantes

1084 1994 1330 2029 controversiam
1354 1995 1384 2029 in
1397 1995 1538 2030 Ecclesia
1558 2009 1720 2032 remanere
1743 1999 1838 2034 nolu-

1084 2055 1166 2083 mus,
1192 2055 1265 2078 cum
1288 2045 1387 2091 magis
1422 2045 1548 2080 vitanda
1583 2047 1743 2082 contentio
1778 2050 1836 2094 sit,

1082 2093 1162 2127 sicut
1184 2092 1301 2128 dicitur
1322 2094 1352 2128 in
1375 2095 1571 2142 proverbiis:
1591 2095 1708 2131 Odium
1731 2099 1835 2133 susci-

1081 2150 1124 2177 tat
1146 2144 1377 2179 contentiones.
1407 2144 1528 2180 Omnes
1560 2154 1663 2181 autem
1691 2147 1744 2194 qui
1769 2161 1830 2183 non

1080 2193 1290 2238 contendunt,
1314 2196 1449 2241 protegit
1471 2195 1606 2230 amicitia
1629 2198 1679 2240 (b).
1704 2196 1782 2232 Nam
1804 2207 1835 2233 et

1080 2243 1243 2289 apostolus
1264 2243 1304 2278 ad
1327 2243 1533 2280 Corinthios:
1557 2244 1638 2280 Cum
1665 2247 1749 2281 enim
1773 2248 1833 2282 sint

1080 2292 1160 2327 inter
1182 2305 1237 2328 vos
1259 2294 1504 2339 aemulationes,
1539 2303 1570 2330 et
1601 2297 1832 2338 contentiones,

1079 2354 1184 2377 nonne
1206 2343 1347 2378 carnales
1367 2345 1455 2385 estis,
1474 2353 1504 2379 et
1530 2345 1705 2380 secundum
1731 2346 1830 2381 hoini-

1078 2404 1150 2427 nem
1174 2393 1366 2428 ambulatis?
1394 2398 1433 2438 (c)
1465 2394 1542 2429 Item
1571 2395 1609 2429 ad
1638 2395 1832 2444 Philippen-

1076 2454 1144 2477 ses:
1172 2442 1206 2477 Si
1229 2456 1289 2491 qua
1323 2456 1398 2490 ergo
1426 2444 1599 2479 consolatio
1632 2445 1663 2479 in
1690 2445 1829 2492 Christo,

1075 2491 1100 2526 si
1117 2492 1202 2540 quod
1224 2493 1370 2528 solatium
1393 2494 1564 2535 charitatis,
1587 2494 1612 2529 si
1636 2507 1695 2542 qua
1726 2496 1830 2531 socic-

1075 2549 1121 2576 tas
1142 2542 1284 2589 spiritus,
1308 2543 1333 2578 si
1362 2557 1423 2591 qua
1446 2544 1565 2579 viscera
1588 2552 1618 2579 et
1651 2545 1830 2581 miseratio-

1075 2603 1142 2632 ncs,
1167 2592 1295 2640 implete
1316 2593 1467 2640 gaudium
1491 2606 1609 2635 meum,
1632 2603 1664 2630 ut
1688 2595 1826 2643 idipsum

1073 2641 1199 2684 dicatis,
1234 2655 1346 2679 omnes
1384 2643 1517 2679 eandem
1553 2644 1738 2680 charitatem
1769 2646 1826 2680 lia-

1073 2690 1193 2731 lwntcs,
1228 2693 1307 2728 1111111
1352 2706 1407 2741 per
1441 2695 1688 2730 contentionem.
1723 2707 1826 2742 neq-»c

1109 2753 1147 2787 (a)
1169 2753 1261 2781 11111111.
1279 2755 1306 2782 t).
1347 2755 1384 2790 (b)
1407 2755 1533 2783 l'roverb.
1556 2757 1595 2783 lO.
1635 2756 1670 2791 (r)
1691 2758 1697 2783 l
1720 2758 1779 2784 Cor,
1797 2758 1823 2784 5.

1878 1239 1950 1266 Legati
1969 1240 1993 1261 ad
2008 1249 2062 1270 imp.

1099 1246 1146 1293 pis
1169 1248 1265 1286 meis,
1294 1260 1374 1295 quos
1402 1249 1548 1284 misimus
1575 1250 1613 1284 ad
1650 1260 1850 1287 serenitatem
1878 1283 1882 1295 ,
1920 1285 1928 1297 ι
1949 1285 1972 1297 υ,

1097 1304 1194 1341 tuam,
1230 1297 1270 1332 de
1297 1297 1400 1332 causis
1442 1299 1577 1345 singulis
1612 1300 1725 1339 Acatii,
1749 1302 1851 1348 qualis
1887 1312 1909 1334 ii.

1863 1959 1925 1988 Quod
1959 1969 2049 1991 magnu-

1871 2004 1914 2018 wre
1934 2000 2047 2021 contentio

1862 2034 1890 2055 sil
1909 2035 2013 2057 munda.
