2237 3127
30 338 81 365 An.
104 333 133 362 C.
155 337 207 365 560

31 1477 82 1503 An.
106 1476 133 1503 C.
162 1475 212 1502 574

36 2514 87 2542 An.
113 2514 141 2542 C.
167 2513 218 2541 578

610 333 748 359 IOANNES
774 332 825 363 m,
850 329 1047 356 BENEDICTUS
1067 328 1096 357 1,
1118 327 1275 352 PELAGlts
1301 333 1325 350 ιι
1351 327 1402 350 Pe.

241 392 346 428 Chore
372 398 402 426 et
422 390 550 439 Abyron
571 389 671 437 Moysi
692 386 940 436 superbientium
953 392 984 420 et

241 440 520 477 contradicentium
543 438 795 474 maledictionem
810 443 841 472 et
858 436 984 471 damna-

241 492 359 526 tionem
384 489 578 525 intendimus
603 496 635 524 et
659 487 893 523 confirmamus.
919 484 982 532 Ipsi

240 540 341 585 gloria
373 539 441 574 laus
473 545 611 586 potestas
639 536 808 584 imperium
831 535 883 582 qui
909 534 984 568 vivit

240 598 271 624 ct
291 596 400 636 regnat
412 600 468 636 per
488 587 609 622 infinita
629 585 752 621 saecula
773 583 982 620 saeculorum.

240 640 354 674 Arnen.

409 686 497 722 Bene
517 684 629 719 valete.

288 737 359 772 Dat.
374 734 570 782 temporibus
582 732 710 768 Domini
726 731 874 767 lobannis
886 728 982 765 Tertii

240 786 303 821 PP.
325 797 380 833 per
406 795 520 818 manus
542 782 625 817 Petri
647 781 786 829 episcopi
808 778 981 815 Canzelarii

239 843 363 871 sanctae
384 832 468 868 sedis
489 830 680 880 apostolicae
700 841 810 866 mense
821 828 926 864 madio
939 830 982 873 (1)

239 885 289 919 dic
315 883 415 918 tertia.

286 932 356 979 Ego
377 930 501 967 Cumus
539 929 571 964 in
601 929 661 965 Dei
698 927 828 963 nomine
862 926 983 962 scriva-

237 982 303 1017 rius
331 983 375 1026 (2)
402 987 529 1016 sanctae
550 990 698 1013 romanae
723 976 881 1012 Ecclesiae
902 975 983 1010 sicut

238 1031 342 1067 inveni
369 1031 401 1065 in
427 1027 599 1065 Carticinio
619 1026 788 1073 privilegio
814 1025 983 1072 TT.Ap0-

236 1081 388 1116 stolorum
409 1078 544 1115 fideliter
574 1077 607 1112 in
635 1077 694 1112 hac
724 1074 911 1112 membraria
933 1085 983 1110 ex-

237 1129 360 1177 plicavi.

451 1216 715 1267 BENEfflcTtJS
748 1215 762 1264 l

512 1299 609 1330 PAPA
626 1298 707 1329 LXIV

285 1361 377 1395 Anno
393 1370 482 1394 aerae
497 1359 613 1393 Christi
625 1369 733 1392 comm.
749 1355 891 1391 DLXXI
897 1355 932 1388 V.

238 1433 481 1519 Benedictus,
523 1472 650 1508 natione
693 1483 841 1506 romanus
857 1497 865 1511 ,
901 1469 983 1504 filius

236 1523 401 1565 Ronissacii‚
423 1523 545 1558 electus
575 1521 626 1556 die
658 1524 703 1556 27
727 1520 817 1561 maii,
841 1519 983 1567 proxime

236 1572 442 1621 subsequenti
458 1570 613 1607 dominica
623 1573 663 1606 51
676 1569 817 1606 eiusdem
826 1569 899 1604 anni
914 1570 984 1603 574

236 1621 400 1657 ordinatur
414 1633 558 1657 summus
569 1620 717 1668 pontifex.
727 1618 816 1654 Sedit
829 1630 929 1654 annos
938 1630 984 1663 iv,

237 1683 382 1707 mensem
403 1684 415 1707 1
436 1679 467 1707 et
488 1670 555 1705 dies
572 1681 685 1704 xxvm
707 1671 749 1714 (5)
771 1668 830 1703 sub
851 1667 984 1709 Iustino,

237 1728 268 1756 et
295 1720 422 1756 Tiberio
456 1719 664 1755 Constantino
690 1718 794 1765 Augg.
821 1717 912 1752 Fecit
932 1729 983 1752 or-

238 1770 435 1806 dinationem
456 1781 563 1813 unam,
587 1768 766 1815 creavitque
787 1766 985 1814 presbyteros

238 1819 432 1866 quindecim,
458 1819 609 1854 diaconos
635 1826 709 1858 tres,
736 1817 904 1863 episcopos
930 1828 986 1862 per

238 1869 360 1904 diversa
381 1869 449 1904 loca
464 1880 562 1903 unum
576 1876 607 1902 et
625 1866 747 1913 viginti.
761 1866 796 1900 ln
814 1865 984 1905 laboribus,

239 1927 270 1953 et
305 1917 527 1953 afflictionibus
547 1916 586 1951 ab
613 1916 720 1951 Italiae
757 1914 986 1950 calamitatibus

239 1967 299 2002 sibi
321 1967 417 2015 partis
429 1966 563 2014 positus,
585 1965 772 2001 venerabilis
801 1976 880 2011 papa
901 1975 984 1998 mor-

242 2026 314 2052 tuus
331 2025 377 2052 est
398 2016 506 2051 die27
525 2015 604 2054 iulii,
621 2027 702 2050 anno
725 2016 807 2055 578,
829 2026 865 2048 ac
883 2013 988 2048 triduo

241 2074 312 2113 post
335 2066 498 2113 depositus
519 2064 602 2112 apud
623 2064 657 2100 S.
675 2064 804 2099 Petrum
827 2063 858 2097 in
881 2062 989 2097 Secre·

242 2116 330 2150 tario.
357 2115 485 2150 Vacavit
510 2114 602 2150 sedes
626 2125 752 2149 menses
777 2125 834 2158 ur,
859 2112 928 2147 dies
953 2124 986 2146 x.

523 2336 618 2367 PAPA
639 2336 707 2367 LXV

245 2395 336 2428 Anno
366 2406 457 2430 aerae
492 2394 606 2429 Christi
636 2407 744 2430 comm.
773 2395 989 2430 DLXXVIII.

249 2472 447 2557 Pelagius,
481 2510 608 2546 natione
644 2523 813 2553 romanus,
840 2524 879 2547 ex
905 2518 992 2559 patre

247 2560 432 2607 Vinigssdo,
471 2560 589 2596 electus
630 2560 682 2596 die
724 2563 768 2596 17
811 2561 993 2596 novembris

247 2622 331 2646 anno
358 2611 450 2655 578,
484 2610 648 2646 ordinatur
679 2609 731 2645 die
764 2610 920 2646 dominica
947 2614 992 2644 27

284 2677 323 2713 (l)
339 2677 416 2704 Maio.
455 2675 494 2713 (2)
510 2676 679 2705 scriniarius.
716 2676 756 2714 (5)
771 2676 813 2705 Ab
827 2676 994 2705 ordinatione

249 2712 452 2749 computandos.

1649 316 1717 348 157

1025 383 1166 419 eiusdem
1187 382 1306 418 mensis
1329 380 1468 429 pontifex
1489 380 1654 415 maximus.
1677 379 1767 415 Sedit

1025 433 1055 468 in
1078 431 1259 480 pontificatu
1273 443 1372 466 annos
1393 442 1576 472 xr‚menses
1598 441 1634 472 ιι,
1653 428 1721 464 dies
1732 441 1766 471 x,

1025 481 1083 517 sub
1104 481 1230 516 Tiberio
1252 480 1461 516 Constantino
1488 479 1644 526 Augusto.
1678 478 1768 513 Fecit

1025 530 1239 566 ordinationes
1260 529 1350 574 duas,
1372 529 1486 576 quibus
1507 528 1622 564 creavit
1644 527 1767 575 presby-

1026 588 1108 615 teros
1128 580 1286 625 octoginta
1307 579 1398 622 duos,
1420 579 1570 612 diaconos
1596 585 1677 617 octo,
1700 578 1768 624 epi-

1024 640 1137 675 scopos
1158 640 1214 674 per
1239 628 1360 663 diversa
1386 627 1454 662 loca
1487 635 1557 662 octo
1578 635 1609 661 ct
1632 626 1769 673 quadra-

1024 678 1120 724 ginta.
1142 677 1361 712 Mortalitatem
1385 677 1527 723 explens,
1561 676 1701 722 sepultus
1722 684 1770 710 est

1025 727 1063 761 ad
1085 726 1123 760 B.
1150 726 1277 761 Petrum
1293 726 1467 773 apostolum
1492 728 1510 759 7
1535 725 1605 759 idus
1622 724 1770 759 februarii

1025 787 1107 810 anno
1140 777 1222 810 590.
1264 775 1393 810 Vacavit
1427 774 1518 810 sedes
1557 786 1684 809 menses
1724 786 1769 815 vr,

1025 825 1094 860 dies
1120 836 1201 859 xxv.

1398 973 1422 1007 1.

1026 1042 1263 1076 Patriarchatus
1297 1041 1499 1085 Aquileiensis
1531 1040 1671 1075 Gradttm
1706 1052 1774 1073 cum

1074 1092 1177 1126 eadem
1199 1091 1323 1125 omnino
1350 1090 1557 1124 iurisdictione
1579 1097 1605 1124 et
1624 1090 1774 1135 cliym‘tatc

1074 1141 1259 1185 transfertur
1286 1143 1348 1184 (l).

1295 1208 1510 1240 §mlii->immi

1026 1272 1193 1302 Exordium.
1216 1288 1256 1294 —
1273 1270 1385 1301 Causae
1417 1270 1631 1301 translationis.
1655 1286 1695 1292 —
1717 1269 1773 1299 Ca-

1066 1317 1159 1342 strum
1191 1311 1340 1342 Gradense
1363 1311 1394 1341 fit
1412 1310 1599 1341 Venetiarum
1624 1313 1653 1340 et
1673 1309 1775 1339 Istriae

1066 1352 1245 1391 metropolis.

1025 1417 1148 1452 Pelagius
1158 1417 1269 1445 sanotae
1281 1416 1412 1444 Ecclesiae
1423 1415 1571 1444 catholicae
1589 1415 1665 1443 urhis
1678 1415 1775 1443 Romae

1070 1462 1210 1498 episcopus
1229 1461 1319 1489 Heliae
1338 1460 1501 1496 Aquileiensi
1522 1460 1708 1496 patriarchae.

1075 1523 1233 1559 Convenit
1274 1523 1448 1571 apostolico
1486 1521 1694 1557 moderamini
1724 1522 1774 1569 pia

1027 1572 1177 1619 religione
1191 1572 1384 1620 pollentibus
1393 1572 1542 1607 benevola
1555 1571 1777 1618 compassione

1027 1634 1221 1666 succurrere,
1244 1630 1274 1657 et
1296 1622 1493 1670 poscentium
1521 1620 1636 1655 animis
1656 1620 1695 1656 ab
1718 1621 1776 1656 hac

1028 1683 1059 1707 re
1105 1671 1270 1707 devotione
1315 1671 1469 1719 impartiri
1507 1681 1683 1705 assensum.
1726 1669 1775 1704 Ex

1028 1721 1088 1756 hoc
1117 1721 1200 1756 enim
1222 1720 1301 1756 lucri
1327 1721 1526 1768 potissimum
1562 1731 1579 1754 a
1613 1718 1776 1755 conditore

1027 1770 1168 1805 omnium
1201 1770 1310 1817 procul
1344 1769 1441 1804 dubio
1475 1767 1719 1816 promerebitur,
1746 1768 1773 1803 si

1029 1819 1218 1854 venerabilia
1252 1819 1319 1854 loca
1351 1826 1530 1866 opportuno
1571 1824 1776 1852 transmutata

1030 1876 1168 1916 tempore
1182 1877 1289 1904 nostro
1303 1868 1417 1903 fuerint
1430 1867 1535 1902 studio
1554 1866 1592 1902 ad
1614 1867 1777 1902 meliorem

1028 1918 1097 1953 sine
1124 1917 1220 1953 dubio
1242 1926 1357 1953 statum
1381 1917 1542 1964 perducta.
1577 1915 1677 1963 Igitur
1702 1917 1777 1963 quia

1029 1967 1132 2015 petisti
1152 1979 1169 2002 a
1188 1967 1280 2002 nobis
1308 1979 1363 2014 per
1383 1966 1588 2001 immissionis
1612 1973 1693 2009 tuae,
1720 1977 1774 2000 ve—

1029 2016 1168 2051 nerande
1202 2016 1308 2057 frater,
1336 2016 1537 2056 breviarium,
1573 2014 1776 2051 consentien-

1029 2066 1116 2101 tibus
1130 2065 1339 2112 suffraganeis
1361 2065 1415 2100 tibi
1437 2065 1605 2112 episcopis,
1622 2071 1779 2111 quatenus

1030 2115 1192 2151 Gradense
1214 2114 1362 2150 Castrum
1385 2114 1479 2149 totius
1500 2113 1650 2149 Venetiae
1668 2113 1735 2148 fieri
1748 2122 1779 2148 et

1031 2164 1138 2200 Istriae
1160 2164 1359 2212 metropolim
1381 2163 1420 2198 ad
1446 2163 1614 2209 regendam
1636 2170 1777 2197 sanctam

1031 2214 1218 2259 Ecclesiam,
1253 2221 1347 2261 atque
1381 2225 1454 2248 cum
1475 2212 1534 2248 Dei
1562 2213 1675 2247 timore
1709 2211 1780 2246 dis-

1033 2264 1238 2312 pensandam,
1271 2263 1385 2298 emissa
1411 2262 1634 2310 praeceptione
1656 2272 1778 2297 conce·-

1033 2313 1106 2349 dere
1127 2312 1326 2349 deberemus.
1355 2312 1557 2359 Quapropter
1578 2311 1672 2346 vestri
1694 2322 1778 2345 com-

1035 2362 1188 2411 patientes
1218 2361 1371 2397 moeroris
1396 2360 1677 2405 necessitudinem,
1713 2359 1777 2395 imo

1033 2412 1127 2448 etiam
1168 2411 1286 2447 rabiem
1327 2411 1498 2446 furentium
1546 2408 1779 2458 perpendentes

1033 2461 1326 2508 Longobardorum‚
1339 2460 1478 2495 inclinati
1498 2459 1643 2507 precibus
1658 2458 1778 2500 vestris,

1795 317 1846 345 An>
1875 317 1900 344 C.
1927 315 1977 343 57-Ὶλ

1802 1531 1930 1554 Exordium,

1806 2313 1884 2333 Causae
1913 2316 1987 2332 trans-

1806 2347 1903 2369 lationis.

1035 2523 1089 2558 per
1108 2511 1201 2546 liuius
1223 2509 1381 2558 praecepti
1399 2510 1513 2545 seriem
1529 2508 1778 2555 suprascriptum
1805 2511 1919 2568 ἓὲξὲῒπὲῐ
1936 2511 1990 2566 6ξί

1035 2560 1181 2596 Castrum
1211 2559 1374 2595 Gradense
1411 2558 1505 2594 totius
1531 2557 1682 2593 Venetiae
1712 2556 1779 2592 fieri
1805 2581 1912 2603 „mmm

1969 2585 1990 2602 ot

1035 2622 1108 2646 cum
1128 2609 1276 2645 omnibus
1297 2617 1416 2644 vestrae
1437 2607 1597 2644 Ecclesiae
1617 2606 1780 2655 pertinen·
1805 2617 1883 2639 Istriae
1902 2620 1987 2638 metm-

1069 2674 1108 2710 (ί)
1124 2674 1225 2710 Ughell.
1246 2675 1308 2701 Ital.
1327 2677 1385 2701 Sac.
1405 2677 1469 2702 tom.
1489 2681 1517 2701 v.
1537 2673 1566 2701 ln
1582 2671 1676 2701 tabulis
1691 2671 1780 2708 Aqui-

1036 2709 1174 2740 leiensium
1193 2709 1416 2739 Patriarcharnm.

1805 2652 1872 2683 polis.
