2237 3127
189 318 241 346 An.
257 316 285 344 C.
303 314 371 344 1059

217 435 355 459 Enumeratio

183 473 288 496 bonorum

199 508 357 538 proprietatum

183 544 210 566 ad
247 543 370 565 Cassinenne

211 578 340 601 coenobium

199 613 353 644 spectantium.

487 279 508 291 0.

453 306 522 340 652

401 378 469 405 ctae
491 378 635 403 romanae
667 372 697 400 et
730 362 919 411 apostolicae
953 360 1038 395 sedis
1071 372 1142 394 cum

402 419 468 453 suis
494 415 651 452 omnibus.
691 414 737 448 Ex
765 412 882 459 quibus
908 409 1088 445 summatim
1114 416 1144 442 et

402 466 586 512 generaliter
612 462 760 497 omnibus
793 462 868 495 baec
903 458 1086 493 nominatim
1115 466 1144 491 et

401 512 576 563 specialiter
607 519 725 546 tantum
762 510 830 544 istic
864 502 1071 554 digessimus:
1113 506 1143 540 in

401 564 509 612 primis
545 560 769 596 monasterium
808 558 934 593 Domini
975 555 1145 591 Salvatoris

400 613 535 660 positum
562 610 599 645 ad
623 609 734 656 pedem
770 608 868 654 ipsius
891 606 1023 640 montis:
1051 614 1144 651 alque

399 660 620 696 monasterium
659 657 792 692 Sanctae
829 656 885 690 Dei
913 654 1082 689 Genitricis
1115 662 1145 688 et

398 710 537 756 Virginis
557 706 684 747 Mariae,
707 706 761 753 qni
779 712 906 739 vocatur
929 702 1143 743 Plninbarola‚

398 759 453 793 sed
475 766 506 793 et
531 756 691 792 castellum
719 754 825 789 Sancti
855 753 939 787 Petri
966 752 1004 787 ad
1032 751 1143 798 pedem

398 807 499 854 ipsius
521 805 646 843 montis,
674 804 757 851 quod
794 802 832 837 ab
862 802 999 848 antiquis
1025 801 1144 835 dictum

400 865 446 891 est
468 855 612 890 Castrum
631 852 750 888 Casini:
782 863 903 886 necnon
926 859 956 886 et
982 850 1144 885 castellnm

399 905 434 939 S.
457 903 582 950 Angeli:
610 902 786 944 castellum,
809 901 862 947 qni
886 908 1013 935 vocatur
1040 899 1146 933 Pinia—

400 954 496 993 tario,
519 960 549 987 et
568 951 730 986 Iunctura:
754 950 915 985 castellum
949 948 981 984 S.
1005 947 1145 994 Georgii,

401 1011 432 1037 et
457 1002 492 1037 S.
516 1000 725 1048 Apollinaris,
750 1008 780 1033 et
802 999 835 1033 S.
858 998 1027 1036 Ambrosii,
1055 1007 1083 1031 ct
1111 997 1144 1031 S.

400 1051 561 1086 Andreae:
585 1057 614 1083 et
630 1048 803 1091 castellum,
822 1048 875 1094 qni
899 1055 1027 1081 vocatur
1048 1046 1146 1081 Vallis

402 1100 544 1145 Frigida:
567 1098 740 1141 castellum,
755 1097 807 1143 qni
831 1096 945 1131 dicitur
962 1096 1094 1130 Bantra:
1117 1104 1147 1129 et

401 1149 435 1183 S.
464 1148 548 1182 Petri
564 1147 594 1181 in
618 1147 690 1181 Hia:
710 1146 743 1181 S.
768 1146 917 1180 Victoris:
941 1145 1145 1179 Toroculum:

402 1197 557 1232 Cerraru:
585 1195 617 1229 S.
653 1195 756 1230 Eliae:
792 1194 911 1229 Vallem
945 1194 1144 1228 Rotundum:

401 1246 506 1281 Rocca
528 1246 566 1280 de
587 1245 701 1279 ssantra
723 1256 794 1278 cum
822 1243 967 1277 omnibns
994 1243 1058 1277 suis
1083 1256 1149 1289 per-

403 1295 562 1330 tinentiis:
590 1293 763 1333 castellum,
797 1294 849 1339 qui
880 1293 994 1326 dicitur
1024 1291 1149 1326 Sar-aci-

403 1345 542 1379 niscum:
571 1351 601 1377 et
627 1343 786 1377 castellum
822 1343 855 1376 S.
892 1341 1060 1388 Stephani:
1089 1341 1150 1376 ccl-

404 1393 465 1427 lam
493 1392 625 1427 Sanctae
648 1391 762 1426 Mariae
790 1391 819 1424 in
851 1391 1018 1425 Allianeta:
1058 1398 1088 1424 ct
1113 1391 1146 1425 S.

404 1442 522 1476 Nicolai
545 1441 573 1474 in
595 1440 739 1475 Ciconia:
763 1440 796 1475 S.
816 1440 978 1474 Benedicti
1002 1440 1031 1473 in
1059 1439 1147 1474 Clia:

405 1491 511 1526 Sancti
538 1490 649 1535 Angoli
680 1490 708 1523 in
731 1489 917 1528 Vallclucis,
953 1496 981 1523 et
1004 1489 1080 1523 cella
1115 1489 1147 1523 S.

407 1539 583 1578 Michaelis:
607 1539 634 1572 in
657 1539 802 1573 comitatu
826 1538 1007 1584 Aquinense
1039 1539 1147 1571 cellam

384 1588 440 1622 ·S.
462 1587 615 1633 Gregorii,
642 1588 675 1621 S.
698 1587 847 1627 Mam-iiii,
869 1595 899 1621 et
920 1587 951 1621 S,
981 1587 1099 1621 Nicolai
1120 1588 1148 1621 in

407 1637 490 1676 Pica,
512 1637 545 1671 S.
569 1636 678 1682 Angeli
708 1637 737 1670 in
760 1636 951 1677 Cannucrio,
977 1636 1010 1669 S.
1034 1636 1150 1670 Mariae

409 1686 438 1719 in
460 1686 582 1725 Barole,
605 1693 634 1719 et
669 1685 702 1719 S.
730 1685 814 1719 Petri
851 1686 880 1718 in
904 1685 1048 1725 Ascletm
1078 1686 1149 1719 item

408 1734 437 1767 in
459 1735 541 1768 Luca
565 1734 672 1767 cellam
695 1734 800 1768 Sancti
823 1733 948 1779 Georgii
974 1746 1069 1780 prope
1094 1734 1151 1768 Po-

407 1783 571 1823 sterulam3
589 1782 796 1823 Wiriwalmn.
813 1796 904 1828 qnam
928 1783 961 1817 S.
979 1783 1151 1817 Benedicto

408 1832 569 1866 contulere
605 1831 737 1866 linricus
771 1840 797 1865 ct
833 1832 991 1865 [tolandus
1025 1832 1151 1875 fratres,

408 1888 532 1915 sanctae
559 1881 804 1914 conversationis
827 1880 966 1914 habitum
1001 1893 1153 1927 quaeren-

408 1937 470 1964 tes:
499 1929 607 1963 cellam
641 1929 677 1964 S.
708 1930 868 1964 Benedicti
900 1938 930 1964 et
964 1930 998 1964 S.
1026 1930 1154 1965 Scliola-

409 1978 503 2013 sticae
525 1979 554 2012 in
579 1977 690 2012 Gaeta:
722 1978 755 2013 S.
779 1978 931 2025 Stephani
955 1979 985 2013 in
1012 1979 1153 2014 Terraci-

410 2039 465 2061 na:
500 2026 533 2061 S.
556 2027 687 2067 Luciam,
721 2027 754 2061 S.
791 2028 873 2061 Petri
898 2028 929 2062 in
964 2027 1089 2062 Curuli:
1118 2029 1151 2063 S.

409 2075 562 2119 Sili-esuri,
583 2083 613 2110 et
634 2076 667 2110 S.
690 2076 805 2110 Luciae
829 2078 857 2110 in
881 2077 1018 2123 Arpino:
1042 2077 1076 2112 S.
1095 2078 1155 2112 Be-

411 2125 525 2159 nedicti
549 2125 579 2158 in
608 2124 696 2159 Colle
720 2125 759 2159 de
784 2125 906 2159 Insula:
943 2125 976 2160 S.
1004 2125 1153 2161 Germani

412 2174 441 2207 in
464 2173 564 2208 Sura:
590 2182 708 2208 curtem
742 2174 775 2208 S.
799 2174 916 2209 Urbani
941 2175 969 2208 in
994 2175 1152 2210 Comino:

412 2222 521 2256 cellam
545 2223 577 2257 S.
603 2223 690 2257 Pauli
716 2223 849 2257 ibidem:
881 2232 911 2257 et
944 2223 977 2258 S.
1010 2224 1154 2265 Nazarst,

412 2279 442 2304 ct
462 2271 495 2304 S.
518 2271 687 2311 Valentini,
709 2284 744 2306 ac
764 2271 797 2307 S.
821 2272 1007 2306 Salvatoris:
1044 2274 1154 2308 cellam

413 2319 447 2353 S.
475 2319 636 2354 Benedicti
663 2321 692 2354 iu
719 2320 869 2355 Venafro:
898 2330 928 2356 et
954 2321 987 2356 S.
1015 2322 1156 2367 Nazarii,

414 2376 443 2402 et
468 2368 500 2402 S.
524 2368 636 2403 Mariae
672 2370 702 2403 in
736 2369 826 2403 Sala:
854 2379 973 2405 curtem
1003 2370 1036 2406 S.
1060 2371 1156 2406 Bene-

414 2417 486 2451 dicti
521 2418 650 2452 minoris
684 2418 814 2452 ibidem:
851 2419 1038 2460 castellum,
1071 2421 1157 2467 qnod

415 2465 528 2500 dicitur
545 2466 702 2513 Capriata,
724 2475 753 2501 et
772 2467 980 2509 Francilonis‚
1004 2477 1034 2503 et
1055 2469 1088 2504 S.
1106 2470 1159 2505 Io-

416 2515 522 2549 annis:
560 2524 679 2550 curtem
729 2516 762 2551 S.
799 2516 925 2552 Felicis:
975 2519 1158 2560 castellum,

417 2564 469 2609 qui
493 2572 618 2598 vocatur
639 2564 761 2599 Conca:
792 2566 900 2600 cellam
929 2567 961 2600 S.
993 2567 1158 2602 Benedicti

419 2612 449 2646 in
476 2612 621 2648 cesama:
655 2613 688 2648 S.
716 2614 878 2650 Benedicti
916 2616 944 2650 in
978 2616 1102 2651 Teano:
1131 2625 1161 2651 ct

418 2659 452 2696 S.
479 2661 639 2698 Benedicti
667 2663 697 2697 in
719 2663 850 2700 Suessa:
879 2677 937 2701 nec
964 2677 1027 2701 non
1054 2674 1084 2702 et
1102 2666 1163 2702 cel-

993 305 1183 330 BULLARmM
1209 303 1371 327 ROMANUM

1185 358 1246 393 lam
1258 357 1291 392 S.
1306 355 1468 391 Benedicti
1483 355 1515 390 in
1526 354 1634 402 Capua
1647 367 1718 390 cum
1733 355 1801 402 ipso
1813 354 1939 390 Gnaldo

1185 407 1224 441 de
1242 407 1358 452 Ligure
1380 414 1409 440 et
1428 418 1499 439 cnm
1520 404 1669 439 omnibus
1687 404 1752 439 suis
1777 406 1939 450 pertinen-

1185 456 1253 490 tiis:
1283 455 1392 490 cellam
1420 454 1453 488 S.
1479 454 1604 488 loannis
1625 453 1809 488 ancillarum
1832 454 1888 488 Dei
1907 454 1936 488 in

1185 505 1295 539 eadem
1321 504 1459 538 civitate:
1488 503 1521 537 S.
1558 503 1673 537 Mariae
1697 503 1727 536 in
1761 502 1873 537 Calvo:
1902 503 1936 537 S.

1185 554 1300 588 Mariae
1324 553 1355 587 in
1374 552 1525 598 Cingola:
1549 551 1583 586 S.
1603 551 1764 586 Adiutoris
1781 552 1810 585 in
1828 551 1936 586 Alitis:

1185 602 1218 637 S.
1247 602 1404 637 Caeciliae
1424 602 1453 635 in
1473 601 1597 647 Naptdi⁷
1619 601 1784 635 ecclesiam
1802 601 1836 635 S.
1854 600 1939 635 Cru-

1186 652 1231 686 cis
1259 652 1288 685 in
1316 650 1451 685 Amalfi:
1487 650 1598 685 cellam
1634 649 1668 684 S.
1702 649 1866 685 Benedicti
1905 651 1936 684 in

1186 700 1333 735 Salerno:
1357 709 1387 734 et
1408 700 1519 734 cellam
1541 699 1574 733 S.
1598 698 1737 745 Sophiae
1759 699 1836 734 infra
1859 699 1939 734 civi-

1187 758 1278 784 tatem
1297 749 1569 784 Beneventanam:
1595 749 1704 783 cellum
1724 748 1756 782 S.
1774 748 1940 783 Benedicti

1188 799 1217 833 in
1240 798 1377 833 Asculo:
1401 798 1511 832 cellam
1540 798 1572 831 S.
1598 797 1760 832 Benedicti
1785 798 1815 832 in
1831 797 1938 832 Trani:

1186 856 1217 883 et
1244 848 1277 882 S.
1300 847 1464 882 Benedicti
1494 847 1524 881 in
1553 847 1640 881 Bari:
1664 846 1774 881 cellam
1803 846 1836 881 S.
1865 846 1941 881 Ma-

1188 897 1250 932 riae
1272 897 1456 931 ancillarum
1478 896 1536 930 Dei
1567 897 1595 930 in
1628 896 1783 931 civitatem
1815 895 1941 931 Coscn-

1188 947 1283 981 tiam:
1311 946 1421 980 cellam
1450 946 1482 980 S.
1508 945 1668 980 Benedicti
1698 945 1729 979 in
1753 945 1938 980 pectinaro:

1187 996 1220 1031 S.
1246 995 1360 1030 Mariae
1378 997 1407 1029 in
1431 995 1547 1029 Banse:
1577 994 1610 1029 S.
1634 994 1796 1029 Benedicti
1817 995 1845 1028 in
1864 994 1943 1030 Ala-

1188 1046 1292 1079 riano:
1313 1046 1423 1079 cellam
1447 1044 1480 1078 S.
1502 1044 1649 1087 Eustasii,
1671 1056 1765 1090 quam
1784 1043 1818 1077 S.
1834 1044 1941 1078 Bene-

1188 1095 1271 1129 dicto
1285 1094 1397 1128 obtulit
1415 1093 1627 1139 Alelplierins
1647 1093 1805 1127 pantasia:
1828 1093 1940 1128 cellam

1188 1143 1222 1178 S.
1245 1143 1361 1177 Mariae
1386 1144 1415 1177 in
1441 1143 1590 1176 Nlurone:
1614 1143 1648 1177 S.
1672 1142 1811 1176 Eustasii
1834 1142 1941 1177 iuPe-

1189 1201 1234 1227 tra
1262 1192 1459 1227 Abundanti:
1483 1192 1517 1226 S.
1547 1191 1662 1226 Mariae
1690 1192 1718 1224 in
1748 1190 1938 1226 Barratano:

1188 1242 1221 1276 S.
1249 1242 1363 1276 Mariae
1387 1242 1416 1275 in
1440 1240 1580 1275 Cunneta
1610 1241 1694 1275 iuxta
1713 1240 1843 1275 fluvium
1865 1241 1941 1275 Tri-

1190 1292 1296 1325 nium:
1333 1292 1366 1325 S.
1400 1291 1565 1325 anedicti
1600 1290 1629 1324 in
1658 1290 1835 1337 Ripa-ursa
1867 1302 1941 1325 cum

1189 1341 1255 1375 suis
1276 1340 1423 1375 omnibus
1451 1339 1663 1386 pertinentiis:
1693 1351 1817 1373 necnon
1832 1347 1863 1374 et
1888 1352 1942 1375 ea-

1190 1390 1327 1430 stellum‚
1355 1390 1407 1436 qui
1432 1397 1559 1423 voratur
1580 1389 1810 1429 Lastinianum,
1833 1397 1864 1423 et
1881 1389 1942 1426 alia

1191 1440 1246 1472 tria
1274 1439 1400 1473 castella
1429 1438 1566 1472 Montem
1589 1438 1744 1478 Alberici‚
1773 1438 1941 1479 Mucclam,

1190 1488 1223 1523 S.
1247 1488 1365 1530 Quirini
1388 1500 1459 1522 cum
1477 1495 1566 1532 portu
1583 1488 1690 1522 decem
1706 1488 1844 1529 navium,
1862 1499 1944 1534 quae

1191 1537 1254 1571 ‹luo
1289 1537 1507 1571 Trasmundns
1546 1549 1654 1571 comcs
1695 1537 1777 1571 {ilius
1815 1537 1943 1572 Attonis

1193 1587 1281 1621 beato
1302 1587 1476 1620 Benedicto
1504 1587 1532 1619 in
1557 1586 1663 1620 Monte
1699 1586 1816 1620 Casino
1850 1586 1943 1632 legali

1192 1636 1370 1675 donatione,
1393 1644 1423 1670 et
1451 1643 1608 1669 carrarum
1635 1635 1840 1670 monimentis
1861 1648 1946 1670 con-

1192 1685 1277 1719 tulit:
1305 1686 1431 1719 tertium
1459 1693 1562 1719 antem
1598 1685 1762 1718 castellum
1798 1683 1945 1729 Frisam,

1192 1734 1275 1780 quod
1300 1734 1426 1780 praefati
1450 1733 1640 1768 Trasmundi
1664 1746 1743 1767 uxor
1763 1745 1818 1779 pro
1841 1734 1946 1769 anima

1193 1796 1260 1823 sua,
1279 1783 1497 1817 consentiente
1526 1783 1590 1817 viro
1617 1795 1687 1823 suo,
1715 1782 1748 1817 S.
1772 1782 1946 1818 Benedicto

1193 1832 1321 1867 obtulit:
1345 1832 1378 1866 S.
1410 1833 1492 1866 Iusta
1522 1832 1655 1866 ibidem:
1683 1832 1796 1866 cellam
1823 1832 1858 1867 S.
1884 1832 1948 1867 Fo-

1194 1882 1252 1915 cati
1282 1882 1312 1915 in
1336 1881 1481 1916 Alarino:
1514 1880 1547 1915 S.
1571 1880 1699 1928 Georgii
1730 1882 1759 1915 in
1781 1881 1945 1916 Termo'le:

1193 1931 1303 1965 cellam
1344 1930 1378 1965 S.
1410 1931 1604 1965 Liberatoris
1639 1931 1669 1964 in
1697 1930 1834 1965 Marchia
1874 1943 1948 1966 cum

1194 1979 1399 2026 quadraginta
1422 1980 1527 2014 cellis:
1550 1980 1583 2014 S.
1607 1979 1779 2014 Salvatoris
1801 1980 1832 2014 in
1848 1980 1946 2015 Tabe:

1194 2029 1227 2063 S.
1255 2029 1470 2064 Scliolasticae
1497 2029 1528 2063 in
1553 2029 1670 2069 Pinne;
1704 2028 1737 2063 S.
1765 2028 1891 2064 Martini
1914 2029 1947 2064 in

1195 2078 1317 2112 Salina:
1346 2078 1379 2112 S.
1415 2078 1534 2123 Nicolui
1561 2079 1590 2112 in
1618 2078 1769 2124 Aprnxo:
1808 2078 1842 2113 S.
1879 2077 1949 2113 An-

1196 2128 1255 2173 geli
1281 2128 1309 2161 in
1334 2128 1485 2161 Maranno
1507 2139 1579 2162 cum
1602 2127 1750 2161 omnibns
1771 2127 1860 2162 cellis
1881 2128 1949 2162 suis

1196 2176 1384 2211 Sam-torum
1403 2176 1531 2221 Septem
1560 2176 1720 2210 Fratrum:
1737 2175 1771 2210 S.
1787 2176 1950 2211 Laurentii

1197 2234 1226 2259 et
1253 2225 1287 2259 S.
1314 2226 1475 2259 Benedicti
1497 2226 1527 2259 iu
1555 2225 1698 2259 Truntot
1722 2225 1756 2260 S.
1785 2225 1951 2272 Apollina-

1197 2276 1240 2308 ris
1264 2274 1293 2308 in
1322 2274 1445 2309 Firmo:
1474 2274 1508 2309 S.
1531 2274 1693 2308 Benedicti
1717 2275 1748 2308 in
1773 2274 1901 2310 Tisino:
1919 2282 1952 2310 et

1197 2323 1231 2357 S.
1255 2323 1371 2358 Mariae
1394 2325 1425 2358 in
1461 2323 1653 2358 Arboscola:
1689 2323 1800 2358 cellam
1824 2323 1858 2359 S.
1887 2324 1952 2359 Be-

1199 2373 1313 2407 nedicti
1343 2373 1373 2407 in
1403 2373 1507 2411 Marsi,
1535 2380 1566 2407 et
1587 2372 1620 2407 S.
1649 2371 1805 2407 Cosmati:
1838 2374 1951 2408 cellam

1198 2421 1232 2455 S.
1256 2421 1368 2467 Angeli
1398 2422 1427 2456 in
1450 2422 1643 2468 Valle-regia
1667 2434 1740 2456 cum
1768 2422 1906 2457 castellis
1922 2429 1954 2457 et

1200 2471 1349 2505 omnibus
1370 2471 1435 2506 suis
1460 2471 1674 2518 pertinentiis:
1697 2483 1822 2506 necnon
1845 2479 1876 2506 et
1897 2483 1954 2506 ca-

1200 2520 1288 2554 stella
1304 2520 1333 2554 in
1348 2521 1494 2555 comitatu
1515 2520 1688 2561 Asculano,
1704 2520 1786 2556 idest
1801 2520 1954 2565 Octavus,

1201 2577 1231 2603 et
1254 2577 1324 2615 post
1339 2578 1476 2604 montem
1494 2570 1663 2604 Cinianum
1680 2578 1711 2605 et
1731 2569 1954 2614 Trivilianum‚

1201 2625 1231 2652 et
1254 2618 1397 2658 Carino.
1433 2620 1516 2665 qnod
1554 2619 1720 2653 Boiandus
1757 2619 1787 2653 in
1816 2619 1955 2663 praefato

1202 2668 1392 2703 monasterio
1415 2680 1486 2703 cuni
1513 2670 1579 2704 suis
1606 2669 1778 2718 nepotibus
1799 2668 1954 2707 obtulere:

1963 288 2014 315 An.
2029 286 2060 314 C.
2077 285 2148 316 1059

2232 2773 2237 2832 l

2233 2833 2237 2867 l

2233 2898 2237 3048 l

2232 3065 2237 3119 ἰ
