2237 3127
70 289 123 318 An.
146 289 175 319 C.
203 290 254 320 475

53 1627 166 1649 Acerrima
194 1628 239 1650 oh·-

55 1664 134 1692 itirornti
145 1673 158 1685 ι.

91 2376 136 2397 viix
152 2376 231 2404 lepinm

50 2416 144 2433 nter-tui·
163 2412 233 2434 amit-

49 2450 103 2476 tere,
123 2448 158 2477 qni
177 2456 234 2469 coii-

888 316 913 339 S.
942 313 1125 339 sntetaCtUS
1151 314 1161 336 1
1191 313 1241 336 PP.

1741 304 1786 337 89

279 376 395 413 dieitur
416 374 476 411 sibi
504 372 723 410 tantummodo
757 371 944 411 vindicasse,
979 382 1035 404 re-
1080 368 1278 412 scandalum,
1311 367 1402 401 cuius
1431 375 1540 402 auctor
1562 369 1774 414 cognosceris,
1797 370 1833 403 ita

279 428 399 461 stituat.
436 425 514 459 Data
548 436 612 458 x111
642 421 767 457 kalend.
804 420 1033 459 decembrium,

281 484 353 523 post
375 474 573 509 consulatum
597 472 713 507 Leonis
739 470 886 517 Augusti.

291 531 354 562 Dat.
376 532 424 562 die
444 531 482 561 29
505 529 687 567 novembris,
711 538 786 558 anno
804 526 920 557 Domini
941 526 1018 562 475,

451 570 555 611 pontif.
580 569 685 608 Simpl.
706 577 782 598 anno
800 575 861 597 vm.

275 745 481 790 [deprehendit
516 744 685 781 Ioannem,
721 742 804 785 quod
847 730 1033 783 Grizqoritan

323 795 464 828 adhibita
498 794 530 825 υἱ
555 793 726 836 episcopum
765 791 952 827 ordinasset,
979 790 1034 833 qai

322 851 355 877 ut
369 843 574 876 alutinensem
593 841 755 873 Ecclesiam
774 840 891 871 nnllam
907 850 1029 871 eausam

321 904 389 926 cum
425 893 541 925 Ioanne
561 891 723 923 habiturus
748 889 891 933 gubernet
905 914 913 928 ,
941 899 1032 932 prae-

323 942 396 986 cipu
420 942 481 984 (t).

535 1011 752 1043 SUt'ntintUM
787 1031 790 1034 Δ

270 1063 420 1093 Aeerrima
446 1060 870 1100 obiurgatio.—Privilegium
897 1063 1028 1089 meretur

312 1103 456 1139 amittere,
482 1102 532 1141 qui
551 1110 692 1130 concessa
712 1100 845 1129 abutitur
874 1104 1026 1138 potestate.

309 1159 351 1165 —
365 1142 504 1180 Gregorio
521 1141 713 1171 demandatur
735 1139 865 1169 Ecclesia
882 1139 1027 1169 Mutinen-

310 1183 352 1212 sis
376 1181 576 1220 gubernanda.
595 1197 635 1202 —
659 1180 827 1218 Assignatio
855 1180 1024 1209 reddituum

306 1231 359 1262 pro
378 1222 481 1251 eodem
500 1222 652 1260 episcopo.

288 1287 487 1326 Simplicius
502 1286 694 1326 episcopus,
715 1285 834 1314 Ioanni
849 1285 1010 1324 episcopo

546 1326 748 1354 Ravennati.

314 1393 347 1428 Si
370 1392 441 1440 quis
463 1400 545 1427 esset
569 1392 701 1426 intuitus
729 1391 959 1426 ecclesiastieae
975 1390 1024 1424 ‹li-

267 1442 432 1489 sciplinae,
454 1442 502 1476 vel
525 1443 548 1476 si
573 1441 649 1488 quid
673 1441 755 1488 apud
776 1449 805 1475 te
820 1440 1023 1475 sacerdotalis

267 1491 440 1526 modestiae
462 1498 634 1531 teneretur,
658 1503 819 1537 nunqnam
848 1490 1023 1536 plectibiles

266 1548 702 1588 perpetrarenturexcessus:
726 1553 740 1573 a
764 1540 883 1586 quibus
895 1540 919 1572 si
937 1539 1022 1573 nullo

264 1599 292 1624 te
305 1598 507 1637 paternarum
524 1590 703 1636 regularum
718 1597 843 1636 poteras
858 1589 1021 1623 continere

264 1648 443 1687 praecepto,
456 1640 565 1674 saltem
583 1647 708 1673 sanctae
733 1639 901 1672 memoriae
930 1650 1021 1684 prae-

262 1689 440 1724 decessoris
463 1689 508 1723 tui
525 1688 628 1723 fueras
647 1688 844 1723 revocandus
863 1687 1018 1734 exemplo.

262 1738 408 1780 Quicum
425 1738 529 1772 minus
552 1738 746 1784 deliquisset,
769 1737 913 1771 faciendo
933 1750 1021 1783 pres-

263 1788 407 1835 byterum
434 1788 584 1827 invitum,
600 1795 741 1821 senserat
760 1794 863 1821 tamen
886 1787 1018 1831 dignum

263 1850 318 1883 pro
351 1837 402 1872 tali
436 1837 642 1884 usurpatione
678 1836 843 1870 iudicium.
873 1836 934 1870 Ubi
963 1836 1017 1870 ista

262 1886 410 1931 didicisti,
433 1898 513 1933 quae
536 1887 566 1920 in
591 1886 716 1920 fratrem
739 1893 771 1920 et
793 1886 1016 1932 coepiscopum

263 1943 405 1971 nostrum
444 1935 634 1982 Gregorium
660 1947 721 1970 non
750 1935 927 1975 electione,
963 1936 1016 1969 sed

261 1984 378 2020 invidia
394 1984 594 2032 perpetrasti,
613 1997 706 2032 quem
723 1984 929 2019 inexcusabili
950 1985 1018 2018 vio-

260 2034 355 2069 lentia
391 2034 527 2081 pertrahi
555 2034 594 2069 ad
629 2043 656 2068 te
690 2046 801 2080 passus
832 2046 865 2068 es
880 2062 888 2074 ,
924 2041 1017 2080 atque

261 2083 376 2123 vexari,
405 2092 439 2118 ut
466 2084 493 2118 ei
517 2084 668 2118 honorem
698 2091 842 2124 tantum,
872 2095 933 2117 non
964 2096 1019 2130 per

257 2133 353 2167 animi
375 2133 656 2180 tranquillitatem,
684 2133 738 2167 sed
764 2145 818 2180 per
845 2134 1016 2167 amentiam

259 2183 361 2225 (sicut
395 2182 568 2217 dicendum
602 2186 663 2226 est)
700 2182 875 2228 irrogares?
907 2182 1017 2229 Neque

258 2232 342 2266 enim
356 2231 426 2266 talia
449 2232 624 2278 potuissent
640 2232 705 2265 lieri
729 2232 862 2266 sanitate
878 2233 1015 2267 consilii.

257 2280 413 2316 Nolumus
436 2293 603 2327 exagerare
625 2281 708 2328 qnod
745 2289 868 2327 gestum
892 2290 948 2321 est,
977 2294 1016 2316 ne

256 2342 409 2375 cogamur
430 2330 570 2365 iudicare
592 2330 675 2377 quod
696 2330 826 2376 dignum
850 2338 905 2365 est.
937 2331 1014 2365 Nam

261 2379 459 2425 privilegium
472 2387 611 2414 meretur
624 2380 779 2423 amittere,
793 2381 845 2427 qui
862 2381 1014 2427 permissa

256 2428 317 2463 sibi
343 2428 484 2464 abutitur
505 2437 674 2476 potestate:
698 2429 752 2463 scd
775 2442 836 2464 una
857 2442 914 2464 nos
936 2431 1015 2465 ratio

49 2491 97 2504 ·····
101 2491 111 2504 υ
137 2483 234 2505 *sturm-r
258 2479 330 2513 lacit
351 2490 422 2513 esse
448 2478 623 2513 sententiae
650 2478 800 2520 melioris,
828 2492 921 2526 quam
947 2492 1014 2514 ma-

46 2521 166 2549 potestate.

258 2527 375 2562 luimus
407 2536 436 2562 te
450 2555 459 2569 ,
493 2527 586 2562 fratre
619 2535 650 2562 et
679 2529 870 2576 coepiscopo
908 2537 1014 2564 nostro

259 2576 402 2611 Proiecto
425 2576 590 2617 referente,
602 2589 805 2623 cognoscere,
821 2591 883 2612 non
898 2579 1014 2613 nostris

259 2625 353 2661 Literis
378 2635 505 2674 propter
519 2626 726 2673 opprobrium
745 2627 917 2675 publicare.
932 2627 1010 2662 Nam

289 2686 330 2724 (¹)
348 2687 436 2714 Edidit
455 2688 528 2714 card.
547 2687 659 2715 carata.

331 2730 408 2763 Butt.
425 2730 506 2762 Rom.
533 2730 588 2762 Vol.
605 2730 629 2763 l.-

795 2730 830 2762 1⁶2

1081 417 1254 452 moderatio
1277 424 1380 451 nostra
1410 418 1616 463 compescuit,
1638 425 1669 451 nt
1694 418 1787 453 frater
1806 428 1830 453 et

1078 467 1288 513 eoepiscopus
1325 479 1412 500 meus
1439 466 1611 512 Gregorius
1638 470 1740 513 (quem
1771 482 1832 502 non

1078 523 1259 561 proveetum
1273 523 1393 549 constat
1405 528 1484 557 esse,
1498 516 1551 550 sed
1563 516 1699 562 pulsnm)
1714 518 1831 551 nullam

1078 577 1218 605 causam,
1253 565 1330 598 sient
1365 565 1479 611 petiit,
1519 574 1619 599 tecum
1658 566 1831 610 habiturus,
1880 582 2014 601 nmmum·

1075 613 1286 648 Mutinensem
1315 614 1467 659 gnlwrnet
1490 614 1677 653 Ecclesiam,
1703 623 1733 649 et
1755 628 1831 650 con·
1853 617 1968 665 Zf'jv‘g'“¹¹'‘
1995 620 2018 666 Ι(

1076 662 1256 696 tnbernium
1274 663 1424 709 spiritale,
1448 663 1529 709 qnod
1544 664 1646 697 sortiri
1665 677 1725 698 non
1742 678 1831 712 opor·
1853 663 1925 701 „tans
1957 690 1983 709 „a
1996 690 2020 702 .,.

1076 711 1159 745 tebat
1181 712 1325 752 invitum,
1350 724 1412 745 non
1436 720 1557 746 recuset
1584 713 1741 759 amplecti.
1771 714 1829 748 Cui
1868 727 1930 739 ιω·-

1076 760 1099 793 si
1116 760 1189 807 quid
1206 761 1328 806 negocii
1347 760 1472 795 forsitan
1490 763 1663 802 emerserit,
1687 770 1829 810 nostrum

1073 808 1112 843 ab
1139 821 1188 852 eo,
1218 811 1264 843 vel
1293 819 1398 843 eontra
1428 822 1498 844 eum
1529 819 1652 856 petatur
1682 824 1825 846 examen.

1073 857 1319 892 Necessitatihns
1354 859 1462 902 etiam,
1498 872 1576 906 quas
1608 860 1750 902 tl'aciente
1790 866 1828 906 te)

1073 907 1273 953 compellitur
1288 908 1455 951 sustinere,
1473 908 1530 942 hac
1553 909 1735 944 delinitione
1750 923 1829 944 con-

1074 956 1226 999 sulimus,
1255 965 1289 990 ut
1323 957 1430 1002 refugo
1466 957 1605 1003 praedio,
1639 959 1724 1005 quod
1756 968 1828 994 ante

1070 1017 1188 1039 annum
1212 1006 1270 1040 sibi
1301 1006 1407 1039 datum
1434 1006 1474 1039 ibi
1499 1019 1567 1041 esse
1587 1018 1825 1049 commemorat,

1069 1062 1163 1101 atque,
1186 1055 1222 1089 ad
1251 1055 1424 1089 Ecclesiam
1451 1055 1661 1090 Ravennatem
1690 1069 1825 1098 reverso,

1057 1106 1227 1150 —possi-ssio
1262 1105 1291 1137 in
1328 1104 1522 1139 Bononiensi
1553 1119 1622 1140 xxx
1652 1106 1825 1141 solidorum

1071 1153 1251 1188 reddituum
1269 1153 1438 1188 liberorum
1461 1155 1528 1188 sine
1552 1155 1746 1189 dubitatione
1763 1163 1827 1189 tra-

1066 1202 1171 1242 datur,
1201 1204 1230 1236 in
1259 1203 1341 1237 diem
1367 1203 1487 1237 scilicet
1519 1203 1597 1237 vitae
1631 1205 1711 1247 eius,
1740 1206 1825 1239 salvo

1070 1253 1268 1298 proprietatis
1292 1253 1359 1286 iure
1394 1253 1574 1287 'ravennatis
1589 1254 1762 1293 Ecclesiae,
1786 1255 1823 1288 atl

1067 1314 1160 1347 qnam
1196 1310 1266 1348 post
1302 1301 1450 1348 praedicti
1479 1302 1599 1336 obitum
1641 1311 1824 1338 revertetur.

1065 1351 1157 1392 Quod
1186 1352 1210 1384 si
1237 1363 1296 1385 non
1321 1351 1417 1385 suerit
1444 1352 1559 1385 nostris
1588 1353 1720 1398 paritum
1744 1365 1823 1387 con-

1065 1400 1194 1443 stitutis,
1214 1401 1287 1446 qnid
1314 1409 1382 1446 post
1399 1402 1681 1446 transgressionem
1699 1410 1824 1436 maneat

1065 1457 1297 1487 crmtnniacem,
1309 1450 1374 1496 ipse
1385 1450 1566 1496 perpendis.
1582 1450 1824 1485 Dennnciamus

1065 1506 1189 1542 antem,
1223 1498 1306 1545 tpiod
1344 1499 1367 1532 si
1397 1499 1527 1545 posthac
1557 1500 1725 1547 quiequam
1762 1501 1822 1535 tale

1067 1549 1330 1593 p1·a‹;=sumpseris,
1347 1557 1377 1582 et
1392 1548 1531 1595 aliquem
1555 1562 1609 1583 sen
1626 1550 1823 1596 episcopum,

1065 1610 1121 1630 sen
1152 1597 1382 1643 presbyterum,
1406 1610 1460 1631 seu
1485 1597 1665 1639 diaconum,
1690 1599 1820 1633 imnum

1065 1646 1164 1680 lacere
1201 1646 1279 1680 sorte
1314 1647 1496 1691 credideris,
1524 1647 1740 1682 ordinationes
1767 1648 1821 1682 tibi

1064 1695 1254 1730 Ravennatis
1280 1696 1444 1730 Ecclesiae
1467 1697 1512 1730 vel
1536 1697 1734 1731 AEmiliensis
1763 1710 1821 1732 no-

1064 1745 1143 1778 veris
1178 1746 1364 1779 auferendas
1401 1748 1457 1789 (Ι).
1492 1746 1571 1780 Data
1608 1759 1643 1780 ιιι
1673 1746 1821 1782 kalendas

1063 1794 1153 1837 iunii,
1188 1794 1340 1828 Severino
1364 1794 1400 1828 V.
1430 1794 1467 1829 C.
1492 1808 1556 1829 cos.

1140 1850 1203 1881 Dat.
1224 1851 1270 1880 die
1294 1852 1329 1880 r1‘]
1346 1852 1426 1887 maii,
1442 1862 1517 1881 aimo
1539 1852 1655 1882 Domini
1670 1853 1739 1890 482,

1239 1891 1345 1930 pontit'.
1374 1892 1477 1931 Simpl.
1508 1902 1583 1922 anno
1599 1901 1645 1922 xv.

1412 2007 1463 2042 IV.

1060 2066 1220 2110 Deposi‘ti'o
1242 2068 1554 2100 &anathematizatio
1572 2068 1656 2100 Patri
1672 2068 1815 2102 Fullonis

1110 2117 1296 2148 Antiocheia
1318 2117 1452 2160 episcopi
1492 2118 1540 2159 2).

1330 2189 1545 2219 St'MMAttIUM

1059 2236 1135 2265 Petri
1153 2245 1279 2266 errores.
1291 2254 1331 2258 —
1346 2237 1421 2267 Petri
1449 2238 1582 2267 haeresis
1609 2238 1721 2277 priores
1738 2240 1811 2269 hae-

1099 2285 1180 2305 reses
1204 2278 1425 2306 transcendens.
1445 2277 1646 2307 —Damnatio
1672 2279 1760 2308 l'etri.
1774 2296 1814 2301 -

1100 2315 1204 2345 Petrus
1221 2316 1394 2352 Manichaei,
1410 2317 1490 2346 Pauli
1507 2317 1650 2347 Samosat.
1667 2323 1694 2347 ct
1706 2318 1811 2348 Nesto-

1100 2356 1135 2384 rii
1158 2360 1297 2385 sectator:
1315 2373 1355 2378 -—
1369 2356 1439 2386 ltem
1466 2362 1494 2387 ct
1526 2357 1661 2388 Sabellii:
1676 2375 1716 2380 —-
1730 2359 1811 2388 Ana-

1099 2396 1314 2426 thematizatur.

1237 2452 1434 2491 Simplicius
1454 2454 1634 2492 episcopus

1177 2491 1280 2521 Petro
1303 2493 1463 2532 episcopo
1488 2493 1697 2524 Antiochiae.

1105 2549 1264 2591 Quoniam
1293 2551 1448 2598 pestiferis
1478 2551 1630 2586 doctrinis
1660 2552 1812 2593 imbutus,

1056 2607 1085 2633 ct
1108 2600 1265 2646 impietate
1289 2601 1467 2645 verborum,
1495 2613 1558 2635 non
1581 2603 1695 2635 curasti
1720 2604 1810 2648 sequi

1091 2660 1130 2695 (t)
1152 2662 1183 2687 15
1200 2662 1255 2696 q.⁶2
1272 2669 1295 2688 c.
1315 2663 1524 2689 Deiiitizciainns,
1563 2663 1603 2698 (2)
1622 2663 1659 2689 Ex
1672 2665 1726 2690 vet.
1745 2662 1811 2690 Cod.

1056 2696 1114 2723 Vat.
1132 2696 1216 2723 edidit
1232 2696 1304 2723 card.
1326 2696 1429 2724 Carasa.

1890 1057 1910 1075 'x-
1927 1056 2008 1083 idiialm

1851 1093 1972 1114 i'm'ttlitamn
1987 1101 2036 1122 1η...

1851 1129 1926 1150 ‘mlviii
1946 1138 2019 1157 vltixtt·

1917 1174 1943 1193 pt»
