2237 3127
371 223 389 257 6

324 311 500 351 Romana
550 310 613 351 illa
664 311 837 351 recensio
884 311 1073 351 anteactis
1125 310 1308 369 omnibus
1342 309 1458 365 longe
1505 309 1740 365 locupletior
1787 312 1837 352 sit
1892 321 1930 353 et

327 399 579 451 castigatior,
613 397 870 438 nihilominus
913 398 961 437 ad
1007 397 1218 436 Summum
1274 404 1425 436 tantum
1476 397 1711 438 Pontificem
1758 400 1928 440 Benedi-

326 492 432 524 etum
471 485 560 525 XIV
595 499 717 539 usque
765 484 966 538 pertingit.
1011 482 1374 523 Lambertiuianum
1417 499 1536 537 porro
1582 483 1798 525 Bullarium
1832 501 1929 540 qua-

327 579 414 610 tuor
442 569 716 624 complectitur
763 568 963 610 volumiua
984 603 994 622 ⁷
1038 569 1187 610 Romae
1222 568 1403 625 evulgata
1427 604 1436 622 ‚
1472 571 1537 610 ubi
1574 572 1695 611 etiam
1716 605 1726 623 ,
1773 571 1930 613 Andrea

326 655 510 695 Barberio
542 656 695 705 edente,
740 657 845 713 typis
894 656 1147 696 Revereudae
1180 656 1370 698 Gamerae
1412 656 1663 713 Apostolicae
1688 690 1698 709 ⁷
1742 656 1928 697 Clemen-

325 740 374 779 tis
414 740 504 780 XIII
547 748 586 779 et
625 740 715 781 XIV
747 773 757 791 7
813 741 874 781 Pii
910 741 964 782 Vl
1001 748 1040 781 et
1083 741 1157 781 Vll
1191 773 1201 792 ,
1249 741 1391 784 Leonis
1437 743 1511 783 XII
1544 775 1554 793 ,
1600 742 1661 782 Pii
1709 741 1802 782 VIII
1860 757 1932 782 nec

327 844 402 868 non
435 827 616 882 Gregorii
664 827 758 868 XVI
795 826 953 878 bullae,
995 812 1318 881 constitutiones,
1358 829 1548 885 epistolae
1590 830 1931 886 allocutionesque

325 932 426 956 venu
478 924 669 971 prostant.
725 916 831 957 Dum
887 917 1017 971 itaque
1070 916 1315 972 Cocquelinii
1368 916 1589 958 Bullarium
1647 934 1719 958 nos
1771 919 1932 959 daturos

326 1003 608 1057 promittimus,
653 1001 749 1042 illud
793 1004 841 1042 ad
891 1010 1067 1058 tempora
1115 1019 1239 1059 usque
1279 1011 1413 1044 nostra
1461 1005 1718 1059 productum,
1760 1005 1931 1046 maxima

336 1104 428 1129 cura
464 1087 712 1129 elaboratum
745 1090 920 1129 dandum
946 1104 1031 1129 esse
1064 1089 1314 1131 arbitramur.
1340 1090 1446 1131 Haec
1472 1091 1667 1146 principio
1692 1098 1824 1146 sparta
1862 1106 1933 1131 no-

326 1176 401 1227 bis,
436 1176 500 1216 hic
532 1175 713 1216 laborum
737 1176 839 1217 finis.

381 1262 487 1303 Nihil
521 1264 667 1303 interea
702 1264 939 1303 intentatum
973 1262 1287 1319 relinquentibus
1307 1273 1350 1305 ut
1377 1272 1531 1305 tantum
1557 1281 1658 1321 opus
1683 1266 1928 1306 adamussim

322 1355 598 1395 concinnatum
637 1368 681 1393 ex
713 1352 868 1393 officina
911 1360 1043 1393 nostra
1086 1354 1275 1408 prodiret7
1316 1353 1445 1394 fausto
1479 1355 1620 1394 accidit
1644 1362 1686 1394 ut
1718 1354 1923 1409 Augustae

322 1444 587 1484 Taurinorum
608 1458 718 1483 sacra
740 1442 959 1482 eruditione
983 1440 1154 1482 illustres
1183 1441 1264 1481 Viri
1292 1441 1455 1482 consilio
1481 1450 1519 1482 et
1544 1457 1664 1496 opera
1687 1441 1802 1482 nobis
1826 1442 1930 1482 irent

324 1530 573 1587 opitulatum.
600 1531 774 1571 Pronum
801 1530 893 1570 hine
921 1531 1070 1570 creditu
1104 1538 1161 1569 est
1193 1530 1242 1570 ab
1268 1530 1323 1570 eis
1357 1546 1426 1570 nos
1453 1530 1635 1570 didicisse
1662 1540 1761 1586 quas
1787 1545 1928 1587 seque-

324 1635 455 1659 remur
481 1633 658 1674 quasque
683 1618 908 1672 fugeremus
934 1618 1027 1657 rias.
1063 1617 1190 1672 Atque
1218 1618 1256 1656 iu
1291 1617 1445 1672 primis,
1472 1617 1680 1658 Pontificio
1708 1618 1932 1659 Patrocinio

323 1706 410 1746 fulti
463 1709 551 1756 (uti
578 1707 832 1748 Eminentiss.
874 1706 912 1746 S.
956 1705 1002 1745 R.
1048 1704 1091 1745 E.
1137 1703 1360 1746 Cardinalis
1404 1704 1614 1745 Ax‘roorffli
1641 1705 1708 1746 SS.
1751 1705 1799 1746 D.
1831 1705 1878 1747 N.
1912 1721 1933 1747 a

337 1795 499 1835 secretis
545 1793 695 1844 literae,
748 1794 897 1834 Romae
940 1794 1052 1832 datae
1094 1808 1127 1832 iv
1174 1790 1250 1832 kal.
1297 1792 1428 1832 martii
1471 1808 1661 1843 mneccm,
1706 1791 1933 1848 plenissime

340 1888 579 1931 testantur),
627 1881 889 1935 auspiciisque
914 1880 1104 1920 anfflsci
1135 1879 1172 1920 S.
1207 1879 1253 1919 R.
1278 1878 1323 1919 E.
1357 1878 1580 1920 Cardinalis
1611 1879 1756 1932 GAL'DE,
1789 1880 1933 1935 pietate

324 1984 366 2008 ac
392 1968 567 2008 doctrina
592 1968 811 2023 conspicui,
836 1968 948 2008 euius
972 1968 1139 2019 nomini,
1165 1968 1270 2023 quod
1297 1965 1387 2008 felix
1413 1967 1664 2023 faustumque
1707 1968 1758 2007 sit
1777 2000 1787 2018 ,
1829 1981 1930 2023 opus

326 2055 553 2095 universum
595 2055 673 2094 iam
728 2055 1087 2109 inseripseramus7
1131 2055 1237 2094 haud
1281 2069 1419 2105 mora,
1461 2069 1625 2094 romano
1673 2069 1744 2094 nos
1798 2054 1932 2094 itineri

324 2140 609 2191 commisimus,
642 2155 685 2180 ex
725 2140 939 2195 purissimo
987 2140 1176 2180 Vaticano
1212 2140 1317 2180 fonte
1356 2154 1486 2180 sacras
1531 2139 1721 2179 haustum
1765 2154 1887 2194 aquas
1911 2172 1922 2191 ,

325 2234 440 2281 atque
479 2226 547 2265 PII
594 2226 739 2266 PAPAE
786 2227 836 2266 lx
870 2226 1074 2267 Pontifieis
1120 2228 1288 2277 Summi,
1336 2225 1499 2266 feliciter
1544 2228 1763 2282 regnantis,
1802 2227 1930 2268 fausta

325 2314 455 2353 omina
488 2313 597 2368 operi
622 2321 755 2353 nostro
778 2322 1006 2368 praesentes
1034 2315 1304 2370 adprecatum7
1338 2313 1736 2369 Eminentissimique
1768 2296 1931 2355 Patroni

324 2396 484 2438 consilia
527 2399 718 2438 auditum.
760 2397 846 2449 Ille,
880 2414 958 2453 quo
990 2407 1047 2438 est
1086 2400 1126 2438 in
1172 2415 1254 2439 rem
1287 2399 1542 2439 christianam
1591 2400 1740 2450 animo,
1773 2414 1851 2454 qua
1884 2399 1926 2438 in

324 2484 452 2524 Deum
499 2484 688 2524 charitate
731 2484 897 2539 flagrat,
931 2500 1001 2524 sua
1044 2500 1114 2525 nos
1148 2493 1358 2541 nostraque
1397 2486 1600 2526 maiestate
1634 2485 1930 2541 complectens,

326 2572 436 2625 operi
472 2571 682 2623 benedixit,
710 2579 929 2627 cunctaque
955 2587 1145 2626 prospera
1179 2573 1403 2628 auspicatus
1447 2580 1518 2613 est.
1555 2572 1677 2614 Nobis
1708 2572 1780 2612 Vir
1819 2571 1930 2611 Emi-

328 2659 579 2699 nentissimus
619 2659 749 2701 GAcoss
787 2659 889 2700 ultro
923 2659 1129 2716 libensque
1163 2661 1359 2714 occurrit,
1401 2661 1463 2701 eui
1500 2667 1543 2701 ut
1575 2674 1727 2701 morem
1772 2665 1925 2715 gereret
