2237 3127
181 312 234 341 An.
251 309 279 339 C.
297 309 364 338 1059
379 351 383 355 ἡ

1046 256 1102 269 f·-

441 298 509 330 631

393 372 422 399 et
454 358 604 397 scriniarii
640 362 764 390 sanctae.
800 361 946 387 romanae
981 348 1139 382 Ecclesiae

392 410 579 459 apostoliae
593 406 687 443 sedis,
710 414 792 438 anno
816 403 916 448 primo
939 397 1140 445 pontificatus

375 460 511 495 ,domini
541 469 638 503 papae
659 451 778 488 Nicolai
801 448 946 492 secundi,
969 446 1140 481 indictione

195 1719 334 1742 Prooemium.

221 2201 380 2225 confirmantur

198 2238 254 2261 bona
308 2239 381 2261 omnia

201 2275 311 2305 hucusque
343 2282 379 2296 ac·

201 2312 282 2340 quisita
313 2314 337 2333 ct
360 2310 382 2330 in

201 2351 313 2376 posterum
339 2354 379 2369 ac-

201 2381 316 2412 quirenda.

392 508 585 543 duodecima.
616 504 729 537 Datum
767 499 892 534 Auximi
927 506 1036 531 octavo
1070 495 1141 528 idus

392 557 492 593 martii
516 566 597 590 anno
620 553 689 586 Iesu
718 549 834 584 Christi
858 547 1026 581 millesimo
1048 545 1142 590 qnin-

391 606 573 654 quaaesinio
603 613 697 637 nono,
733 611 788 645 per
818 609 944 631 manum
975 593 1140 628 Humberti

392 641 517 691 sauctae
551 651 712 686 Ecclesiae
746 647 857 695 Sylvae
887 643 1049 679 Candidae
1075 643 1143 688 epi-

391 703 491 750 scopi,
519 710 547 736 et
572 697 798 734 bibliothecarii
828 694 1018 740 apostolicae
1044 692 1139 725 sedis.

462 759 523 789 Dat.
546 758 592 788 die
611 757 627 786 8
647 754 741 784 martii
761 761 837 781 anno
855 750 970 780 Domini
992 749 1075 785 1059,

583 795 685 836 pontis.
704 793 812 823 ‘Nicolai
836 800 912 820 anno
930 798 951 819 1.

750 905 788 940 V.

425 986 622 1030 Pri'vi‘leyi'um
647 982 798 1017 pennensi
825 980 978 1013 Ecclesiae
1003 978 1123 1021 eiusque

557 1034 702 1079 episcopis
724 1042 895 1064 concessum
919 1036 929 1072 (
938 1030 981 1071 l).

666 1102 879 1136 Stssitittttttmt

399 1173 590 1205 Prooemium.
600 1189 640 1194 —
651 1170 867 1200 Confirmantnr
879 1168 952 1197 bona
965 1166 1061 1196 omnia
1079 1165 1149 1193 hnc-

443 1223 535 1252 nsque
569 1212 712 1250 acquisita
745 1215 773 1239 et
808 1219 835 1238 ιιι
869 1213 1017 1247 posterum
1048 1214 1150 1249 acqui-

439 1253 540 1284 reuda.
555 1251 749 1280 —Oninibus
769 1249 983 1285 cuiuscumque
1000 1248 1150 1283 dignitatis

440 1292 575 1333 personis
617 1291 689 1320 bona
730 1289 898 1318 huiusmodi
931 1288 1068 1330 auter-re,
1107 1284 1148 1312 vel

441 1334 526 1362 etiam
561 1331 717 1360 molestare
743 1330 862 1358 omnino
887 1327 1071 1356 interdicitur
1095 1324 1150 1351 sub

442 1372 636 1402 anatheniatis
653 1379 755 1409 poena.
772 1385 813 1390 —
831 1368 925 1397 l'oena
945 1367 1032 1396 etiam
1057 1373 1150 1403 pecu-

444 1420 547 1441 ΠΙΠΙἸὶΙ.

405 1468 513 1500 Nicotaus
535 1467 654 1506 episcopus
679 1474 755 1495 servus
772 1473 887 1493 serrorum
907 1463 964 1500 nei,
988 1463 1074 1492 ililcclo
1099 1471 1152 1491 con-

450 1508 513 1537 fratri
528 1508 606 1536 loanni
625 1507 740 1534 l'cuurnsi
763 1506 879 1542 episcopo,
903 1508 923 1532 cl
943 1513 982 1542 per
1000 1508 1021 1532 le
1038 1503 1153 1532 Ecclesiae

447 1549 541 1577 Satirlac
566 1547 660 1582 ,ilat-iac,
680 1550 699 1574 cl
719 1545 813 1583 goriosi
836 1544 917 1572 tsslinsii
944 1544 1050 1582 martyris
1072 1552 1097 1571 ut·
1120 1543 1153 1571 lc-

447 1588 506 1617 vitue
528 1587 631 1623 Maximi,
650 1586 740 1623 lttisquc
761 1584 929 1613 sticrcssoribus
945 1585 967 1612 iu
983 1588 1129 1622 perpetuum.

453 1645 552 1678 Ollirii
578 1644 673 1677 nostri
697 1651 742 1676 est
765 1642 912 1675 omnibus
934 1640 1155 1674 ecclesiasticis

402 1693 591 1729 utilitatibus
620 1693 792 1739 providere,
815 1699 844 1724 et
881 1693 971 1725 iustis
993 1689 1156 1723 desideriis

403 1755 439 1778 ac
463 1742 664 1789 petitionibus
689 1748 834 1787 prompto
853 1741 957 1774 auimo
982 1741 1153 1784 indulgere.

402 1791 496 1827 Unde
531 1792 602 1838 qnia
639 1791 741 1837 petisti
777 1802 793 1823 a
830 1790 945 1832 nobis,
973 1789 1156 1823 charissime

403 1840 571 1883 confrater,
600 1849 631 1873 ut
647 1852 702 1886 per
725 1839 820 1873 nostri
839 1839 990 1886 privilegii
1009 1839 1154 1884 paginam

405 1899 477 1925 tuae
504 1889 675 1929 Ecclesiae,
702 1897 733 1923 et
755 1889 810 1922 tibi
840 1889 964 1935 tuisque
986 1899 1157 1922 succi-sso—

405 1939 505 1980 ribus,
531 1938 752 1986 perpetualiter
769 1938 1030 1972 confirmaremus
1051 1948 1156 1969 omnia

405 2000 488 2035 quae
512 1988 688 2035 praedictae
704 1987 862 2022 Ecclesiae
881 1989 960 2021 inste
975 1996 1004 2021 et
1021 1985 1159 2033 legaliter

406 2046 611 2083 competunt,
644 2037 786 2083 petitioni
817 2045 887 2071 tuae
909 2045 1068 2083 gratanter
1099 2047 1159 2069 an-

406 2095 554 2129 nuentes,
577 2098 632 2133 per
660 2085 755 2120 huius
783 2095 906 2121 nostrae
928 2084 1160 2120 constitutionis

407 2135 568 2170 decretum
612 2143 642 2170 et
676 2135 865 2182 apostolicae
900 2136 984 2169 sedis
1021 2136 1158 2169 edii-tum

407 2185 613 2219 concedimus
647 2193 678 2219 et
711 2185 935 2219 confirmamus
966 2184 1045 2225 tihi,
1081 2184 1160 2217 sicut

409 2234 556 2281 superius
579 2233 709 2279 legitur,
738 2234 767 2267 iu
797 2242 984 2280 perpetuum
1008 2231 1160 2279 quicquid

410 2283 441 2317 iu
465 2284 716 2330 praenominatae
732 2282 889 2317 Ecclesiae
909 2285 1070 2329 episcopio
1087 2282 1163 2316 Bea-

410 2340 459 2366 tae
489 2331 625 2374 Mariae,
652 2340 681 2366 et
715 2332 842 2378 gloriosi
870 2331 987 2366 Christi
1018 2341 1163 2379 martyris

411 2389 443 2416 et
476 2382 585 2415 levitae
607 2381 745 2419 Maximi,
771 2382 800 2415 iu
824 2382 1066 2427 praesentiarum
1091 2393 1163 2427 pos·

412 2429 513 2471 sides,
548 2442 690 2476 quaeque
725 2429 757 2464 in
794 2430 932 2464 futurum
961 2442 1163 2475 quocumque

415 2480 510 2513 modo
536 2479 650 2513 divinis
671 2489 700 2513 et
728 2479 873 2513 humanis
893 2479 1015 2525 legibus
1030 2481 1165 2523 cognitis

415 2529 577 2574 acquirere
601 2529 731 2574 poteris;
760 2529 879 2562 scilicet
913 2529 1015 2574 ipsum
1040 2529 1165 2574 episco-

419 2586 522 2623 patum
545 2590 615 2611 cum
640 2578 786 2611 omnibus
816 2577 908 2611 rebus
930 2587 957 2611 et
987 2590 1165 2622 possessio-

452 2633 490 2667 (ἱ)
510 2634 547 2660 Ex
567 2634 704 2660 Tabulario
722 2634 799 2660 huius
815 2634 949 2661 Ecclesiae
960 2634 1042 2661 edidit.
1063 2633 1165 2669 Ughell.

418 2669 538 2704 Apoend.
556 2672 621 2696 tom.
643 2677 682 2696 vn
697 2670 754 2696 Ital.
775 2670 836 2697 Sac.

928 272 931 274 ·
950 266 960 283 f
979 265 1169 316 {inunum
1194 286 1359 311 Roamxmt

1181 345 1275 379 nibus
1302 344 1381 382 suis,
1409 350 1436 377 et
1474 341 1672 389 pertinentiis
1699 339 1872 374 mobilibus
1905 345 1936 373 et

1182 393 1409 433 immobilibus,
1431 404 1565 438 seseque
1582 391 1794 432 moventibus,
1811 390 1934 426 castris.

1182 444 1279 481 villis,
1303 442 1488 483 territoriis,
1515 440 1659 475 ecclesiis
1686 451 1758 473 cum
1790 438 1937 485 primitiis

1181 501 1210 526 et
1233 491 1460 533 decimalibus,
1493 497 1524 523 ct
1553 502 1626 524 cum
1659 488 1826 531 omnibns,
1855 498 1935 534 quae

1184 541 1224 575 ibi
1261 541 1309 587 pia
1344 540 1470 574 devotio
1502 539 1639 573 fidelium
1674 538 1771 573 sacris
1803 536 1937 572 contulit

1182 589 1419 630 oblationibus,
1460 596 1522 622 tam
1564 600 1619 634 pro
1660 586 1760 622 salute
1796 587 1937 620 vivorum

1183 652 1275 686 quam
1311 639 1403 673 etiam
1440 650 1496 684 pro
1522 646 1731 672 mortuorum.
1755 636 1938 670 Statuentcs

1186 702 1239 736 per
1254 689 1314 722 hoc
1327 691 1371 731 (l)
1388 688 1482 722 huius
1497 695 1622 721 sanctae
1636 688 1720 720 sedis
1734 686 1938 732 apostolicae,

1184 738 1234 772 cni
1265 745 1425 771 annuento
1451 737 1514 770 Deo
1549 748 1682 782 praeesse
1709 735 1937 781 dignoscimur,

1187 787 1397 821 inviolabilem
1413 786 1685 828 constitutionem,
1705 792 1737 819 ut
1760 785 1865 818 nullus
1885 784 1940 818 im-

1188 845 1322 882 perator,
1351 836 1502 877 marchi0,
1529 847 1649 874 comcs,
1678 834 1864 873 vicecomes,
1887 840 1940 867 aut

1186 890 1243 923 alia
1267 889 1424 936 quaelibet
1451 900 1574 935 magna,
1599 901 1690 935 parva
1709 889 1941 934 cuiuscumque

1187 943 1350 989 dignitatis
1373 942 1418 977 vcl
1442 943 1563 977 ordinis
1581 954 1726 988 persona,
1747 950 1854 977 contra
1879 942 1940 976 hoc

1190 1007 1329 1032 nostrum
1364 996 1563 1044 privilegium
1594 1003 1773 1043 praesumat
1797 996 1856 1030 iam
1886 995 1944 1030 di-

1189 1060 1273 1085 ctnm
1297 1051 1507 1097 episcopium,
1534 1059 1586 1084 aut
1614 1058 1655 1092 te,
1678 1050 1861 1084 charissime
1885 1049 1941 1093 lili,

1191 1115 1325 1152 tuosque
1364 1107 1392 1138 in
1430 1113 1615 1151 perpetuum
1647 1116 1872 1145 successores,
1905 1104 1944 1138 de

1193 1160 1282 1193 honis
1308 1159 1376 1194 suis
1397 1159 1572 1198 disvestire,
1596 1159 1782 1205 inquietare,
1815 1165 1867 1192 ant
1888 1157 1947 1191 ali-

1192 1214 1266 1260 quid
1283 1213 1322 1246 ihi
1340 1221 1445 1247 contra
1462 1224 1569 1247 sacros
1591 1225 1727 1246 canones
1742 1212 1947 1256 constituere,

1194 1269 1238 1301 vel
1263 1267 1420 1301 ordinare.
1451 1266 1485 1301 Si
1522 1267 1594 1314 quis
1627 1267 1722 1313 igitur
1754 1266 1794 1307 ei,
1826 1267 1906 1300 sient
1931 1277 1947 1300 a

1195 1330 1298 1355 nostra
1326 1321 1498 1367 apostolica
1532 1320 1716 1355 auctoritate
1746 1331 1947 1359 concessum,

1193 1383 1223 1409 et
1246 1387 1395 1409 concessa
1402 1401 1457 1409 .....
1483 1374 1638 1421 pertinere
1674 1386 1735 1408 non
1760 1373 1948 1421 permiserit,

1194 1430 1270 1462 sciat
1305 1441 1338 1462 se
1373 1429 1582 1463 anathematis
1616 1429 1741 1462 vinculo
1764 1428 1949 1462 innodatum

1194 1494 1210 1516 a
1236 1482 1326 1516 Patre
1359 1490 1390 1516 et
1422 1482 1503 1516 Filio
1531 1491 1561 1516 et
1590 1482 1710 1529 Spiritu
1743 1482 1884 1522 Sani-to,
1919 1489 1951 1516 et

1195 1536 1379 1570 auctoritate
1396 1536 1425 1569 b.
1448 1536 1528 1569 Petri
1546 1536 1699 1582 principis
1721 1537 1950 1583 apostolorum,

1197 1602 1254 1624 nec
1288 1602 1349 1624 non
1382 1602 1453 1624 cum
1483 1590 1608 1624 diabolo
1638 1598 1668 1625 et
1699 1590 1772 1625 luda
1803 1591 1952 1625 traditore

1198 1644 1234 1678 D.
1259 1643 1296 1677 N.
1323 1643 1389 1677 lesu
1422 1643 1538 1677 Christi
1562 1656 1616 1678 eos
1645 1644 1673 1677 in
1704 1644 1842 1679 incendii
1867 1656 1952 1678 con-

1198 1699 1329 1732 cremari
1354 1697 1531 1744 snpplici0;
1553 1707 1582 1732 et
1607 1697 1738 1744 iusuper
1754 1697 1831 1732 sciat
1854 1710 1888 1732 se
1904 1698 1953 1732 da-

1199 1760 1302 1785 turum
1325 1754 1365 1785 10
1387 1753 1453 1786 anri
1481 1751 1587 1795 libras,
1609 1743 1730 1785 scilicet
1753 1752 1951 1786 medietatem

1200 1814 1305 1839 nostro
1328 1818 1417 1840 sacro
1440 1806 1566 1853 palatio,
1587 1815 1618 1840 et
1646 1806 1845 1840 medietatem
1870 1817 1954 1853 prae·

1199 1861 1283 1895 dicto
1305 1861 1478 1906 episcopio.
1502 1860 1563 1901 Qui
1588 1872 1660 1894 vero
1683 1861 1796 1894 intuitu
1821 1859 1871 1906 pio
1894 1859 1956 1894 ob-

1199 1923 1339 1949 servator
1362 1916 1391 1948 in
1415 1914 1562 1948 omnibns
1579 1915 1729 1954 extiterit,
1745 1913 1955 1948 custodiendo

1201 1969 1294 2002 huius
1317 1969 1412 2002 nostri
1438 1969 1590 2015 privilegii
1622 1968 1894 2012 constitutionem,
1916 1967 1954 2002 ad

1202 2024 1322 2057 cultum
1357 2023 1414 2057 Dei
1444 2022 1690 2068 respicientem,
1727 2021 1957 2056 benedictionis

1202 2078 1333 2121 gratiam
1356 2089 1372 2111 a
1402 2076 1698 2111 misericordissimo
1726 2075 1864 2110 Domino
1886 2075 1956 2110 Deo

1203 2131 1326 2175 habeat,
1349 2138 1379 2165 et
1401 2130 1482 2164 vitae
1508 2138 1653 2164 aeternae
1676 2129 1832 2176 particeps
1854 2128 1905 2173 sit,
1927 2136 1959 2164 et

1204 2185 1389 2218 misereatur
1411 2183 1441 2217 in
1464 2183 1589 2218 saecula
1611 2183 1821 2218 saeculorum.

1253 2237 1366 2271 Datum
1392 2236 1511 2271 Romae
1526 2249 1558 2271 vt
1576 2249 1651 2271 non.
1668 2237 1738 2271 maii
1761 2249 1845 2272 anno
1859 2237 1955 2272 Dom.

1205 2291 1303 2325 nostri
1341 2290 1409 2325 lesu
1445 2291 1561 2325 Christi
1599 2292 1693 2324 1059
1709 2317 1719 2333 ,
1756 2302 1812 2337 per
1846 2302 1958 2325 manus

1205 2344 1371 2378 flamberti
1394 2344 1427 2379 S.
1457 2344 1616 2379 Ecclesiae
1651 2344 1764 2391 Sylvae
1793 2343 1958 2378 Candidae

1205 2397 1345 2444 episcopi
1379 2405 1409 2431 et
1435 2398 1627 2444 apostolicae
1660 2398 1747 2432 sedis
1785 2397 1959 2433 bibliothe-

1205 2452 1291 2487 carii.
1318 2451 1412 2486 Anuo
1434 2464 1445 2486 1
1468 2453 1670 2499 pontificatus
1692 2451 1730 2486 D.
1755 2464 1853 2499 papae
1867 2451 1960 2486 Nico·

1207 2507 1258 2547 lai,
1281 2506 1453 2540 indictione
1476 2518 1537 2540 xli.
1839 2527 1842 2531 ·

1286 2566 1346 2596 Dat.
1366 2567 1413 2597 die
1431 2568 1449 2597 ⁶2
1473 2567 1541 2596 maii
1557 2577 1634 2596 anno
1654 2566 1768 2596 Domini
1793 2565 1881 2604 1059,

1397 2611 1500 2650 pontis.
1522 2610 1636 2640 Nicolai
1654 2620 1731 2640 anno
1749 2619 1769 2640 1.

1242 2667 1282 2705 (t)
1302 2669 1369 2704 Lege
1385 2670 1464 2695 hunc.

1968 278 2018 306 Αιι.
2034 277 2064 306 C.
2082 276 2152 306 10⁸9

1970 715 2079 738 Omnibus
2111 722 2157 738 eu-

1971 752 2100 782 iuscumque
2119 750 2158 773 dt-

1973 788 2066 819 gnitatis
2104 793 2159 817 par-

1971 824 2032 847 soni·
2049 822 2107 845 bna·
2116 822 2159 845 hu-

1971 858 2067 884 tus-nodi
2114 866 2160 881 ιιι-

1972 897 2040 927 forre,
2050 895 2086 919 vel
2094 895 2160 918 otiam

1973 932 2094 955 maiestate
2110 939 2161 954 om-

1973 969 2027 991 nino
2041 967 2160 991 interdici-

1973 1008 2010 1027 tur
2020 1003 2060 1027 snb
2067 1003 2162 1026 nui-the-

1973 1041 2041 1064 mati·
2063 1046 2143 1072 poena.

1981 1727 2055 1748 Poena
2098 1726 2165 1748 etiam

1980 1761 2121 1792 pectini-rin.
