2237 3127
838 314 940 337 mnssx
961 313 1075 336 nnnmr
1611 298 1681 332 695

286 373 312 405 ei
340 369 418 404 baec
445 369 605 416 privilegia
633 381 691 404 nec
711 381 773 404 non
796 369 853 404 alia
882 369 985 403 omnia
1002 369 1039 403 ab
1062 367 1315 404 antecessoribus
1337 364 1541 414 pontificibus
1567 375 1729 405 concessa,

283 421 353 453 454
377 421 394 453 b
423 427 452 453 et
473 432 533 464 seq.

184 467 403 503 Vultur-nense
426 468 652 502 monasterium
675 466 945 501 confirmationem
971 466 1086 501 iurium
1107 467 1248 501 omnium
1273 473 1301 499 et
1324 464 1478 498 bonorum
1503 473 1632 496 suorum
1647 461 1730 496 obti-

285 524 339 551 net
360 529 375 551 a
403 516 565 563 Stephano
587 516 611 550 ll
639 517 713 560 PP.,
741 518 811 549 ⁶238
834 528 852 549 a
880 524 909 549 ct
931 528 989 559 seq.
1018 515 1045 550 Α
1069 516 1211 550 P.·s‹·hati
1235 514 1350 548 deinde
1378 512 1440 546 PP.
1469 511 1529 545 sub
1556 510 1728 557 apostolica

286 566 480 612 protei-tione
509 566 675 611 rescipitur
697 574 726 599 et
753 565 884 598 liberum
908 564 947 597 ab
969 567 1053 598 omni
1081 566 1309 608 cuinscuinpue
1333 572 1485 608 personae
1509 559 1727 594 iurisdictione

284 615 474 657 declaratur,
498 616 568 648 ⁶269
591 628 610 648 a
637 622 666 648 et
689 627 748 658 seq.
779 614 819 647 Et
845 626 861 648 a
889 613 1011 647 Marino
1043 614 1070 647 II
1092 627 1148 648 scu
1182 614 1315 647 Martino
1342 610 1383 645 Ill
1412 610 1473 643 PP.
1502 610 1730 643 confirmantur

286 664 313 698 ei
343 665 409 697 iura
432 671 463 697 et
485 663 566 697 bona
594 664 712 707 omnia,
739 665 809 696 594
836 676 855 696 a
877 671 905 696 ct
921 675 980 706 seq.
1005 662 1031 696 Α
1053 663 1163 707 Sci-gio
1192 662 1318 696 tandem
1351 659 1392 693 IV
1414 658 1476 692 PP.
1501 659 1605 692 omnia
1634 658 1728 699 bona,

285 713 512 752 immunitates,
540 724 576 747 ac
599 712 759 758 privilegia
782 713 809 745 ci
838 723 987 746 concessa
1011 711 1238 745 confirmantur
1260 711 1299 754 ei,
1324 711 1385 743 491
1415 720 1435 742 α
1456 716 1486 741 ct
1507 720 1566 752 seq.

185 762 338 797 Walarici
369 761 425 804 (S.)
452 761 678 796 Leuconaense
701 761 925 795 monasterium
951 759 1011 794 sub
1034 761 1166 794 tuitione
1188 760 1279 794 Sentis
1303 756 1503 804 Apostolicae
1532 756 1681 803 recipitur
1699 763 1729 791 et

286 810 459 857 privilegiis
486 810 592 844 multis
619 818 787 843 exornatur
809 822 825 843 a
854 809 1025 843 Bonctlicto
1046 809 1103 843 VII
1127 809 1202 850 ΡΡ.,
1225 811 1296 842 445
1312 810 1328 841 b
1350 815 1379 841 ct
1394 819 1455 851 seq.

185 859 411 895 Werinbarius
444 859 540 893 abbas
574 858 742 892 Fuldeusis
770 859 828 892 sibi
856 859 987 904 suisque
1017 858 1254 892 successoribus
1288 858 1367 891 inter
1398 856 1458 890 alia
1490 855 1653 901 privilegia
1676 854 1726 889 ius

285 907 459 954 primatiale
486 907 606 942 obtinet
628 921 643 941 a
670 907 787 942 Ioanne
810 907 885 941 XIII
904 907 979 950 PP.,
1006 909 1076 940 417
1100 920 1119 941 a
1141 915 1171 942 et
1192 919 1250 951 seq.

186 957 540 993 westmonasteriensis
560 956 702 991 Ecclesia
726 968 833 1002 regum
863 956 993 1001 Angliae
1027 956 1272 990 consecrationis
1294 955 1383 995 locus
1409 952 1584 988 declaratur
1610 961 1639 987 et
1663 953 1728 1001 pri-

288 1005 410 1051 vilegiis
432 1013 600 1040 exornatur
622 1019 637 1039 a
663 1005 791 1040 Nicolao
818 1005 845 1039 II
871 1003 948 1045 ΡΡ.,
972 1006 1042 1040 659
1070 1018 1089 1039 α
1111 1013 1141 1039 et
1161 1017 1220 1050 seq.

185 1054 371 1091 Willelinus
393 1055 489 1089 abbas
516 1054 769 1095 Fructuariensis
789 1054 910 1089 obtinet
938 1066 953 1088 a
976 1054 1092 1089 Ioanne
1118 1054 1192 1088 XIII
1221 1053 1285 1087 ΡΡ.
1317 1060 1348 1086 ut
1376 1051 1602 1086 monasterium
1631 1063 1728 1086 suunt

284 1104 318 1138 S.
343 1104 476 1150 Benigni
503 1104 906 1151 Ipporegiensisdioecesis
918 1103 977 1137 sub
1000 1106 1193 1150 protecti0ue
1216 1102 1417 1149 Apostolicac
1433 1100 1525 1135 Sedis
1545 1102 1727 1146 recipiatur,

285 1153 484 1201 liberumque
505 1153 544 1188 ab
570 1154 657 1188 omni
687 1153 897 1188 ecclesiastica
929 1161 959 1187 et
985 1153 1136 1188 saeculari
1157 1153 1372 1187 iurisdictione
1395 1150 1584 1193 declaretur,
1612 1152 1682 1184 487
1710 1162 1730 1185 α

286 1210 317 1237 et
338 1215 396 1248 seq.

185 1251 429 1298 Windisgradas
456 1250 611 1286 abbatissa
634 1251 971 1286 Ganderesbeimensis
992 1251 1113 1285 obtinet
1139 1250 1178 1285 ab
1197 1251 1338 1297 Agapcto
1362 1249 1387 1283 II
1411 1248 1474 1282 ΡΙ).
1504 1255 1536 1281 ut
1563 1256 1732 1283 monaste-

287 1302 368 1335 rium
396 1312 488 1335 suum
522 1301 582 1335 sub
611 1302 803 1348 protectione
826 1300 859 1335 S.
883 1300 977 1335 Sedis
996 1301 1177 1348 recipiatur,
1206 1302 1362 1346 variisque
1384 1298 1519 1333 donetur
1548 1297 1730 1344 privilegiis,

289 1352 360 1385 598
379 1351 394 1381 b
411 1358 440 1384 et
461 1362 520 1395 seq.

189 1399 412 1435 Winimannus
439 1399 696 1445 archiepiscopus
723 1397 963 1432 Ebretlunensis
994 1398 1052 1432 sibi
1080 1406 1111 1432 et
1144 1397 1383 1432 successoribus
1408 1397 1474 1431 suis
1505 1395 1626 1430 obtinet
1655 1395 1731 1442 pal-

287 1448 362 1482 lium
385 1461 400 1482 a
422 1448 550 1483 Victore
579 1448 603 1482 II
626 1448 704 1487 ΡΡ.,
732 1451 800 1481 657
826 1461 845 1481 α
871 1456 900 1481 et
927 1460 986 1491 seq.

186 1498 315 1533 Winizo
334 1498 431 1532 abbas
454 1498 631 1531 monasterii
659 1497 807 1530 Amiatini
837 1497 866 1529 in
890 1499 1039 1529 cciiiitatu
1062 1495 1195 1530 Clusino
1223 1496 1326 1541 positi,
1350 1494 1504 1529 coenobio
1531 1506 1588 1527 suo
1608 1493 1728 1528 confir-

286 1547 456 1581 mationem
479 1546 672 1580 indultorum
701 1558 735 1580 ac
760 1546 992 1591 privilegiorum
1021 1545 1060 1579 ab
1088 1544 1348 1590 imperatoribus,
1377 1544 1503 1590 regibus
1531 1555 1566 1576 ac
1596 1544 1732 1578 summis

284 1595 492 1630 Pontificibus
516 1607 739 1630 concessorum
763 1594 882 1628 obtinet
910 1609 925 1628 a
953 1594 1106 1640 Gregorio
1128 1594 1156 1629 V
1181 1593 1261 1637 PR,
1288 1596 1362 1627 465
1384 1606 1403 1627 a
1431 1602 1460 1627 ct
1486 1604 1545 1636 seq.

189 1644 420 1679 Wintouiensis
451 1644 590 1679 Ecclesia
615 1644 741 1678 iubetur
767 1656 784 1677 a
812 1643 927 1677 Ioanne
950 1643 1024 1677 xttt
1046 1643 1109 1677 ΡΡ.
1133 1643 1289 1690 expellere
1316 1643 1449 1677 clericos
1478 1642 1516 1676 ab
1545 1642 1731 1688 episcopatu

285 1695 354 1729 eius
375 1702 405 1728 et
428 1693 627 1727 introducere
650 1693 833 1733 monachos,
857 1694 927 1726 4⁵ss
950 1694 967 1726 b
990 1700 1021 1726 ct
1038 1705 1098 1737 seq.
1429 1696 1439 1705 ⁶

186 1743 439 1789 Wirtburgensis
460 1742 612 1777 Ecclesia.
643 1744 716 1776 Vide
737 1741 989 1788 Hei-pipolensis.

186 1792 338 1827 Wisndus
359 1793 529 1839 episcopus
550 1791 746 1837 Urgelleusis
768 1792 1039 1824 co.ilirmaiioiie111
1068 1791 1223 1824 bonorum
1250 1801 1278 1825 et
1303 1791 1538 1837 privilegiorum
1566 1789 1731 1823 Ecclesiae

286 1854 371 1882 suae,
400 1853 457 1875 nec
479 1853 542 1875 non
560 1842 719 1887 privilegia
744 1840 839 1874 multa
861 1841 933 1884 sibi,
952 1841 1081 1886 suisque
1104 1840 1344 1874 successoribus
1362 1840 1482 1874 obtinet
1503 1851 1518 1873 a
1542 1844 1686 1885 Agapeto
1705 1837 1732 1872 II

288 1890 365 1929 ΡΡ.,
392 1891 466 1925 402
488 1892 506 1924 b
532 1898 563 1924 et
587 1903 648 1935 seq.

951 1993 982 2035 Z

189 2080 275 2118 Zeno
297 2082 494 2130 Hispalensis
515 2083 685 2130 episcopus
701 2083 835 2116 vicarius
856 2081 1059 2128 Apostolicae
1081 2079 1174 2116 Sedis
1197 2080 1228 2115 in
1251 2080 1399 2115 omuibus
1418 2079 1648 2127 Hispaniarum
1670 2078 1737 2114 Ec-

288 2132 392 2168 clesiis
418 2134 621 2168 constituitur
646 2144 663 2166 a
685 2131 719 2166 S.
747 2131 913 2178 Simplicio
937 2131 947 2164 I
971 2130 1048 2172 ΡΡ.,
1078 2133 1123 2165 88
1145 2143 1165 2165 α
1187 2138 1216 2165 et
1238 2132 1266 2164 b.

947 2233 987 2274 Y

193 2321 350 2369 Yrolpbus
370 2320 628 2367 archiepiscopus
648 2320 888 2361 Laureacensis,
911 2321 1094 2367 episcopatu
1111 2319 1180 2355 eius
1195 2319 1364 2365 pristinum
1381 2319 1411 2354 in
1427 2319 1560 2365 gradum
1580 2318 1738 2360 restituto,

288 2371 328 2405 ab
355 2370 501 2416 EugenIO
522 2370 548 2403 II
571 2370 634 2404 PP.
661 2370 752 2416 pallio
780 2370 915 2404 donatur
937 2377 967 2403 et
996 2370 1130 2404 vicarius
1152 2368 1246 2403 Sedis
1268 2368 1472 2414 Apostolicae
1497 2370 1524 2402 in
1550 2367 1736 2414 regionibus

288 2420 446 2458 Hunniae,
469 2431 524 2453 seu
546 2419 690 2461 Avariae,
713 2419 870 2454 Mor-aviae
899 2426 929 2453 et
956 2418 1138 2453 Pannoniae
1161 2418 1331 2466 provinciis
1358 2417 1535 2452 declaratur
1557 2417 1596 2452 ab
1624 2416 1738 2452 eodem

292 2468 459 2508 pontifice,
486 2469 556 2502 272
585 2470 602 2502 b
625 2476 655 2517 et
677 2480 736 2513 seq.
