2237 3127
33 283 85 311 An.
101 283 131 312 C.
147 282 216 312 10119

36 1866 163 1890 Exordium.

30 1978 103 2002 'Petro
147 1977 221 2001 abbati

51 2014 206 2037 monasterium

34 2050 107 2081 ipsum
171 2056 222 2072 cnm

35 2085 136 2108 omnihus
163 2092 221 2116 pei·-

35 2121 135 2144 tinentiis
165 2129 223 2143 con-

35 2155 142 2180 fimatur.

50 2293 212 2317 nonasterium

35 2329 62 2352 ab
122 2329 221 2360 epincopi

52 2365 207 2388 iurisdictione

67 2402 180 2432 eximitur;

223 494 752 542 ·ris.H1n‹rouswandalgeri.

440 256 459 268 Ι»,

912 289 938 312 S.
960 286 1023 310 LEO
1044 286 1080 310 lx
1101 284 1152 309 PP.

253 347 389 383 diaconi.
405 346 450 381 W
453 346 537 380 :dteri
562 345 684 384 decani,
703 343 861 379 Warnerii
875 343 998 377 decani.

252 397 394 432 Duranni
430 395 818 444 prsssb)te1i.Alluronis
844 392 998 428 Rotberti

251 446 378 481 Milonis
403 445 526 480 abbatis
557 445 734 479 Dei-vensis.
763 444 881 478 Atheni
913 442 1000 488 prio-

793 493 826 526 E
819 505 858 538 ¹o
887 491 999 525 Petrus

250 553 375 580 sanctae
396 556 543 579 romanae
567 529 723 577 Eccltsiae
753 542 923 579 diaconus
950 540 999 573 bi-

251 594 476 629 bliothecarius
497 600 527 628 et
555 592 780 626 cancella-iiius.
813 589 998 635 subscripsi.

250 644 319 690 Ego
341 643 483 683 loannes,
522 641 735 676 subdiaconus
768 639 894 674 scholae
924 650 1000 673 can-

251 701 368 733 torum,
390 691 563 738 subscripsi
591 693 649 734 (l).

604 825 644 859 Π.

249 899 476 934 Monasterium
487 899 716 943 Septimiamrm
734 899 766 930 ιή
793 897 919 931 dioecesi
933 897 1002 929 Flo-

298 949 420 982 rentino
441 949 534 982 situm
560 948 774 992 abepiscopali
795 947 1001 979 t'urisdt'rti'oue

297 999 427 1032 lt'berum
454 999 649 1035 declaratur,
685 998 846 1041 multisque
872 1004 1001 1039 augetur

293 1048 468 1093 privileqiis
493 1048 554 1090 (2).

515 1115 730 1147 SUMMARIUM

247 1178 414 1209 Exordium.
425 1178 555 1208 —Petro
568 1178 666 1208 abbati
679 1177 890 1208 monasterium
903 1176 1000 1215 ipsum

287 1228 355 1249 cum
378 1219 515 1249 omnibus
537 1219 722 1263 pertinentiis
746 1218 943 1247 confirmatur.
963 1233 1002 1239 -

287 1259 493 1289 Monasterium
512 1258 547 1288 ab
571 1259 700 1297 episcopi
721 1257 922 1287 iurisdictione
941 1257 1002 1286 exi-

288 1299 387 1328 mitur.
414 1316 454 1321 —
475 1298 683 1336 Monachisque
702 1297 825 1327 facultas
847 1297 932 1326 datur
955 1305 1003 1326 or-

287 1339 452 1369 dinationes
479 1348 494 1367 a
521 1338 703 1377 quolibuerit
732 1337 871 1376 episcopo
903 1336 1002 1366 susci-

289 1379 402 1417 piendi3
423 1378 491 1408 item
516 1382 647 1407 mortuos
674 1377 847 1416 sepeliendi
874 1393 913 1398 —
939 1376 999 1405 xb-

288 1418 407 1457 batique
425 1419 676 1447 consecrationem
696 1426 711 1445 3
730 1425 846 1446 summo
865 1417 1002 1454 pontifice

289 1459 440 1496 suscipere
469 1458 563 1486 liceat.
585 1474 625 1479 -
649 1456 831 1501 Cuicumque
858 1465 1001 1494 personae

289 1502 389 1527 contra
424 1495 609 1536 praesentem
643 1497 878 1540 praeceptionem
915 1505 1001 1534 agere

289 1537 345 1567 sub
367 1538 563 1567 anathematis
586 1537 702 1566 vinculo
725 1535 921 1566 interdicitur.

247 1604 298 1634 Leo
317 1604 457 1640 episcopus
477 1611 571 1632 servus
591 1610 731 1632 servorum
748 1603 804 1636 Dei,
816 1603 894 1631 Petro
910 1602 1003 1631 abbati

293 1649 456 1678 monasterii
475 1649 566 1677 Sancti
582 1648 732 1676 salvatoris
747 1648 776 1676 in
793 1648 919 1683 Septimo,
932 1648 1001 1675 tuis-

294 1701 344 1730 que
363 1694 564 1722 successorihus
581 1693 724 1722 abbatibus
743 1694 903 1728 perpetuam
922 1692 1000 1720 bene·

293 1739 439 1767 dictionem
458 1739 486 1767 et
505 1738 633 1766 salntem.

300 1801 458 1836 Convenit
499 1801 672 1848 apostolico
710 1800 915 1835 moderamini
953 1799 1001 1847 pia

253 1851 404 1897 religione
432 1849 625 1898 pollentibus
664 1849 813 1885 benevola
848 1862 1001 1896 compas—

253 1900 343 1935 sione
371 1911 555 1935 succurrere
582 1909 612 1934 et
641 1900 813 1945 petentium
836 1899 1001 1933 desideriis

255 1961 430 1995 congruum
451 1949 603 1996 impertiri
621 1948 816 1994 suffragium.
835 1948 1001 1995 Propterea

254 1999 393 2033 inclinati
421 1998 567 2045 precibus
599 1998 721 2041 vestris,
745 2010 799 2045 per
828 1999 920 2032 liuius
945 2011 1001 2032 uo-

255 2056 337 2083 strae
371 2047 604 2095 praeceptionis
632 2048 744 2082 seriem
777 2048 1001 2081 confirmamus

254 2105 285 2132 et
305 2097 547 2132 cor-roboramus
572 2096 629 2131 tibi
658 2097 880 2131 monasterium
898 2097 999 2142 ipsum

254 2146 361 2182 Sancti
374 2146 543 2182 Salvatoris
558 2158 630 2180 cum
650 2146 797 2180 omnibus
821 2146 911 2180 bonis
934 2146 1001 2180 eius

256 2195 425 2230 mobilibus
446 2203 476 2230 et
498 2195 738 2233 immobilibus,
772 2207 904 2242 seseque
932 2207 1002 2229 mo-

254 2245 410 2285 ventibus
444 2257 663 2292 quaecumque
693 2244 731 2278 ad
759 2257 830 2278 eum
867 2245 944 2279 iuste
971 2253 1001 2278 et

255 2294 393 2341 legaliter
421 2294 587 2341 pertinent.
622 2293 688 2328 Nec
718 2306 781 2328 non
808 2293 901 2343 etiam
925 2306 1002 2328 cen-

255 2356 374 2384 semus
398 2352 431 2378 ut
456 2355 602 2378 securum
637 2343 739 2389 ipsum
776 2343 1001 2377 monasterium

256 2393 295 2427 ab
322 2393 407 2427 omni
431 2393 567 2427 laesione
589 2393 628 2427 sit
651 2401 681 2426 et
707 2393 774 2426 sine
798 2392 938 2426 molistia
962 2393 1001 2426 sit

255 2443 412 2489 episcopi:
426 2450 456 2476 et
470 2442 724 2476 utordinationes
738 2441 1002 2488 preslryterorum,

255 2491 303 2526 vel
326 2501 518 2526 caeterorum
550 2491 705 2536 graduum
735 2492 763 2524 in
792 2492 902 2525 eodem
934 2504 1003 2523 mo-

291 2552 332 2588 (l)
358 2552 444 2578 Huius
468 2551 596 2587 privilegii
622 2559 701 2586 epoca
732 2551 881 2578 remeantia
909 2555 949 2577 est
970 2551 1002 2577 ad

255 2600 354 2619 annum
374 2592 449 2623 totio,
469 2600 523 2626 quo
543 2592 710 2626 potissimum
736 2595 854 2627 tempore
881 2592 930 2617 Leo
954 2592 1001 2617 l'l‘.

255 2633 322 2659 Tulli
342 2632 428 2658 adhuc
443 2637 512 2663 erat,
529 2636 558 2658 ut
575 2633 629 2666 ipse
648 2632 742 2659 asserit
767 2633 790 2658 in
811 2640 857 2658 sua
882 2632 1002 2659 subscri-

254 2673 356 2709 ptione.
395 2672 434 2708 (9.)
450 2671 620 2707 Ughell.1tal.
639 2672 697 2698 Sac.
717 2674 781 2698 tom.
798 2679 840 2698 in.

706 2774 722 2781 s

1634 241 1648 260 ,ἱ

1044 341 1177 376 nasterio
1199 352 1216 375 a
1234 340 1371 387 quolibet
1395 338 1547 374 catholico
1570 338 1719 386 episcopo
1735 338 1792 372 tri-

1042 391 1171 425 buatur:
1195 399 1225 425 et
1247 399 1281 424 ut
1303 391 1518 437 eleemosynae
1547 396 1608 423 tam
1635 389 1790 428 vivorum,

1041 452 1135 487 quam
1160 449 1352 474 mortuorum
1376 440 1443 474 sine
1471 438 1627 473 calumnia
1648 438 1790 484 episcopi

1042 489 1142 523 eidem
1168 489 1356 523 monasterio
1379 488 1571 522 tribuantur:
1595 495 1628 521 ut
1651 487 1689 521 de
1713 499 1789 534 pos-

1042 539 1182 573 sessione
1205 539 1384 573 mouasterii
1421 538 1541 571 det-ima
1577 549 1592 571 a
1625 536 1713 571 vobis
1734 549 1791 571 ac-

1042 588 1193 634 cipiatur:
1210 597 1239 622 et
1257 588 1449 634 ‹piicutnque
1462 600 1494 621 se
1509 587 1545 620 ad
1563 586 1787 620 monasterium

1041 637 1165 683 sepeliri
1190 637 1324 683 petierit,
1353 649 1367 670 3
1403 636 1565 670 monachis
1600 635 1789 682 sepeliatur:

1041 693 1071 719 et
1094 695 1126 719 ut
1153 694 1274 732 praeter
1296 686 1334 720 al)
1350 685 1533 731 apostolico,
1560 697 1598 719 ne
1620 685 1791 729 iudicetur,

1042 748 1099 769 nec
1120 735 1158 769 ad
1180 735 1332 782 synodum
1347 735 1443 769 :ilibas
1468 742 1606 775 vocetur,
1626 734 1706 768 sicut
1736 747 1793 769 nec

1042 784 1081 818 ab
1107 785 1167 818 alio
1190 785 1456 818 consecrationem
1484 784 1628 830 accipiat.
1644 783 1789 818 Statueu-

1041 841 1088 867 tes
1111 834 1278 880 apostolica
1299 846 1442 877 censura,
1466 841 1499 866 nt
1523 833 1627 866 nullus
1662 841 1787 867 nostro-

1043 895 1111 916 rum
1130 896 1347 917 successorum
1364 883 1545 930 pontilicum
1557 910 1565 922 ,
1584 881 1691 916 nullus
1709 894 1792 916 mar-

1043 933 1125 976 cliio7
1154 932 1259 966 nullus
1292 933 1365 976 dux7
1403 932 1508 966 nullus
1542 943 1660 975 comes,
1682 931 1790 966 nullus

1043 982 1222 1028 episeopus.
1247 982 1328 1015 nulla
1353 989 1510 1028 praeterea
1533 993 1665 1027 persona
1689 981 1793 1015 bomi-

1044 1043 1117 1064 num
1148 1043 1256 1076 magna
1279 1031 1325 1065 vel
1349 1043 1452 1078 parva,
1476 1039 1582 1065 contra
1621 1030 1702 1064 lianc
1735 1043 1794 1065 no·-

1043 1089 1137 1114 stram
1180 1080 1432 1126 praeceptionem
1474 1092 1566 1126 agere
1602 1087 1788 1126 praesumat.

1043 1129 1134 1171 Quod
1158 1129 1340 1176 quicunque
1363 1129 1482 1173 fecerit,
1509 1129 1716 1163 anathematis
1731 1130 1794 1164 rin-

1044 1179 1114 1213 culo
1142 1179 1279 1212 l'czriitur.
1303 1179 1363 1220 Oui
1388 1192 1459 1212 vero
1485 1187 1592 1213 custos
1614 1187 1642 1211 et
1679 1178 1793 1213 obser-

1044 1238 1129 1262 rator
1157 1229 1249 1262 liuius
1273 1237 1396 1262 nostrae
1435 1228 1666 1275 praeceptionis
1689 1228 1793 1269 fuerit,

1045 1277 1295 1312 benedictionem
1310 1290 1324 1311 3
1342 1277 1478 1311 Domino
1494 1277 1539 1311 Ι)ι
1534 1290 1560 1311 o
1571 1286 1792 1323 consequatur.

1092 1327 1207 1361 Datum
1231 1339 1287 1360 xiv
1328 1327 1451 1361 Ις31ι,.3(1
1490 1327 1563 1360 maii
1599 1339 1654 1374 per
1683 1339 1794 1361 manus

1045 1376 1126 1410 Petri
1150 1376 1271 1410 diaconi
1306 1376 1532 1410 bibliothecarii
1565 1384 1595 1410 et
1617 1376 1794 1411 cancellarii

1043 1435 1168 1461 sanctae
1209 1426 1399 1471 apostolicae
1432 1425 1536 1469 sedis,
1569 1437 1652 1459 anno
1687 1425 1795 1460 domni

1044 1475 1160 1509 Leonis
1188 1475 1260 1508 noni
1289 1487 1387 1521 papae
1414 1475 1527 1522 primo,
1551 1475 1658 1508 indict.
1691 1488 1725 1509 it.

1097 1532 1158 1562 Dat.
1177 1532 1224 1563 die
1249 1532 1284 1561 18
1302 1532 1402 1570 aprilis
1425 1542 1501 1562 anno
1518 1532 1634 1562 Domini
1658 1532 1744 1570 toti),

1239 1572 1342 1612 pontif.
1365 1572 1469 1602 Leonis
1489 1582 1565 1602 anno
1582 1581 1602 1602 1.

1395 1692 1450 1727 ΙΙΙ.

1046 1766 1209 1810 Exempli«)
1235 1767 1453 1799 canonicorum
1497 1766 1671 1798 Veronensis
1694 1767 1797 1799 Eccle-

1091 1817 1164 1858 siae.
1191 1828 1354 1860 eorumque
1380 1817 1529 1848 bonorum
1556 1817 1595 1848 ab
1618 1818 1702 1848 omni
1737 1816 1796 1849 tai-

1092 1867 1153 1898 cali
1176 1872 1203 1899 et
1222 1866 1421 1898 ecclesiastica
1443 1865 1653 1898 iurisdictione
1673 1865 1737 1907 (Ι).

1308 1924 1522 1955 §mulinum

1044 1977 1231 2008 s'i'ooemium.
1249 1994 1289 1999 -—
1305 1977 1459 2007 Decretum
1480 1986 1532 2016 pro
1553 1977 1687 2007 libertate
1706 1982 1734 2007 et
1749 1987 1799 2017 pa·-

1083 2018 1164 2047 casn-a
1184 2018 1371 2055 possessione
1390 2017 1561 2046 huiusmodi
1583 2017 1736 2047 bonorum.
1757 2034 1798 2040 —

1083 2057 1324 2096 Art-hipresbiter
1339 2062 1366 2086 et
1387 2057 1614 2087 archidiaconus
1630 2066 1644 2086 a
1667 2058 1796 2096 capitulo

1083 2097 1248 2133 eligendus.
1269 2113 1309 2118 —
1330 2097 1384 2132 Qui
1408 2101 1505 2126 tamen
1527 2097 1563 2126 de
1587 2097 1672 2126 bonis
1703 2107 1796 2127 cano-

1081 2137 1165 2166 nicae
1187 2137 1269 2166 nullo
1288 2137 1374 2166 modo
1393 2146 1427 2166 ex
1445 2146 1476 2166 se
1499 2137 1656 2175 disponere
1675 2138 1799 2176 possint.

1080 2193 1120 2198 —
1137 2176 1194 2205 Hos
1212 2177 1237 2205 si
1255 2186 1312 2205 uno
1331 2181 1460 2215 tempore
1483 2178 1556 2206 mori
1579 2177 1744 2214 contigerit,
1759 2177 1796 2206 ad

1082 2216 1282 2255 praepositum
1301 2216 1468 2246 omnimoda
1482 2217 1641 2246 auctoritas
1658 2217 1797 2246 devolva-

1083 2260 1138 2285 tur.
1166 2272 1206 2277 —-
1229 2256 1329 2285 Dirum
1359 2257 1514 2286 anathema
1542 2257 1572 2286 in
1594 2260 1701 2285 statuta
1724 2257 1798 2286 haec

1083 2295 1314 2325 inobservantes.

1042 2349 1090 2377 Leo
1109 2349 1248 2384 episcopas
1268 2356 1362 2377 servus
1382 2356 1520 2377 servorum
1536 2349 1591 2381 Dei,
1610 2349 1797 2377 dilectissimis

1087 2394 1116 2421 in
1135 2393 1242 2422 Christo
1259 2393 1323 2421 tiliis
1340 2394 1434 2422 'rotoni
1451 2394 1698 2429 archipresbytero,
1710 2394 1795 2422 Amel-

1088 2439 1143 2466 rico
1163 2438 1348 2466 archidiacono
1368 2440 1396 2466 et
1414 2438 1530 2466 Arduino
1549 2439 1720 2474 praeposito,
1741 2446 1795 2466 om-

1086 2483 1216 2518 nibusque
1245 2483 1381 2511 canonicis
1407 2484 1431 2511 S.
1459 2483 1619 2511 Veronensis
1649 2483 1792 2516 zostesiae,

1088 2529 1146 2556 tam
1164 2528 1364 2563 praesentibus,
1386 2535 1465 2564 quam
1496 2527 1614 2561 futuris,
1637 2530 1797 2564 perpetuam

1089 2573 1116 2600 in
1132 2573 1239 2601 Domino
1256 2573 1383 2601 salntem.

1048 2669 1061 2677 „
1081 2634 1120 2669 (t)
1138 2635 1176 2660 Ex
1193 2634 1302 2661 Archiv.
1327 2634 1478 2661 Canonicae
1503 2633 1587 2661 edidit
1611 2633 1712 2661 Canen.
1739 2633 1798 2662 Ital.

1045 2677 1103 2696 nac.
1125 2673 1188 2697 tom.
1209 2677 1237 2696 v.

1811 275 1862 302 An.
1878 275 1907 302 C.
1926 274 1996 304 tout}

1837 370 1996 400 Monachisque

1811 404 1901 427 facultas
1934 405 1997 427 datur

1812 440 1963 462 ordinationes
1985 449 1996 463 a

1812 477 1944 506 quolibuerit
1967 485 1997 498 e-

1812 513 1907 542 piscopo
1925 513 1998 534 susci-

1812 550 1896 580 piendt3
1945 550 1997 572 item

1812 590 1911 608 mortuos
1928 594 1998 617 sepe-

1812 621 1888 651 liendi3

1845 706 1968 737 abbatique

1830 743 1984 765 consecratio-

1814 785 1863 799 nem
1881 786 1891 799 a
1911 779 1999 801 Summo

1814 814 1923 837 Pontifice
1961 823 2000 837 sn-

1814 851 1901 881 scipere
1923 851 1998 874 liceat.

1846 972 1979 1003 Cuicumque

1815 1015 1923 1037 personae
1941 1017 2000 1031 con-

1815 1048 1849 1066 tra
1894 1051 2001 1074 praesen-

1816 1084 1859 1102 tam
1908 1088 2001 1110 praece-

1816 1117 1913 1147 ptionem
1935 1124 2002 1146 agere

1817 1152 1855 1174 sub
1872 1153 2002 1176 anathema-

1816 1189 1832 1210 ti
1828 1197 1846 1210 is
1914 1187 2001 1210 vinculo

1817 1223 1965 1246 interdicitur.
