2237 3127
176 315 223 340 An.
241 313 270 340 C.
292 313 358 340 t02o

210 1144 336 1167 Exordium.

177 1533 233 1553 μευ-ἱ
258 1533 362 1561 episcop:

177 1568 306 1598 pastnlatin.

187 1961 203 1981 {i
240 1956 364 1980 rnnfirmn-

180 2000 214 2016 tar
223 1999 365 2025 opst-opalus

285 2031 366 2053 Candi-

179 2079 183 2089 ι
196 2078 218 2089 tu·
240 2076 288 2089 rum
302 2068 366 2090 bonis

179 2109 199 2125 vt
226 2104 367 2133 pei-tinentiis

179 2031 256 2061 Sil-as

187 2150 190 2159 ι
202 2148 235 2161 nin
248 2140 295 2161 bns.

187 2579 338 2600 Enumeratio.

187 2614 301 2636 bnunruni.

440 319 509 353 55ss

983 324 1172 347 Butuntum
1198 324 1365 347 ROMANUM

428 383 498 414 Item
520 385 547 411 et
569 380 684 410 vicibus
708 388 799 419 papae
822 379 851 408 in
875 378 1001 407 eeclesia
1017 377 1044 406 S⁴
1062 377 1139 406 Petri
1158 377 1161 402 ¹
1182 377 1338 412 coloniam
1361 377 1400 412 de
1427 377 1527 421 Valle,
1550 385 1581 412 et
1604 377 1643 412 de
1660 378 1815 423 Fontana,
1844 387 1875 415 et
1896 379 1937 417 de

429 428 457 453 et
478 422 593 451 civitate
618 420 742 449 lieonina
768 418 918 455 fungendi,
937 419 960 447 si
980 418 1029 446 illc
1054 417 1141 445 fuerit

429 459 726 499 i1npmtitas.-tteta
741 464 768 487 et
784 458 925 487 ecclesias
938 456 1139 492 consecrandi,

428 501 550 531 clericos
569 504 596 528 et
615 500 754 528 diaconos
774 498 802 526 in
822 498 850 527 tl.
871 497 997 526 Leonina
1023 497 1139 525 civitate

428 540 595 571 ordinandi.
624 556 663 560 —
690 538 838 567 Ecclesiae
862 536 963 575 Sylvae
991 536 1138 565 Candidae

427 582 640 610 contirmautnt·
651 578 707 607 alia
721 577 794 606 bona
809 578 884 605 iuxta
899 577 1020 605 llomam
1035 576 1137 614 posita.

426 638 466 643 —
484 619 644 649 ⁴lnatltema
664 622 761 646 contra
783 617 951 645 huiusmodi
972 620 1078 645 statuta
1097 615 1139 644 in-

426 660 625 689 observantes.
647 674 686 679 —
703 656 823 685 Nomina
846 658 1062 694 episcoporum,
1088 655 1138 693 qni

426 700 494 729 huie
519 698 670 737 privilegio
697 697 950 735 subscripserunt.
973 712 1013 717 —-
1034 695 1138 724 lteratu

427 739 569 768 sententia
605 736 800 766 anathematis
837 740 936 764 contra
974 734 1137 764 molestiam

426 779 574 808 Ecclesiae
598 777 666 806 ltuic
696 776 870 811 inferentes,
892 775 936 804 vel
953 778 1137 813 praesentem

426 819 560 858 paginam
581 817 641 846 ullo
665 816 751 845 modo
774 820 959 845 temerantes.

384 883 496 909 Ioannes
520 880 660 914 episcopus
685 885 779 906 servus
805 884 945 905 servorum
964 876 1018 909 Dei.
1040 877 1139 904 dilecto

430 925 485 953 filio
520 925 596 952 Petra
627 923 728 951 Domini
763 923 855 958 gratia
890 922 1013 957 episcopo
1043 922 1138 955 sylvae

430 970 563 999 candidae
582 968 724 1000 Ecclesiae,
745 969 773 996 et
792 974 840 1002 per
866 968 895 995 te
920 967 1006 994 eidem
1025 973 1136 995 venera·

430 1015 479 1043 bili
499 1014 642 1049 episcopio,
663 1012 914 1048 successoribusque
933 1011 989 1040 tuis
1005 1011 1138 1047 episcopis

430 1060 459 1088 in
478 1061 647 1095 perpetuum.

434 1122 587 1157 Convenit
608 1121 782 1167 apostolico
797 1118 1005 1153 moderamini
1019 1118 1068 1165 pia
1086 1130 1138 1152 rc-

386 1171 503 1217 ligione
527 1170 718 1218 pollentibus
746 1169 888 1203 benivola
916 1169 1137 1214 eon‘ipassioue

385 1233 581 1261 succurrere,
607 1228 637 1254 et
665 1220 866 1266 poscentium
894 1219 1008 1252 animis
1043 1217 1136 1251 alacri

386 1271 553 1306 devotione
566 1269 719 1316 impertiri
736 1280 911 1303 assensum.
922 1267 967 1301 Ex
981 1267 1039 1301 lioc
1053 1267 1137 1300 enim

385 1321 463 1355 lucri
487 1320 686 1367 potissimum
716 1318 888 1365 praemium
918 1317 1001 1363 apud
1026 1317 1138 1351 eondi-

387 1379 486 1405 torem
523 1369 666 1403 omnium
719 1368 821 1401 Deum
860 1366 1137 1412 promerebimur,

387 1417 710 1466 quaudovenerabilia
728 1418 979 1463 locaopportunc
996 1415 1138 1449 ordinata

387 1469 424 1503 ad
454 1468 614 1502 meliorent
640 1468 753 1501 fuerint
788 1467 856 1500 sine
890 1466 988 1499 dubio
1022 1473 1137 1498 statum

390 1518 551 1565 perducta.
576 1516 674 1561 lgitttr
695 1517 768 1563 qnia
788 1516 913 1549 dilectio
930 1523 1001 1549 tuae
1015 1514 1140 1547 liliatio-

388 1568 438 1602 nis
462 1566 642 1613 postulavit,
664 1575 821 1612 qnatenus
843 1564 1092 1598 concederemus
1111 1572 1140 1597 et

387 1618 648 1652 confirmat-euius
665 1615 732 1655 tibi,
748 1623 865 1661 tuoque
884 1613 1053 1647 venerabili
1069 1613 1140 1659 epi-

388 1667 497 1712 scopio
530 1678 564 1699 ea
598 1676 678 1710 qnae
706 1678 720 1698 a
758 1663 1054 1708 praedecessoribus
1083 1674 1140 1696 uo—

388 1715 460 1750 stris
500 1714 702 1761 pontificibus
737 1713 777 1747 ob
813 1712 1073 1747 restaurationem
1111 1720 1139 1745 et

390 1764 620 1799 restitutionem
643 1763 722 1797 sacri
752 1763 810 1796 loci
839 1762 951 1808 ipsius,
974 1769 1004 1795 et
1032 1773 1140 1795 reme-

389 1813 477 1848 dium
500 1813 675 1847 auimarttm
699 1824 827 1846 suarum
856 1820 885 1845 et
907 1823 1038 1845 suornm
1065 1822 1140 1844 suc—

389 1875 550 1898 cessorum
574 1862 602 1895 in
628 1862 801 1908 praefatum
826 1873 917 1895 usum
945 1860 988 1893 tui
1013 1859 1140 1906 episco-

391 1913 432 1959 pii
451 1923 601 1947 concessa
624 1920 707 1951 sunt,
731 1920 823 1957 atque
857 1909 1138 1948 confirmavet·unt;

391 1974 448 1996 nos
474 1961 568 1995 simili
591 1960 756 1995 clementia
781 1959 980 2006 praemoniti,
997 1966 1026 1992 et
1050 1958 1141 1992 ineli-

391 2011 453 2046 nati
488 2010 634 2057 precibus
663 2010 784 2050 vestris,
823 2022 877 2055 per
914 2009 1009 2042 liuius
1045 2008 1140 2041 nostri

390 2060 554 2107 apostolici
592 2060 743 2106 privilegii
783 2058 896 2092 seriem
937 2056 1141 2091 concedimus

391 2118 420 2144 et
435 2111 660 2144 contii-mamus
684 2109 739 2142 tibi
762 2107 946 2154 supradicto
970 2106 1033 2140 lilio
1061 2106 1143 2139 dile-

391 2167 441 2193 cto
462 2159 555 2193 Petro
577 2159 728 2204 episcopo
744 2157 957 2203 supradictum
972 2163 1059 2189 tuum
1075 2155 1144 2201 epi-

392 2216 554 2254 scopatum
579 2208 608 2242 in
629 2208 786 2253 integrunt
806 2218 877 2241 cum
901 2205 986 2239 omni
1011 2205 1144 2250 integri-

394 2266 454 2291 tate
470 2270 537 2295 sua,
561 2269 632 2290 cuni
660 2256 816 2290 universis
849 2254 1007 2301 plebibus,
1034 2254 1144 2292 titulis,

393 2306 528 2343 clericis,
551 2305 690 2352 capellis,
710 2305 833 2347 massis,
850 2304 1002 2343 curtibus,
1027 2302 1144 2341 fundis,

393 2364 424 2389 et
446 2355 611 2391 casalibus,
641 2355 731 2393 villis,
750 2354 859 2393 vineis,
881 2353 989 2393 terris,
1014 2353 1058 2386 rel
1076 2364 1147 2385 om-

396 2405 445 2439 nia
468 2416 548 2450 quae
584 2403 643 2437 sub
671 2404 737 2438 iure
764 2410 795 2437 et
829 2402 971 2437 dominio
1005 2401 1144 2436 eiusdem

395 2454 597 2500 episcopatus
618 2452 760 2487 adiacere
789 2452 833 2485 rel
865 2451 1022 2497 pertinere
1038 2450 1146 2496 digno·

396 2511 537 2537 scuntur.
566 2502 600 2536 Iu
629 2502 739 2548 primis
773 2501 916 2535 videlicet
944 2512 1078 2534 massam
1116 2499 1145 2533 in

397 2552 567 2597 integrum,
589 2563 668 2598 quae
691 2551 867 2597 appellatur
899 2548 1052 2583 Caesarea
1075 2560 1147 2582 cunt

397 2601 503 2635 fundis
518 2608 549 2634 et
572 2600 694 2635 colonis
716 2601 794 2638 suis,
818 2599 871 2645 qui
898 2597 1149 2632 dicuntuanr—

398 2650 486 2684 culae
499 2649 676 2684 Tandiliani
698 2648 884 2683 Mai-tiniam.
902 2648 976 2681 ltem
992 2647 1148 2681 coloniam

400 2698 438 2733 de
460 2698 580 2744 Salaro,
608 2706 638 2733 ct
660 2699 697 2733 de
720 2698 860 2739 Cornua,
882 2705 912 2732 et
939 2697 978 2732 dc
993 2696 1148 2741 Gradutfi,

1180 426 1310 467 Sancto,
1339 435 1370 461 et
1392 427 1549 462 coloniam
1576 427 1615 462 de
1637 428 1810 472 Coriliauo,
1838 438 1868 463 et
1895 430 1934 464 de

1179 476 1296 519 Lauro,
1319 477 1477 522 simulque
1511 477 1666 511 coloniam
1696 477 1734 511 (le
1760 477 1936 522 Casanova,

1180 526 1337 560 coloniam
1356 527 1394 559 de
1415 525 1571 563 Tribuno‚
1602 535 1631 561 et
1653 526 1692 560 de
1708 526 1936 573 lllasopane,et

1180 574 1336 609 coloniam
1361 575 1399 609 de
1426 574 1581 610 Castanea
1611 587 1703 622 cupa,
1738 584 1768 610 et
1795 575 1833 610 de
1855 575 1936 610 Cal—

1180 624 1280 668 vellis,
1303 624 1458 658 coloniam
1487 625 1525 659 de
1555 624 1710 666 Caesario,
1733 625 1799 660 sive
1820 625 1936 672 quibus

1179 674 1249 707 aliis
1272 673 1431 708 vocabulis
1460 683 1697 721 nuncupantur,
1732 686 1805 708 cum
1828 675 1936 708 omni-

1181 722 1238 757 bus
1261 723 1326 757 suis
1348 723 1459 764 vineis,
1482 723 1638 758 casalibus
1671 731 1701 758 et
1723 723 1933 770 appendiciis:

1180 780 1209 806 et
1225 785 1297 807 cum
1312 772 1461 807 ominbus
1484 773 1611 813 linibus,
1633 781 1664 807 et
1685 773 1841 816 terminis,
1856 773 1936 807 limi-

1180 821 1280 859 tibus,
1299 822 1420 856 seilicet
1448 822 1550 862 terris,
1579 822 1709 869 campis,
1737 823 1845 869 pratis,
1881 834 1938 869 pa-

1179 872 1276 909 scuis,
1304 871 1412 917 sylvis,
1435 872 1562 910 salictis,
1576 871 1741 906 arboribus
1761 871 1933 917 pomiferis,

1180 920 1347 955 fructiferis
1378 928 1409 955 et
1432 920 1646 964 infructiferis,
1665 921 1777 955 diversi
1798 921 1936 967 generis,

1181 971 1294 1016 puteis,
1313 970 1465 1011 fontibus,
1490 970 1573 1011 rivis,
1601 971 1691 1017 aquis
1729 970 1934 1016 perennibus,

1180 1019 1333 1054 aediliciis
1369 1019 1548 1066 parietinis,
1590 1019 1741 1054 arenariis
1774 1019 1937 1054 adiunctis

1179 1069 1461 1115 adiacentil)us‹pte
1484 1070 1563 1103 suis:
1584 1078 1613 1104 et
1636 1069 1802 1104 ecclesiam
1824 1069 1934 1104 Sancti

1179 1118 1326 1153 Andreae
1352 1119 1485 1165 apostoli
1510 1119 1588 1153 iufra
1613 1119 1712 1166 ipsam
1732 1130 1867 1152 massam
1882 1130 1937 1153 ae-

1180 1167 1350 1210 ditieatam,
1379 1181 1440 1202 una
1463 1181 1534 1202 eum
1555 1168 1687 1211 colonis,
1703 1175 1797 1214 atque
1821 1180 1938 1202 massa-

1182 1217 1272 1257 ritiis,
1296 1217 1478 1261 tributariis,
1498 1226 1527 1251 et
1547 1217 1758 1261 angarialibus
1776 1217 1936 1262 masculis,

1180 1275 1210 1301 et
1234 1266 1391 1311 foeminis,
1421 1267 1490 1301 liliis
1519 1277 1547 1301 et
1572 1267 1705 1306 tiliabus,
1732 1278 1769 1301 ac
1804 1267 1938 1313 nepoti-

1182 1316 1241 1350 bus
1261 1316 1376 1350 ibidem
1400 1316 1624 1361 residentibus,
1647 1324 1700 1351 aut
1726 1315 1845 1351 exinde
1861 1328 1940 1363 pro-

1182 1366 1386 1400 venientibus
1427 1366 1610 1414 ubicuuque
1651 1365 1770 1400 inventi
1807 1365 1938 1409 fuerint,

1181 1423 1211 1449 et
1234 1428 1306 1449 eum
1330 1415 1415 1449 omni
1444 1428 1542 1451 censu
1577 1424 1607 1450 ct
1635 1414 1816 1450 dationibus
1842 1423 1938 1462 atque

1182 1464 1412 1505 functionibus,
1436 1478 1494 1500 nec
1517 1478 1578 1500 non
1608 1473 1637 1499 et
1659 1464 1807 1509 augariis,
1841 1464 1937 1511 perti-

1183 1514 1341 1556 nentibus,
1360 1515 1506 1561 positisin
1525 1515 1680 1549 territorio
1696 1514 1855 1560 Nepesino
1871 1513 1940 1548 mil-

1183 1563 1294 1597 liarum
1319 1564 1358 1597 ab
1382 1564 1458 1598 urbe
1480 1564 1602 1598 Romae
1624 1563 1734 1609 viginti
1751 1576 1788 1597 ex
1802 1575 1937 1610 corpore

1184 1613 1361 1658 patrimonii
1385 1613 1519 1647 Tusciae
1553 1613 1630 1647 iuris
1657 1613 1690 1647 S.
1715 1620 1839 1647 nostrae
1866 1612 1938 1647 Ro-

1183 1674 1306 1702 manae,
1338 1663 1387 1696 cui
1424 1663 1503 1705 tDeo
1536 1666 1677 1706 auctore)
1718 1661 1936 1708 praesidemus

1184 1711 1356 1751 Ecclesiae,
1384 1720 1414 1746 et
1442 1711 1522 1747 inter
1544 1711 1654 1746 aflines
1684 1711 1723 1745 ab
1752 1723 1813 1745 uno
1841 1711 1936 1745 latere

1183 1768 1263 1794 terra
1288 1761 1468 1795 monasterii
1500 1762 1533 1796 S.
1567 1761 1719 1807 Stephani
1754 1760 1886 1794 minoris
1920 1772 1936 1794 a

1185 1809 1301 1844 Sancto
1319 1810 1422 1853 Petro,
1445 1819 1475 1845 et
1507 1811 1649 1845 secundo
1677 1811 1772 1844 latere
1798 1809 1881 1857 sylva
1907 1816 1938 1844 et

1185 1868 1275 1903 terra,
1294 1872 1374 1906 quae
1396 1860 1457 1894 sint
1479 1863 1525 1904 tl)
1559 1860 1598 1894 de
1628 1859 1744 1894 loanne
1767 1857 1937 1893 Gramma-

1184 1908 1257 1949 tico,
1281 1917 1310 1943 et
1332 1921 1347 1943 a
1382 1910 1472 1943 tertio
1496 1910 1591 1944 latere
1620 1908 1778 1956 pastoritia
1801 1908 1935 1948 Doniea,

1184 1966 1213 1991 et
1235 1970 1251 1992 a
1267 1966 1377 2005 ‹ptarto
1399 1959 1493 1993 latere
1517 1971 1617 1993 massa
1641 1958 1826 1993 Claudiana.
1841 1957 1939 1992 Item-

1184 2020 1245 2053 que
1281 2008 1486 2042 concedimus
1527 2016 1557 2042 et
1586 2007 1812 2043 confirmamus
1850 2007 1939 2041 vobis

1185 2056 1318 2091 fundum
1343 2057 1372 2091 in
1398 2057 1567 2103 integrum,
1590 2057 1643 2104 qui
1668 2065 1795 2091 vocatur
1815 2056 1938 2097 Buxes,

1186 2106 1215 2139 in
1251 2119 1314 2152 quo
1348 2106 1477 2141 basilica
1510 2107 1698 2141 Sanctarum
1734 2105 1881 2140 Rustiuae
1908 2113 1940 2140 et

1185 2155 1353 2189 Secundae
1380 2164 1557 2190 constructa
1575 2169 1643 2189 esse
1672 2155 1805 2195 ridetur,
1827 2163 1857 2189 et
1874 2155 1959 2189 fun·⁴
1989 2155 1993 2158 ’

1186 2205 1260 2238 dum
1289 2205 1319 2239 in
1345 2206 1501 2247 integrum
1525 2206 1576 2252 qui
1600 2213 1729 2239 vocatur
1750 2204 1939 2244 Artronum,

1187 2261 1217 2288 et
1239 2263 1376 2288 montem
1407 2254 1543 2294 lordani,
1566 2267 1638 2289 cunt
1668 2256 1759 2293 casis,
1782 2254 1880 2288 vineis
1910 2261 1940 2287 et

1188 2303 1289 2347 terris,
1317 2303 1421 2350 sylvis,
1450 2304 1570 2338 cultum
1606 2312 1636 2338 et
1672 2304 1845 2343 incultum,
1879 2314 1940 2337 una

1187 2364 1259 2386 cum
1282 2354 1379 2387 serris
1406 2362 1436 2386 et
1462 2353 1595 2393 aucillis,
1615 2361 1708 2399 atque
1732 2353 1852 2387 colonis
1880 2352 1941 2386 ibi-

1188 2401 1259 2435 dem
1284 2402 1494 2436 residentibus
1517 2402 1683 2449 utriusque
1718 2414 1812 2436 sexus
1836 2409 1866 2436 et
1890 2409 1944 2435 a'e-

1189 2451 1272 2491 tatis,
1295 2451 1341 2485 vel
1369 2464 1441 2486 cum
1469 2451 1617 2486 omnibus
1640 2463 1749 2485 eorum
1779 2451 1943 2497 pertinen-

1190 2500 1285 2541 tibus,
1313 2501 1372 2534 situ
1396 2510 1426 2534 et
1449 2501 1603 2536 territorio
1625 2500 1737 2548 Sylvae
1765 2499 1943 2544 Candfflae,

1190 2558 1219 2584 et
1242 2549 1324 2583 iuter
1350 2550 1460 2584 aslines
1487 2562 1502 2584 a
1539 2550 1641 2596 primo
1665 2551 1758 2584 latere
1787 2558 1865 2584 terra
1890 2561 1946 2583 su-

1191 2599 1327 2646 pradicta
1360 2611 1386 2633 s.
1422 2599 1593 2645 episcopii,
1628 2611 1644 2633 a
1677 2599 1818 2633 secundo
1846 2599 1946 2633 latere

1191 2649 1286 2689 rivus,
1309 2649 1362 2694 qui
1381 2658 1509 2682 vocatur
1531 2647 1669 2691 Galeria,
1691 2661 1708 2683 a
1738 2648 1828 2684 tertio
1851 2648 1946 2683 latere

1226 2709 1265 2745 (l)
1283 2709 1467 2737 Proh-abnuet:
1483 2713 1556 2736 sunt.

1966 290 2017 323 An.
2037 293 2068 322 C.
2083 286 2154 322 {026
