2237 3127
173 324 221 350 Mi.
245 336 252 350 t

172 1673 254 1704 ‚qunid
273 1675 293 1695 d,
311 1681 354 1695 nzn-

173 1710 269 1731 ηιιεῑοιῆο
288 1711 353 1739 quis-

170 1753 231 1775 quam
265 1746 354 1768 subtra-

171 1786 214 1807 luit,

204 1970 346 1992 interdicitur

173 2014 301 2035 Llllssslsslxuc
319 2014 357 2027 CF*

173 2043 288 2064 clesiustici
325 2042 357 2063 γε]

172 2079 222 2099 luiri

274 2078 358 2099 ordinis

270 2114 312 2143 aliq
317 2122 350 2135 ιιιιι
351 2114 356 2134 1

174 2151 214 2172 sibi
234 2158 297 2179 »snpra
316 2159 359 2172 mo-

173 2188 291 2208 nasterinm
315 2187 357 2208 bu-

190 2223 267 2243 itmodi
292 2231 314 2243 ns

175 2267 186 2287 p
195 2267 234 2280 ,ctu

424 323 494 355 ‘Mt

195 396 205 441 γ’,
239 394 250 405 ³
297 394 336 439 Ἥ
375 400 465 434 quun
490 397 535 427 ea,
558 395 636 431 quae
661 382 698 417 ab
717 393 753 417 co
775 388 849 416 sunt
876 380 1064 424 condonata,
1081 379 1119 413 de

376 448 439 470 iure
462 434 600 469 eiusdem
635 431 813 466 monasterii
842 442 881 465 ne
914 429 1119 476 imposterum

373 484 602 521 abstrahantur,
625 482 678 516 scd
702 481 739 515 ad
763 478 1022 515 sustentationem
1050 489 1118 512 con-

373 532 564 580 gregationis
592 531 757 578 proficiant
790 528 907 564 ibidem
929 539 1120 563 conversan-

375 585 450 616 tium
478 593 637 616 servornm
661 580 729 619 Dei,
757 586 787 613 ct
805 590 860 625 per
881 588 935 612 eos
957 576 1055 624 possit
1069 577 1120 610 in-

373 632 546 677 digentium
571 643 604 664 ac.
629 629 868 676 peregrinorum
890 625 1055 674 hospitalis
1069 638 1120 660 su-

374 682 492 727 sceptio
529 679 710 724 diligentins
743 676 922 724 procurari:
957 688 1012 723 per
1038 686 1119 722 quae

374 730 495 777 pietatis
517 728 616 762 ellit-ia
639 727 821 761 donantium
835 725 971 766 animae,
986 724 1026 759 de
1036 736 1119 771 qno-

372 792 441 814 rum
478 790 607 813 munere
634 776 846 816 celebrantur,
877 782 1036 809 aeternam
1070 786 1120 808 re-

372 829 491 875 quiem,
514 836 541 862 et
578 827 788 873 receptionem
812 825 843 859 in
875 823 1003 859 sedibus
1024 823 1121 858 beatis

372 878 542 912 inveniant.
584 874 776 922 Expetitioni
814 874 917 921 itaque
954 872 1119 919 gloriosae,

372 936 467 974 atque
490 926 653 972 religiosae
681 923 857 959 dovotionis
883 923 963 963 eius,
997 933 1033 956 ac
1054 934 1120 968 po-

373 976 531 1011 stulationi
568 982 685 1009 vestrae
726 973 937 1007 concedentes
971 971 1119 1006 effectum

373 1039 408 1060 ex
453 1024 635 1060 auctoritate
671 1023 749 1057 beati
785 1022 870 1056 Petri
908 1020 1120 1068 apostolorum

374 1075 538 1122 principis,
570 1073 619 1108 cui
654 1077 757 1106 claves
796 1071 884 1117 regni
916 1070 1077 1105 coelorum
1105 1082 1119 1103 a

375 1124 538 1161 Creatore,
566 1135 601 1157 ac
628 1120 842 1167 Redemptore
864 1127 970 1154 nostro
985 1118 1122 1154 Domino

373 1174 445 1208 lesu
467 1172 594 1207 Christo
617 1171 674 1205 Dei
699 1170 761 1204 filio
790 1180 960 1204 concessae
981 1174 1066 1212 sunt,
1090 1174 1123 1201 ut

372 1223 482 1269 ligaret
510 1222 539 1255 in
569 1220 658 1255 terris
695 1231 775 1265 quae
807 1218 838 1252 in
873 1217 965 1252 coelo·
997 1215 1121 1263 liganda

372 1280 458 1313 sunt,
481 1279 511 1306 et
534 1271 564 1304 in
592 1270 682 1305 terris
704 1268 849 1312 solveret,
871 1278 952 1313 quae
982 1266 1014 1300 in
1035 1266 1123 1300 coelo

374 1321 522 1356 solvenda
550 1328 636 1359 suut,
672 1326 830 1365 tamquam
859 1318 957 1351 vicem
985 1315 1064 1359 eius,
1093 1323 1124 1349 et

375 1370 479 1405 locum
502 1369 681 1415 dignatione
705 1366 952 1414 omnipotentiae
974 1365 1042 1400 eius
1065 1365 1123 1398 im-

376 1420 499 1467 plentes
527 1418 705 1461 statuimus,
739 1425 831 1463 atque
853 1414 1066 1454 decernimus,
1092 1421 1125 1448 ut

376 1481 520 1515 quaeque
543 1469 572 1502 in
595 1467 704 1502 eodem
729 1465 917 1500 monasterio
940 1476 1038 1510 usque
1054 1464 1125 1497 hac-

378 1527 470 1553 tenus
502 1517 675 1564 conquisita
702 1522 787 1558 sunt,
823 1513 1021 1562 postmodum
1048 1525 1126 1547 con-

379 1568 542 1614 quirentur
563 1567 626 1600 sive
658 1564 831 1607 domicilia,
858 1576 912 1598 seu
936 1563 1019 1603 loca,
1045 1562 1126 1596 colo-

380 1629 449 1654 nos,
468 1625 498 1651 et
521 1616 685 1661 mancipia,
709 1614 753 1647 vel
777 1624 918 1660 quaeque
945 1611 1126 1655 animantia,

380 1666 426 1701 vel
451 1665 577 1701 mobilia
606 1664 711 1698 nullus
733 1662 770 1697 de
803 1662 914 1697 eodem
937 1660 1127 1696 monasterio

381 1722 560 1763 praesumat
586 1725 752 1760 usurpare,
781 1711 826 1746 vel
853 1710 1053 1754 subtrahere,
1078 1709 1126 1744 vel

381 1776 436 1811 per
457 1764 685 1809 cuiuscumque
698 1760 814 1808 ingenii
826 1759 1127 1795 circumventionem

381 1814 533 1854 alienare,
556 1812 653 1857 magis
674 1819 777 1845 autem
797 1822 853 1857 pro
875 1809 986 1844 timore
1001 1808 1058 1843 Dei
1073 1820 1128 1843 eo-

382 1875 450 1897 rum
473 1862 587 1902 studio,
625 1870 718 1908 atque
744 1871 915 1904 concursu,
950 1866 984 1893 ut
1010 1857 1126 1892 ibidem

382 1912 571 1946 indiminuta
595 1916 797 1958 permaneant
823 1919 1003 1955 procurare.
1026 1907 1129 1942 Inter-

382 1962 522 1996 dicentes
544 1960 702 1999 omnibus,
724 1959 788 1993 sive
811 1957 950 2005 episcopi
976 1957 1050 2001 sint,
1073 1968 1126 1991 seu

384 2011 578 2058 presbyteri,
613 2010 658 2043 vel
698 2007 845 2046 diaconi,
875 2009 921 2041 vel
960 2006 1129 2041 cuiuslibet

383 2060 585 2095 ecclesiastici
616 2058 747 2096 ordinis,
776 2069 832 2092 seu
854 2056 923 2090 laici
947 2056 1131 2090 cuiuscum—

384 2122 444 2156 que
478 2110 539 2143 sint
571 2108 754 2155 dignitatiS,
788 2114 882 2153 atque
909 2105 1049 2148 militiae,
1084 2105 1128 2139 vel

386 2159 509 2204 privati,
535 2166 568 2193 ut
607 2157 711 2191 nullus
737 2156 797 2191 sihi
821 2157 870 2190 ius
907 2154 1049 2201 aliquod,
1084 2153 1129 2188 vel

317 2231 357 2244 „r-
385 2208 596 2254 susceptionis
618 2219 708 2241 usum
738 2206 769 2239 in
794 2218 831 2239 co
863 2211 1041 2252 praesumat
1074 2203 1132 2238 tle-

386 2257 525 2296 sendere,
560 2268 660 2302 neque
696 2255 842 2298 dationis,
876 2262 928 2288 aut
963 2264 1130 2287 munerum

387 2305 648 2340 consuetudinem
682 2304 852 2351 quamlibet
879 2302 996 2337 ibidem
1028 2303 1132 2349 impo-

388 2367 474 2395 nere,
498 2355 545 2390 vel
572 2355 705 2400 exigere,
733 2365 835 2399 neque
861 2352 1008 2399 angariis,
1024 2360 1055 2386 et
1068 2351 1134 2398 qui-

390 2405 585 2451 buscumque
613 2402 846 2438 conditionibus
880 2401 970 2436 novis
995 2401 1131 2435 submit-

390 2462 466 2493 tere,
489 2455 636 2492 scientes,
663 2451 746 2499 quod
777 2451 807 2485 in
835 2450 975 2485 districto
996 2449 1053 2484 Dei
1082 2450 1133 2484 iu-

391 2503 473 2537 dicio
495 2503 587 2537 etiam
610 2510 752 2537 aeternae
773 2512 807 2535 se
825 2511 944 2546 poenae
959 2499 1031 2534 talia
1051 2511 1135 2546 prae-

392 2552 546 2586 sumendo
560 2551 755 2590 submittant,
781 2549 924 2597 quisquis
944 2548 1033 2589 haec,
1055 2560 1134 2595 quae

393 2602 576 2635 auctoritate
588 2600 738 2647 principis
758 2598 970 2646 apostolorum
992 2605 1135 2632 statuun-

395 2659 638 2696 tur71amquam
675 2658 778 2683 extors
816 2661 832 2682 a
871 2647 931 2682 fide
966 2647 1135 2682 christiana

392 2700 631 2746 contempserit:
655 2707 870 2746 praeterquam
898 2698 923 2731 si
950 2696 1134 2743 religiositas

971 324 1157 348 mmmmm!
1184 324 1347 347 ROMANUM

1161 386 1225 423 tua,
1248 378 1294 412 vel
1321 377 1374 424 qui
1403 383 1472 424 post
1504 383 1535 410 te
1566 374 1753 422 tepefactum
1778 387 1907 410 venera-

1161 427 1222 462 bile
1244 426 1467 462 monasterium
1489 425 1714 472 dispensaverit
1735 432 1906 471 spontanea

1161 476 1335 512 voluntate:
1362 476 1550 521 intempore
1571 473 1778 508 dedicationis
1803 473 1906 508 cccle-

1160 526 1223 561 siae
1245 526 1381 560 vicinum
1397 525 1594 571 episcopum,
1610 522 1655 557 vel
1674 534 1906 569 quemcumque

1161 575 1199 610 de
1220 575 1304 610 clero
1321 574 1361 609 ad
1388 572 1548 609 charitatis
1574 572 1751 607 convivium
1775 571 1905 607 voluerit

1161 636 1345 664 convocare,
1373 624 1456 657 iuxta
1477 621 1561 669 quod
1589 621 1815 657 monasterialis
1838 633 1906 655 me-

1161 673 1308 709 diocritas
1325 672 1430 715 habet,
1457 679 1487 706 et
1508 671 1609 705 victus
1624 671 1814 705 monasticus
1835 682 1908 705 cou-

1161 723 1278 767 suevit,
1311 723 1340 756 in
1374 721 1495 756 abbatis
1525 720 1675 755 invitandi
1703 732 1797 767 quem
1835 720 1908 754 velit

1161 773 1220 808 erit
1240 772 1377 807 arbitrio.
1405 770 1438 805 Si
1458 782 1530 805 vero
1551 782 1677 817 quoque
1701 778 1840 816 tempore
1859 780 1907 804 re-

1163 822 1309 868 ligiosum
1343 819 1486 855 abbatem
1513 819 1552 853 de
1590 818 1649 854 hac
1679 819 1737 854 vita
1772 818 1908 864 migrare

1162 870 1337 918 contigerit,
1359 881 1453 916 quem
1489 868 1605 903 ibidem
1641 869 1738 915 posita
1772 880 1908 914 congre-

1162 921 1244 967 gatio
1271 920 1309 954 de
1335 931 1368 953 se
1395 918 1472 965 ipsis
1494 917 1540 952 vel
1564 917 1616 952 ubi
1643 918 1804 953 meliorem
1826 917 1908 952 inve-

1164 970 1264 1004 nerint
1289 969 1452 1014 eligentes,
1468 967 1505 1002 ad
1529 967 1663 1002 dandam
1683 968 1709 1002 ei
1733 967 1905 1002 orationem

1164 1026 1287 1065 rogatus
1307 1025 1399 1065 atque
1414 1024 1540 1052 vocatus
1557 1016 1699 1052 adveniat
1722 1015 1908 1052 reverentis-

1163 1069 1260 1103 simus
1281 1068 1459 1115 episcopus,
1482 1078 1619 1113 eumque
1650 1066 1725 1101 dum
1762 1065 1820 1112 ipsi
1849 1077 1906 1099 vo-

1164 1118 1277 1152 luerint
1314 1117 1528 1160 exhortentur,
1559 1123 1590 1150 et
1626 1123 1694 1163 post
1725 1114 1906 1150 huiusmodi

1163 1167 1334 1201 orationem
1362 1165 1544 1200 auctoritate
1573 1165 1724 1212 principis
1752 1163 1908 1211 apostolo-

1165 1228 1233 1249 rum
1259 1227 1275 1249 a
1304 1214 1461 1261 pontifice,
1482 1215 1535 1261 qui
1560 1226 1617 1260 pro
1638 1222 1780 1261 tempore
1802 1213 1906 1254 fuerit,

1164 1264 1283 1299 abbatis
1304 1263 1480 1298 firmitatem
1508 1263 1583 1297 hinc
1606 1263 1772 1309 precipiat:
1788 1262 1814 1297 si
1832 1273 1907 1297 vero

1167 1313 1378 1361 presbyterum
1401 1313 1448 1347 vel
1479 1312 1647 1347 diaconum
1669 1312 1727 1346 sibi
1753 1310 1910 1347 desiderat

1165 1363 1274 1398 eadem
1312 1362 1456 1408 religiosa
1496 1361 1696 1408 congregatio
1720 1360 1908 1401 consecrari,

1165 1413 1328 1458 eligentes,
1355 1423 1449 1459 quem
1476 1410 1514 1445 ad
1542 1410 1602 1445 hoc
1630 1417 1736 1458 aptum
1772 1410 1810 1446 de
1832 1409 1910 1457 ipsis

1167 1461 1213 1496 vel
1240 1461 1353 1496 exteris
1378 1460 1564 1497 invenerint,
1586 1461 1638 1507 qui
1663 1460 1754 1507 primi
1782 1458 1909 1494 suntad

1167 1510 1454 1546 reverentissimum
1476 1509 1672 1556 episcopum,
1699 1509 1752 1557 qui
1787 1508 1909 1544 vicinus

1166 1567 1225 1601 est,
1254 1559 1394 1594 unanimi
1431 1566 1501 1593 voto
1538 1558 1721 1605 perducant,
1757 1565 1838 1593 utet
1864 1557 1908 1592 illi

1168 1609 1324 1656 requisitis
1361 1607 1546 1654 regulariter
1578 1620 1720 1655 quaeque
1747 1608 1784 1642 ad
1812 1607 1910 1642 disci-

1168 1658 1285 1705 plinam
1308 1669 1468 1692 sacrorum
1490 1669 1647 1692 canonum
1662 1665 1691 1692 et
1718 1656 1911 1692 ecclesiasti-

1168 1720 1236 1742 cam
1271 1706 1469 1742 traditionem
1502 1707 1531 1741 iu
1568 1706 1748 1754 presbytero
1771 1706 1817 1741 vel
1844 1705 1911 1740 dia-

1168 1769 1248 1792 cono
1271 1756 1413 1791 faciendo
1444 1756 1629 1803 respiciunt,
1661 1756 1686 1790 si
1714 1755 1913 1802 irreprehen-

1169 1806 1291 1841 sibilem
1313 1812 1343 1840 et
1363 1812 1471 1853 aptum
1495 1805 1681 1849 invenerint,
1704 1805 1763 1840 hac
1774 1804 1912 1839 auctori-

1170 1863 1243 1897 tate,
1265 1855 1408 1889 invocato
1428 1851 1485 1889 Dei
1509 1854 1648 1895 nomine,
1659 1854 1834 1889 solemnem
1847 1865 1913 1888 ora-

1169 1905 1285 1940 tionem
1321 1903 1438 1939 faciens
1482 1904 1698 1951 presbyterum
1737 1910 1911 1939 consecret.

1170 1954 1294 1989 Nullam
1322 1962 1424 1988 tamen
1447 1966 1484 1988 ex
1507 1953 1566 1988 hoe
1588 1953 1618 1987 in
1641 1964 1678 1988 eo
1704 1965 1738 1988 se
1759 1952 1913 1987 ditionem

1171 2003 1285 2038 habere
1307 2011 1487 2049 cognoscat,
1503 2015 1605 2050 neque
1626 2002 1782 2037 licentiam
1801 2001 1915 2036 lrabeat

1170 2053 1208 2087 ad
1225 2052 1474 2087 observationem
1500 2052 1644 2099 publicae
1665 2052 1819 2086 ecclesiae
1838 2062 1914 2086 suae

1171 2115 1242 2137 eum
1264 2101 1453 2148 compellere
1483 2109 1514 2136 et
1540 2101 1578 2135 de
1611 2100 1793 2135 monasterii
1820 2112 1914 2135 man-

1172 2151 1260 2186 sione
1287 2150 1482 2185 subtrahere.
1519 2149 1639 2185 Idcirco
1673 2158 1773 2185 vestra
1808 2149 1916 2196 religio

1173 2201 1253 2236 lianc
1273 2199 1435 2247 apostolici
1452 2199 1604 2246 privilegii
1631 2199 1794 2234 tuitionem
1815 2198 1916 2245 adep-

1173 2259 1235 2285 tam
1248 2249 1445 2284 l'ructuosum
1459 2256 1552 2295 atque
1567 2248 1720 2283 laudabile
1730 2259 1916 2283 concessum

1174 2298 1360 2334 beneficium
1396 2298 1607 2339 demonstret,
1640 2306 1711 2333 ante
1745 2298 1852 2333 omnia
1886 2297 1916 2331 in

1175 2348 1302 2395 psalmis
1323 2355 1354 2383 et
1374 2347 1499 2394 hymnis
1533 2356 1564 2383 et
1590 2346 1719 2382 canticis
1745 2346 1919 2394 spirituali-

1175 2398 1233 2433 bus
1255 2397 1367 2432 diebus
1387 2409 1424 2431 ac
1443 2397 1589 2432 noctibus
1601 2396 1919 2444 permanentes'iuxta

1175 2447 1377 2482 monasticam
1399 2446 1599 2494 disciplinam
1621 2455 1651 2482 et
1666 2446 1803 2492 regulam
1818 2457 1835 2479 a
1858 2445 1920 2479 Pa·-

1175 2496 1276 2531 tribus
1295 2495 1451 2537 traditam,
1466 2503 1685 2531 conversantes
1706 2495 1830 2530 sincero
1842 2506 1918 2541 pro-

1176 2545 1277 2593 posito
1299 2545 1329 2579 in
1358 2545 1552 2592 professione
1570 2553 1669 2580 vestra
1697 2544 1832 2579 Domino
1849 2556 1918 2580 ser-

1176 2595 1307 2635 vientes,
1335 2602 1366 2629 et
1398 2594 1437 2629 de
1464 2594 1642 2629 monasterii
1673 2593 1772 2628 salute
1796 2600 1920 2640 portum

1178 2656 1239 2679 non
1262 2644 1486 2690 relinquentes,
1519 2643 1701 2678 charitatem
1730 2642 1862 2676 invicem
1889 2649 1920 2676 et

1179 2693 1412 2728 unanimitatem
1441 2703 1612 2728 servantes:
1639 2694 1743 2727 nullus
1765 2691 1822 2725 sibi
1843 2704 1922 2738 pro-

1937 308 1985 333 An.
2011 308 2039 332 c,
2070 306 2116 333 ῙΟΗ

1939 878 2025 900 Mortuo
2038 876 2123 906 abbate,

1938 913 2019 943 eligant
2044 920 2125 935 monu-

1939 950 1975 972 ehi
1992 949 2019 972 de
2045 948 2125 979 seipsis

1940 986 1974 1008 vel
1984 985 2070 1008 aliunde
2086 992 2126 1014 pru

1939 1020 2003 1044 libito
2035 1027 2127 1043 succes-

1940 1064 2012 1079 norem
2023 1056 2060 1086 qui
2072 1063 2127 1078 con-

1940 1094 2061 1117 firmabitur
2116 1102 2127 1115 a

1940 1132 2028 1153 Summo
2046 1131 2128 1153 Ponu-

1940 1166 1991 1190 fine.

1942 1311 1964 1332 Si
1984 1311 2130 1340 congregatio

1962 1345 2114 1376 presbyterum

1943 1383 1984 1405 sihi
1996 1382 2028 1404 vel
2047 1381 2129 1404 diaco-

1943 1426 1992 1441 num
2004 1425 2130 1440 consecrari

1943 1455 2026 1484 cupiat,
2043 1453 2070 1476 ab
2083 1455 2129 1485 opi-

1943 1500 2012 1523 flcopo
2029 1492 2130 1515 viciniori

1944 1530 2000 1550 iuxta
2052 1536 2130 1550 saeros

1943 1572 2039 1586 canones
2049 1571 2116 1586 conse
2124 1577 2129 1579 -

1945 1605 2026 1622 ‹ert-tur.

1946 1979 2031 2002 mittun»
2059 1985 2131 2001 tanuen

2092 2017 2129 2038 illu

1945 2051 1986 2072 silui
2033 2053 2131 2082 acquir-it

1946 2024 1978 2037 tus
2003 2024 2068 2045 SUPFI'

1945 2089 2071 2119 epscopus.

1945 2344 2067 2367 lton-tantur
2085 2352 2134 2366 nio>

1947 2382 2010 2404 naehi
2028 2381 2054 2404 ad
2080 2389 2133 2404 mo-

1948 2417 2053 2440 nasticam
2066 2416 2133 2439 ‹lisci-

1947 2453 2030 2483 plinam
2041 2460 2134 2475 conset-⁴

1948 2488 2041 2511 vundan:
2052 2497 2058 2519 5

1950 2631 1982 2652 Ad
2021 2630 2133 2653 unanimi--

1949 2670 2028 2695 tate-mg
