2237 3127
782 341 883 363 lNDEx
911 341 1125 364 RUBMCARUM

279 392 397 438 quibus
416 392 467 426 illa
488 403 542 438 per
564 392 746 427 huiusmodi
765 402 936 429 testamen·
986 431 996 440 ⁸

280 449 347 475 tum
383 441 608 475 monasterium
643 442 676 475 S.
710 442 814 484 sixti,
849 455 865 477 a
903 455 935 478 sc

278 490 460 525 Placentiae
488 498 705 524 constructum
722 519 729 531 ‚
761 491 934 527 redditibus

279 539 408 581 dotavit,
430 541 513 573 544.

297 588 501 633 privilegium
527 588 716 633 monasterio
744 588 933 624 Floriacensi

280 649 467 673 concessum
504 637 535 670 in
574 637 695 683 synodo
731 637 932 673 Tricassina:

279 699 342 734 quo
365 687 466 719 eidem
502 685 582 719 bona
606 687 711 720 omnia
741 687 876 733 propria.
900 701 935 722 ac

278 735 439 784 privilegia
462 746 478 768 a
494 733 607 768 Carolo
624 733 722 769 Calvo
746 736 934 781 imperatore

279 796 428 820 concessa
442 783 687 817 confirmantur:
705 785 934 831 monachisque

277 834 422 868 abbatem
445 832 484 866 de
506 833 627 876 gremio
659 835 841 868 monasterii
870 835 934 869 eli-

278 881 370 929 gendi
394 880 579 916 conceditur
601 880 743 921 facultas.
770 884 851 916 546.

280 932 457 979 Episcopos
479 937 508 963 et
524 938 663 964 caeteros
685 931 815 965 clericos
843 944 934 977 grae-

278 994 344 1020 (205,
385 980 437 1026 qni
467 978 633 1023 Bnlgariae
667 980 812 1024 regiones
841 982 934 1015 inva-

277 1031 400 1070 dentes,
428 1027 552 1061 illicitas
578 1028 619 1061 ibi
648 1029 862 1063 ordinationes
887 1030 933 1063 fc-

277 1086 411 1117 cerunt,
454 1078 745 1112 excommunicatos
781 1078 933 1121 declarat;

278 1128 465 1174 dignitatem
488 1126 579 1160 etiam
606 1126 784 1171 privandos.
803 1129 859 1162 nisi
885 1129 934 1163 in-

279 1187 324 1213 tra
353 1177 477 1221 triginta
507 1175 576 1209 dies
598 1188 634 1209 ex
658 1177 744 1210 omni
768 1177 932 1224 Bulgarica

279 1227 407 1272 regione
435 1224 639 1268 decesserint,
669 1228 748 1259 547.

294 1274 637 1317 Excoriii1iuiiicateOS‚
665 1276 716 1321 qni
741 1276 799 1309 sibi
824 1289 932 1323 equos.

279 1335 309 1360 et
331 1331 515 1370 argenteum
537 1336 588 1357 vas
612 1324 701 1358 furati
724 1324 858 1368 fuerant,
876 1327 932 1360 nisi

279 1376 358 1409 intra
387 1381 448 1407 trcs
470 1372 536 1406 dies
559 1373 734 1416 restituant,
758 1377 838 1407 548.

179 1425 281 1462 XVII.
310 1424 510 1467 Rostagnum
535 1423 748 1456 Arelatensem
778 1424 934 1470 archiepi-

279 1484 427 1519 scopum⁷
462 1470 597 1516 legatum
621 1471 712 1506 Sedis
733 1472 934 1517 Apostolicae

279 1523 415 1557 declarat
452 1519 481 1553 in
521 1519 641 1554 Galliae
679 1530 708 1555 et
746 1522 934 1557 Germaniae

278 1571 432 1619 partibus,
457 1571 538 1603 548.

177 1621 291 1659 XVIII.
315 1620 349 1654 In
373 1619 456 1652 idem
484 1627 718 1664 argumentum,
749 1622 829 1653 550.

178 1671 270 1708 XIX.
284 1668 490 1704 Confirmatio
510 1668 755 1713 privilegiorum.
775 1681 790 1703 a
804 1668 838 1703 S.
856 1669 936 1703 Hor-

278 1719 377 1753 misda
408 1716 469 1750 l'P.
495 1717 642 1763 Papiensi
673 1717 831 1753 Ecclesiae
856 1731 935 1753 con-

281 1778 455 1805 cessorum.
480 1768 561 1799 551.

178 1819 251 1856 XX.
275 1816 480 1860 privilegium
505 1815 665 1849 Ecclesiae
681 1815 870 1851 Pictaviensi
895 1830 933 1851 ne

279 1867 349 1914 quis
376 1866 445 1898 cius
468 1864 548 1898 bona
578 1864 722 1909 invadat,
745 1873 776 1899 et
797 1865 933 1913 diripiat,

280 1925 309 1950 et
338 1922 369 1949 ut
392 1913 492 1948 ablata
521 1914 734 1957 restituantur,
764 1916 844 1949 554.

178 1965 268 2004 XXI.
297 1965 529 2008 Praeceptum,
564 1975 603 1997 nc
637 1964 792 2010 quispiam
822 1977 935 1998 mona-

282 2014 376 2048 sterio
416 2012 522 2054 Sancti
570 2013 716 2057 Augentii
765 2014 933 2060 quicquam

281 2062 462 2098 detrimenti
486 2062 603 2100 all'erat,
632 2064 712 2095 554.

180 2114 283 2150 XXII.
323 2111 528 2147 Confirmatio
559 2119 589 2144 et
615 2111 774 2145 renovatio
810 2112 936 2157 privile—

281 2163 405 2208 giorum
431 2173 446 2194 a
466 2160 596 2194 Nicolao
616 2160 678 2194 PP.
702 2160 934 2195 {vizeliacensi

281 2210 472 2245 monasterio
493 2221 728 2249 concessorum.
753 2212 834 2244 555.

180 2260 301 2297 XXIII.
317 2259 507 2294 Monasterio
520 2257 784 2305 Caput-Trebiae,
804 2272 820 2293 a
834 2259 935 2294 Caro-

282 2311 432 2344 lomanno
465 2315 669 2351 constructo,
708 2309 933 2343 monasterium

280 2358 314 2393 S.
331 2358 412 2393 Sixti
436 2357 474 2391 ad
497 2357 710 2403 Angilbergae
730 2358 935 2403 imperatricis

283 2420 391 2455 preces
433 2418 449 2440 a
494 2406 610 2440 Ioanne
654 2407 718 2441 PP.
765 2407 936 2442 confirma-

284 2466 344 2500 tur,
373 2458 454 2490 556.

183 2507 300 2544 XXIV.
342 2505 532 2540 Hadericum
571 2505 713 2539 abbatem
755 2505 934 2539 monasterii

282 2556 332 2590 Ss.
361 2554 500 2589 Gervasii
524 2563 551 2588 et
576 2554 708 2588 protasii
732 2563 826 2601 atque
849 2554 932 2588 Sitn-

284 2605 410 2652 pliciani
452 2602 642 2645 Mediolani,
681 2613 709 2637 et
745 2603 935 2638 xenodochii

281 2655 332 2689 Ss.
375 2653 510 2687 Cnsmac
555 2661 585 2686 et
627 2652 769 2687 Damiani
817 2653 936 2687 Romae

283 2704 342 2739 sub
364 2702 460 2737 tutela
475 2702 567 2737 settis
586 2702 786 2749 Apostolicae
809 2702 934 2749 recipit:

180 589 266 624 XlV.

178 934 250 969 XV.

180 1278 265 1314 XVI.

1610 335 1674 368 711

1076 403 1105 429 et
1126 395 1381 429 excommunicat
1400 408 1521 437 omnes7
1537 398 1590 443 qui
1608 398 1663 436 illi,
1684 398 1732 433 vel

1078 444 1146 478 eins
1168 444 1318 479 Ecclesiis
1337 445 1511 480 molestiam
1530 447 1623 481 ullam
1646 447 1732 481 intu-

1077 493 1180 537 lerint,
1205 495 1285 527 557.

976 541 1077 576 XXV.
1101 543 1324 577 Mon-asterium
1355 543 1563 588 Cassfficnse,
1578 553 1607 579 et
1621 557 1733 580 mona-

1074 592 1203 625 sterium
1227 592 1360 626 Sanctae
1387 592 1599 628 Scltolasticae
1635 594 1732 628 libera

1073 640 1113 674 ab
1139 641 1223 674 omni
1262 641 1476 676 iurisdictione
1516 643 1731 677 declarantur:

1073 690 1330 736 confirmatis(‘1ue
1363 690 1453 725 bonis
1480 692 1646 735 omnibus7
1674 692 1732 726 soli

1075 738 1275 784 Apostolicae
1302 740 1376 774 Sedi
1401 740 1577 782 subiicitur,
1596 743 1679 775 558.

975 786 1090 821 XXVI.
1119 787 1326 822 Confirmatio
1350 789 1584 834 privilegiorum
1615 790 1730 826 Eccle-

1074 837 1137 871 siae
1159 837 1365 872 Turonensis.
1390 840 1471 872 559.

1156 939 1345 974 MARINUS
1374 940 1545 975 PRIMUS.

975 1031 997 1065 I.
1022 1031 1247 1066 Monasterium
1268 1032 1525 1067 Solemniacense
1548 1045 1619 1067 cum
1635 1033 1727 1068 bonis

1073 1093 1108 1116 ac
1131 1081 1224 1116 rebus
1239 1082 1387 1116 omnihus
1404 1082 1463 1116 sub
1482 1083 1614 1117 tuitione
1633 1082 1726 1117 Sedis

1073 1130 1274 1177 Apostolicae
1312 1132 1477 1178 recipitur:
1514 1132 1726 1166 confirmatis-

1073 1192 1133 1226 que
1148 1179 1342 1215 Francorum
1361 1193 1469 1227 regnm
1489 1181 1725 1225 donationibus,

1073 1241 1107 1263 ac
1137 1229 1263 1272 chartis,
1292 1230 1388 1264 multa
1422 1230 1479 1264 alia
1507 1230 1728 1264 conceduntur

1073 1278 1247 1324 privilegia,
1272 1281 1353 1313 560.

974 1326 1013 1360 ll.
1042 1326 1241 1373 privilegium
1270 1328 1462 1362 monasterio
1489 1328 1523 1362 S.
1547 1328 1730 1362 Savinionis

1074 1376 1103 1409 in
1127 1376 1263 1410 dioecesi
1288 1377 1463 1411 Laudensi:
1488 1378 1617 1423 eiusque
1636 1377 1730 1411 bouis

1073 1425 1277 1465 confirmatis.
1298 1426 1344 1463 ius
1363 1426 1465 1460 aliliati
1488 1426 1673 1460 conceditur
1691 1425 1730 1460 ad

1072 1473 1187 1507 Sedent
1206 1474 1418 1520 Apostolicanl
1435 1475 1625 1522 appellandi,
1646 1476 1730 1508 561.

1114 1576 1363 1611 HADRIANUS
1395 1577 1589 1612 TERTlUS.

975 1669 998 1704 l.
1021 1669 1227 1704 Confirmatio
1263 1670 1416 1705 bonorum
1446 1671 1585 1705 omniun]
1615 1679 1645 1705 et
1668 1672 1732 1717 pri-

1075 1719 1257 1764 vilegiorum
1286 1732 1301 1753 a
1329 1719 1472 1754 Summis
1500 1720 1731 1763 Pontificibus,

1074 1768 1341 1815 imperatoribus,
1373 1778 1402 1803 et
1437 1770 1625 1815 Angillierga
1664 1771 1732 1803 An-

1073 1826 1161 1863 gusta
1196 1818 1387 1852 monasterio
1413 1818 1446 1852 S.
1482 1820 1561 1853 Sixti
1593 1819 1725 1853 Placen--

1074 1868 1134 1902 tiae
1156 1879 1392 1909 concessorum,
1421 1869 1503 1902 565.

1197 1968 1449 2004 STEPHANUS
1471 1969 1508 2004 V.

976 2063 998 2097 I.
1034 2063 1249 2109 Privilegium,
1277 2076 1340 2110 quo
1374 2064 1557 2098 Placentina
1586 2063 1728 2098 Ecclesia

1073 2112 1132 2146 sul)
1167 2113 1297 2147 tuitione
1329 2113 1362 2147 S.
1402 2113 1494 2147 Sedis
1531 2113 1730 2159 Apostolicae

1076 2162 1240 2208 recipitur:
1258 2163 1389 2207 eiusque
1413 2162 1491 2196 bona
1510 2162 1627 2206 omma,
1651 2162 1729 2200 iura,

1074 2211 1235 2257 privilegia
1264 2212 1433 2258 pontificia,
1466 2211 1654 2258 imperialia,
1682 2211 1729 2245 vel

1075 2261 1157 2307 regia
1181 2260 1418 2299 confirmantur,
1443 2262 1525 2294 5ss5.

1198 2361 1428 2397 FORMOSUS
1454 2362 1508 2396 ΙΙΙ.

976 2455 998 2489 Ι.
1033 2455 1238 2501 privilegium
1278 2456 1468 2489 monasterio
1507 2455 1541 2489 S.
1581 2455 1728 2489 Teuderii

1074 2504 1229 2539 Viennen.
1250 2517 1452 2543 concessum.
1475 2516 1537 2550 quo
1560 2504 1730 2538 confirma-

1077 2554 1115 2588 tis
1141 2554 1209 2588 eins
1235 2554 1324 2588 bonis
1358 2554 1523 2596 omnibus,
1558 2553 1672 2597 abbas⁷
1699 2561 1729 2587 et

1075 2603 1221 2637 monachi
1258 2615 1328 2637 rum
1368 2602 1566 2648 pertinentiis
1595 2602 1730 2647 singulis

1075 2652 1133 2686 sul)
1178 2653 1368 2699 protectione
1402 2651 1496 2686 Sedis
1529 2652 1730 2699 Apostolicae

1075 2703 1280 2748 recipiuntur.
1305 2703 1386 2735 567.
