<?xml version="1.0" encoding="UTF-8"?>
<!DOCTYPE html PUBLIC "-//W3C//DTD XHTML 1.0 Transitional//EN"
    "http://www.w3.org/TR/xhtml1/DTD/xhtml1-transitional.dtd">
<html xmlns="http://www.w3.org/1999/xhtml" xml:lang="en" lang="en">
 <head>
  <title>
</title>
<meta http-equiv="Content-Type" content="text/html;charset=utf-8" />
  <meta name='ocr-system' content='tesseract 3.04.00' />
  <meta name='ocr-capabilities' content='ocr_page ocr_carea ocr_par ocr_line ocrx_word'/>
</head>
<body>
  <div class='ocr_page' id='page_1' title='image "./bullarumdiplomat01cath_0195.png"; bbox 0 0 2237 3127; ppageno 0'>
   <div class='ocr_carea' id='block_1_1' title="bbox 90 306 270 334">
    <p class='ocr_par' dir='ltr' id='par_1_1' title="bbox 90 306 270 334">
     <span class='ocr_line' id='line_1_1' title="bbox 90 306 270 334; baseline -0.011 0"><span class='ocrx_word' id='word_1_1' title='bbox 90 307 141 334; x_wconf 76' lang='lat' dir='ltr'>An.</span> <span class='ocrx_word' id='word_1_2' title='bbox 163 306 191 333; x_wconf 92' lang='lat' dir='ltr'>C.</span> <span class='ocrx_word' id='word_1_3' title='bbox 219 306 270 334; x_wconf 79' lang='lat'><strong>(307</strong></span> 
     </span>
    </p>
   </div>
   <div class='ocr_carea' id='block_1_2' title="bbox 82 1114 265 1143">
    <p class='ocr_par' dir='ltr' id='par_1_2' title="bbox 82 1114 265 1143">
     <span class='ocr_line' id='line_1_2' title="bbox 82 1114 265 1143; baseline 0 0"><span class='ocrx_word' id='word_1_4' title='bbox 82 1116 134 1143; x_wconf 77' lang='lat' dir='ltr'>An.</span> <span class='ocrx_word' id='word_1_5' title='bbox 159 1114 186 1142; x_wconf 87' lang='lat' dir='ltr'>C.</span> <span class='ocrx_word' id='word_1_6' title='bbox 214 1115 265 1143; x_wconf 67' lang='lat'>608</span> 
     </span>
    </p>
   </div>
   <div class='ocr_carea' id='block_1_3' title="bbox 79 2004 263 2032">
    <p class='ocr_par' dir='ltr' id='par_1_3' title="bbox 79 2004 263 2032">
     <span class='ocr_line' id='line_1_3' title="bbox 79 2004 263 2032; baseline -0.005 0"><span class='ocrx_word' id='word_1_7' title='bbox 79 2005 122 2032; x_wconf 78' lang='lat' dir='ltr'>An</span> <span class='ocrx_word' id='word_1_8' title='bbox 155 2004 183 2031; x_wconf 91' lang='lat' dir='ltr'>C.</span> <span class='ocrx_word' id='word_1_9' title='bbox 211 2004 263 2031; x_wconf 65' lang='lat'>5123</span> 
     </span>
    </p>
   </div>
   <div class='ocr_carea' id='block_1_4' title="bbox 512 310 1630 343">
    <p class='ocr_par' dir='ltr' id='par_1_4' title="bbox 512 310 1630 343">
     <span class='ocr_line' id='line_1_4' title="bbox 512 310 1630 343; baseline -0.005 -4"><span class='ocrx_word' id='word_1_10' title='bbox 512 316 704 340; x_wconf 57' lang='lat' dir='ltr'>nexu-“aclcs</span> <span class='ocrx_word' id='word_1_11' title='bbox 730 315 775 340; x_wconf 72' lang='lat' dir='ltr'>lv.</span> <span class='ocrx_word' id='word_1_12' title='bbox 804 316 829 338; x_wconf 91' lang='lat' dir='ltr'>S.</span> <span class='ocrx_word' id='word_1_13' title='bbox 859 312 1052 337; x_wconf 75' lang='lat' dir='ltr'>DEcsnEuiT,</span> <span class='ocrx_word' id='word_1_14' title='bbox 1082 311 1274 335; x_wconf 60' lang='lat' dir='ltr'>noxlfaems</span> <span class='ocrx_word' id='word_1_15' title='bbox 1300 310 1332 343; x_wconf 63' lang='lat' dir='ltr'>V,</span> <span class='ocrx_word' id='word_1_16' title='bbox 1353 311 1516 334; x_wconf 69' lang='lat' dir='ltr'>Hoxomtts</span> <span class='ocrx_word' id='word_1_17' title='bbox 1544 312 1552 333; x_wconf 83' lang='lat'>1</span> <span class='ocrx_word' id='word_1_18' title='bbox 1580 311 1630 334; x_wconf 75' lang='grc' dir='ltr'>ΙΨ.</span> 
     </span>
    </p>
   </div>
   <div class='ocr_carea' id='block_1_5' title="bbox 294 367 1048 703">
    <p class='ocr_par' dir='ltr' id='par_1_5' title="bbox 294 367 1048 703">
     <span class='ocr_line' id='line_1_5' title="bbox 298 367 1047 417; baseline -0.007 -11"><span class='ocrx_word' id='word_1_19' title='bbox 298 371 415 406; x_wconf 85' lang='lat' dir='ltr'>bruarii</span> <span class='ocrx_word' id='word_1_20' title='bbox 438 383 521 406; x_wconf 90' lang='lat' dir='ltr'>anno</span> <span class='ocrx_word' id='word_1_21' title='bbox 543 372 627 415; x_wconf 78' lang='lat'><strong>607,</strong></span> <span class='ocrx_word' id='word_1_22' title='bbox 650 371 791 417; x_wconf 74' lang='lat' dir='ltr'>proxima</span> <span class='ocrx_word' id='word_1_23' title='bbox 818 368 978 404; x_wconf 86' lang='lat' dir='ltr'>dominica</span> <span class='ocrx_word' id='word_1_24' title='bbox 997 367 1047 402; x_wconf 86' lang='lat' dir='ltr'>die</span> 
     </span>
     <span class='ocr_line' id='line_1_6' title="bbox 300 417 1048 476; baseline -0.007 -20"><span class='ocrx_word' id='word_1_25' title='bbox 300 423 344 456; x_wconf 81' lang='lat'>19</span> <span class='ocrx_word' id='word_1_26' title='bbox 372 421 600 476; x_wconf 84' lang='lat' dir='ltr'>ordinaturque</span> <span class='ocrx_word' id='word_1_27' title='bbox 631 420 773 468; x_wconf 79' lang='lat' dir='ltr'>pontifex</span> <span class='ocrx_word' id='word_1_28' title='bbox 795 418 961 453; x_wconf 75' lang='lat' dir='ltr'>maximus.</span> <span class='ocrx_word' id='word_1_29' title='bbox 994 417 1048 452; x_wconf 86' lang='lat' dir='ltr'>Se-</span> 
     </span>
     <span class='ocr_line' id='line_1_7' title="bbox 297 466 1047 518; baseline -0.007 -13"><span class='ocrx_word' id='word_1_30' title='bbox 297 470 353 511; x_wconf 81' lang='lat' dir='ltr'>dit,</span> <span class='ocrx_word' id='word_1_31' title='bbox 380 470 554 518; x_wconf 79' lang='lat' dir='ltr'>imperante</span> <span class='ocrx_word' id='word_1_32' title='bbox 585 470 692 505; x_wconf 87' lang='lat' dir='ltr'>Phoca</span> <span class='ocrx_word' id='word_1_33' title='bbox 719 481 844 504; x_wconf 89' lang='lat' dir='ltr'>menses</span> <span class='ocrx_word' id='word_1_34' title='bbox 876 479 956 507; x_wconf 81' lang='lat' dir='ltr'>vin</span> <span class='ocrx_word' id='word_1_35' title='bbox 980 466 1047 501; x_wconf 90' lang='lat' dir='ltr'>dies</span> 
     </span>
     <span class='ocr_line' id='line_1_8' title="bbox 295 517 1046 574; baseline -0.005 -21"><span class='ocrx_word' id='word_1_36' title='bbox 295 532 371 555; x_wconf 84' lang='lat' dir='ltr'>xx11</span> <span class='ocrx_word' id='word_1_37' title='bbox 394 524 421 564; x_wconf 90' lang='grc'>(1</span> <span class='ocrx_word' id='word_1_38' title='bbox 428 523 448 564; x_wconf 89' lang='grc'><em>).</em></span> <span class='ocrx_word' id='word_1_39' title='bbox 472 519 561 554; x_wconf 86' lang='lat' dir='ltr'>Fecit</span> <span class='ocrx_word' id='word_1_40' title='bbox 582 519 750 574; x_wconf 77' lang='lat' dir='ltr'>episcopos</span> <span class='ocrx_word' id='word_1_41' title='bbox 767 530 824 565; x_wconf 83' lang='lat' dir='ltr'>per</span> <span class='ocrx_word' id='word_1_42' title='bbox 845 517 966 552; x_wconf 79' lang='lat' dir='ltr'>diversa</span> <span class='ocrx_word' id='word_1_43' title='bbox 981 517 1046 551; x_wconf 88' lang='lat' dir='ltr'>loca</span> 
     </span>
     <span class='ocr_line' id='line_1_9' title="bbox 295 565 1047 616; baseline -0.008 -12"><span class='ocrx_word' id='word_1_44' title='bbox 295 582 395 604; x_wconf 90' lang='lat' dir='ltr'>unum</span> <span class='ocrx_word' id='word_1_45' title='bbox 417 581 512 616; x_wconf 84' lang='lat' dir='ltr'>supra</span> <span class='ocrx_word' id='word_1_46' title='bbox 532 569 661 615; x_wconf 81' lang='lat' dir='ltr'>viginti:</span> <span class='ocrx_word' id='word_1_47' title='bbox 678 568 731 614; x_wconf 90' lang='lat' dir='ltr'>qui</span> <span class='ocrx_word' id='word_1_48' title='bbox 751 567 917 602; x_wconf 71' lang='lat' dir='ltr'>defunctus</span> <span class='ocrx_word' id='word_1_49' title='bbox 938 565 1047 612; x_wconf 87' lang='lat' dir='ltr'>sepul-</span> 
     </span>
     <span class='ocr_line' id='line_1_10' title="bbox 294 615 1044 654; baseline -0.007 -1"><span class='ocrx_word' id='word_1_50' title='bbox 294 627 345 654; x_wconf 91' lang='lat' dir='ltr'>tus</span> <span class='ocrx_word' id='word_1_51' title='bbox 373 627 420 653; x_wconf 80' lang='lat' dir='ltr'>est</span> <span class='ocrx_word' id='word_1_52' title='bbox 452 620 482 653; x_wconf 85' lang='lat' dir='ltr'>in</span> <span class='ocrx_word' id='word_1_53' title='bbox 509 618 642 653; x_wconf 83' lang='lat' dir='ltr'>ecclesia</span> <span class='ocrx_word' id='word_1_54' title='bbox 673 618 763 652; x_wconf 88' lang='lat' dir='ltr'>Beati</span> <span class='ocrx_word' id='word_1_55' title='bbox 798 616 883 651; x_wconf 84' lang='lat' dir='ltr'>Petri</span> <span class='ocrx_word' id='word_1_56' title='bbox 911 615 962 649; x_wconf 87' lang='lat' dir='ltr'>die</span> <span class='ocrx_word' id='word_1_57' title='bbox 1000 616 1044 648; x_wconf 92' lang='grc'>12</span> 
     </span>
     <span class='ocr_line' id='line_1_11' title="bbox 296 663 1045 703; baseline -0.005 -1"><span class='ocrx_word' id='word_1_58' title='bbox 296 668 478 703; x_wconf 78' lang='lat' dir='ltr'>uov·embiis</span> <span class='ocrx_word' id='word_1_59' title='bbox 506 667 647 702; x_wconf 86' lang='lat' dir='ltr'>eiusdem</span> <span class='ocrx_word' id='word_1_60' title='bbox 679 667 765 701; x_wconf 91' lang='lat' dir='ltr'>anni.</span> <span class='ocrx_word' id='word_1_61' title='bbox 793 665 921 700; x_wconf 60' lang='lat' dir='ltr'>Nacaiit</span> <span class='ocrx_word' id='word_1_62' title='bbox 950 663 1045 699; x_wconf 83' lang='lat' dir='ltr'>sedes</span> 
     </span>
    </p>
   </div>
   <div class='ocr_carea' id='block_1_6' title="bbox 293 717 730 760">
    <p class='ocr_par' dir='ltr' id='par_1_6' title="bbox 293 717 730 760">
     <span class='ocr_line' id='line_1_12' title="bbox 293 717 730 760; baseline -0.007 -8"><span class='ocrx_word' id='word_1_63' title='bbox 293 730 420 753; x_wconf 87' lang='lat' dir='ltr'>menses</span> <span class='ocrx_word' id='word_1_64' title='bbox 441 730 489 757; x_wconf 78' lang='lat' dir='ltr'>ix,</span> <span class='ocrx_word' id='word_1_65' title='bbox 511 717 580 751; x_wconf 84' lang='lat' dir='ltr'>dies</span> <span class='ocrx_word' id='word_1_66' title='bbox 604 728 652 750; x_wconf 76' lang='lat' dir='ltr'>xu</span> <span class='ocrx_word' id='word_1_67' title='bbox 675 718 730 760; x_wconf 85' lang='grc'>(2).</span> 
     </span>
    </p>
   </div>
   <div class='ocr_carea' id='block_1_7' title="bbox 551 790 773 799">
    <p class='ocr_par' dir='ltr' id='par_1_7' title="bbox 551 790 773 799">
     <span class='ocr_line' id='line_1_13' title="bbox 551 790 773 799; baseline 0 0"><span class='ocrx_word' id='word_1_68' title='bbox 551 790 773 799; x_wconf 95' lang='lat' dir='ltr'> </span> 
     </span>
    </p>
   </div>
   <div class='ocr_carea' id='block_1_8' title="bbox 503 845 833 895">
    <p class='ocr_par' dir='ltr' id='par_1_8' title="bbox 503 845 833 895">
     <span class='ocr_line' id='line_1_14' title="bbox 503 845 833 895; baseline -0.006 0"><span class='ocrx_word' id='word_1_69' title='bbox 503 845 757 895; x_wconf 72' lang='lat' dir='ltr'>BONlFAClUS</span> <span class='ocrx_word' id='word_1_70' title='bbox 792 845 833 894; x_wconf 82' lang='lat' dir='ltr'>lV</span> 
     </span>
    </p>
   </div>
   <div class='ocr_carea' id='block_1_9' title="bbox 333 927 995 1023">
    <p class='ocr_par' dir='ltr' id='par_1_9' title="bbox 333 927 995 1023">
     <span class='ocr_line' id='line_1_15' title="bbox 570 927 770 958; baseline 0 -1"><span class='ocrx_word' id='word_1_71' title='bbox 570 927 667 957; x_wconf 76' lang='lat' dir='ltr'><strong>PAPA</strong></span> <span class='ocrx_word' id='word_1_72' title='bbox 690 928 770 958; x_wconf 78' lang='lat' dir='ltr'>Lxlx</span> 
     </span>
     <span class='ocr_line' id='line_1_16' title="bbox 333 985 995 1023; baseline -0.006 -1"><span class='ocrx_word' id='word_1_73' title='bbox 333 990 426 1023; x_wconf 79' lang='lat' dir='ltr'>Anno</span> <span class='ocrx_word' id='word_1_74' title='bbox 447 999 538 1021; x_wconf 79' lang='lat' dir='ltr'>aerae</span> <span class='ocrx_word' id='word_1_75' title='bbox 562 987 678 1020; x_wconf 78' lang='lat' dir='ltr'><strong><em>Christi</em></strong></span> <span class='ocrx_word' id='word_1_76' title='bbox 698 998 806 1020; x_wconf 84' lang='lat' dir='ltr'>comm.</span> <span class='ocrx_word' id='word_1_77' title='bbox 837 985 995 1019; x_wconf 73' lang='lat' dir='ltr'>DC‘VIII.</span> 
     </span>
    </p>
   </div>
   <div class='ocr_carea' id='block_1_10' title="bbox 288 1062 1045 1596">
    <p class='ocr_par' dir='ltr' id='par_1_10' title="bbox 288 1062 1045 1596">
     <span class='ocr_line' id='line_1_17' title="bbox 291 1062 1045 1145; baseline -0.007 -6"><span class='ocrx_word' id='word_1_78' title='bbox 291 1062 512 1144; x_wconf 56' lang='lat' dir='ltr'>}30nisacius‚</span> <span class='ocrx_word' id='word_1_79' title='bbox 534 1103 661 1138; x_wconf 87' lang='lat' dir='ltr'>natione</span> <span class='ocrx_word' id='word_1_80' title='bbox 686 1102 877 1145; x_wconf 80' lang='lat' dir='ltr'>Marsorum,</span> <span class='ocrx_word' id='word_1_81' title='bbox 899 1100 938 1136; x_wconf 89' lang='lat' dir='ltr'>de</span> <span class='ocrx_word' id='word_1_82' title='bbox 959 1099 1045 1134; x_wconf 88' lang='lat' dir='ltr'>Civi-</span> 
     </span>
     <span class='ocr_line' id='line_1_18' title="bbox 290 1128 1045 1195; baseline -0.004 -8"><span class='ocrx_word' id='word_1_83' title='bbox 290 1162 352 1189; x_wconf 83' lang='lat' dir='ltr'>tate</span> <span class='ocrx_word' id='word_1_84' title='bbox 374 1153 510 1193; x_wconf 75' lang='lat' dir='ltr'>Valeria,</span> <span class='ocrx_word' id='word_1_85' title='bbox 533 1152 617 1187; x_wconf 85' lang='lat' dir='ltr'>filius</span> <span class='ocrx_word' id='word_1_86' title='bbox 642 1152 771 1187; x_wconf 85' lang='lat' dir='ltr'>Ioannis</span> <span class='ocrx_word' id='word_1_87' title='bbox 791 1128 923 1195; x_wconf 75' lang='lat' dir='ltr'>Medici,</span> <span class='ocrx_word' id='word_1_88' title='bbox 957 1149 1045 1185; x_wconf 89' lang='lat' dir='ltr'>ordi-</span> 
     </span>
     <span class='ocr_line' id='line_1_19' title="bbox 289 1200 1044 1251; baseline -0.005 -14"><span class='ocrx_word' id='word_1_89' title='bbox 289 1211 380 1238; x_wconf 81' lang='lat' dir='ltr'>natus</span> <span class='ocrx_word' id='word_1_90' title='bbox 389 1202 529 1251; x_wconf 74' lang='lat' dir='ltr'>pontifex</span> <span class='ocrx_word' id='word_1_91' title='bbox 541 1214 686 1237; x_wconf 90' lang='lat' dir='ltr'>summus</span> <span class='ocrx_word' id='word_1_92' title='bbox 699 1202 751 1236; x_wconf 84' lang='lat' dir='ltr'>die</span> <span class='ocrx_word' id='word_1_93' title='bbox 762 1200 809 1235; x_wconf 81' lang='grc'>25</span> <span class='ocrx_word' id='word_1_94' title='bbox 821 1200 944 1247; x_wconf 76' lang='lat' dir='ltr'><strong>augusti</strong></span> <span class='ocrx_word' id='word_1_95' title='bbox 960 1212 1044 1234; x_wconf 88' lang='lat' dir='ltr'>anno</span> 
     </span>
     <span class='ocr_line' id='line_1_20' title="bbox 291 1249 1044 1296; baseline -0.007 -9"><span class='ocrx_word' id='word_1_96' title='bbox 291 1255 374 1288; x_wconf 81' lang='lat'>608.</span> <span class='ocrx_word' id='word_1_97' title='bbox 402 1251 494 1287; x_wconf 78' lang='lat' dir='ltr'>Sedit</span> <span class='ocrx_word' id='word_1_98' title='bbox 520 1264 620 1286; x_wconf 83' lang='lat' dir='ltr'>annos</span> <span class='ocrx_word' id='word_1_99' title='bbox 638 1264 684 1296; x_wconf 64' lang='lat' dir='ltr'>v71</span> <span class='ocrx_word' id='word_1_100' title='bbox 719 1262 847 1285; x_wconf 81' lang='lat' dir='ltr'>menses</span> <span class='ocrx_word' id='word_1_101' title='bbox 873 1262 947 1289; x_wconf 72' lang='lat' dir='ltr'>vui</span> <span class='ocrx_word' id='word_1_102' title='bbox 975 1249 1044 1283; x_wconf 80' lang='lat' dir='ltr'>dies</span> 
     </span>
     <span class='ocr_line' id='line_1_21' title="bbox 288 1299 1043 1346; baseline -0.005 -9"><span class='ocrx_word' id='word_1_103' title='bbox 288 1315 352 1337; x_wconf 78' lang='lat' dir='ltr'>xm</span> <span class='ocrx_word' id='word_1_104' title='bbox 375 1304 431 1346; x_wconf 81' lang='grc'>(5)</span> <span class='ocrx_word' id='word_1_105' title='bbox 458 1300 518 1336; x_wconf 90' lang='lat' dir='ltr'>sub</span> <span class='ocrx_word' id='word_1_106' title='bbox 540 1301 658 1341; x_wconf 84' lang='lat' dir='ltr'>Phoca,</span> <span class='ocrx_word' id='word_1_107' title='bbox 685 1308 716 1335; x_wconf 92' lang='lat' dir='ltr'>et</span> <span class='ocrx_word' id='word_1_108' title='bbox 749 1299 895 1335; x_wconf 84' lang='lat' dir='ltr'>Heraclio</span> <span class='ocrx_word' id='word_1_109' title='bbox 917 1299 1043 1334; x_wconf 81' lang='lat' dir='ltr'>Pbocae</span> 
     </span>
     <span class='ocr_line' id='line_1_22' title="bbox 288 1349 1042 1387; baseline -0.007 0"><span class='ocrx_word' id='word_1_110' title='bbox 288 1363 484 1387; x_wconf 85' lang='lat' dir='ltr'>successore.</span> <span class='ocrx_word' id='word_1_111' title='bbox 523 1350 656 1385; x_wconf 87' lang='lat' dir='ltr'>Duabus</span> <span class='ocrx_word' id='word_1_112' title='bbox 691 1349 946 1384; x_wconf 76' lang='lat' dir='ltr'>ordinationibus</span> <span class='ocrx_word' id='word_1_113' title='bbox 973 1350 1042 1383; x_wconf 89' lang='lat' dir='ltr'>dia-</span> 
     </span>
     <span class='ocr_line' id='line_1_23' title="bbox 288 1398 1042 1447; baseline -0.005 -11"><span class='ocrx_word' id='word_1_114' title='bbox 288 1414 388 1437; x_wconf 89' lang='lat' dir='ltr'>conos</span> <span class='ocrx_word' id='word_1_115' title='bbox 420 1408 503 1439; x_wconf 77' lang='lat' dir='ltr'>octo,</span> <span class='ocrx_word' id='word_1_116' title='bbox 538 1400 706 1447; x_wconf 86' lang='lat' dir='ltr'>episcopos</span> <span class='ocrx_word' id='word_1_117' title='bbox 738 1412 793 1447; x_wconf 90' lang='lat' dir='ltr'>per</span> <span class='ocrx_word' id='word_1_118' title='bbox 819 1399 942 1432; x_wconf 82' lang='lat' dir='ltr'>diversa</span> <span class='ocrx_word' id='word_1_119' title='bbox 977 1398 1042 1433; x_wconf 83' lang='lat' dir='ltr'>loca</span> 
     </span>
     <span class='ocr_line' id='line_1_24' title="bbox 288 1448 1042 1496; baseline -0.007 -10"><span class='ocrx_word' id='word_1_120' title='bbox 288 1451 407 1486; x_wconf 85' lang='lat' dir='ltr'>creavit</span> <span class='ocrx_word' id='word_1_121' title='bbox 429 1449 554 1496; x_wconf 83' lang='lat' dir='ltr'>triginta</span> <span class='ocrx_word' id='word_1_122' title='bbox 577 1450 730 1496; x_wconf 87' lang='lat' dir='ltr'>quinque.</span> <span class='ocrx_word' id='word_1_123' title='bbox 753 1448 841 1483; x_wconf 74' lang='lat' dir='ltr'>Obiit</span> <span class='ocrx_word' id='word_1_124' title='bbox 859 1448 909 1482; x_wconf 84' lang='lat' dir='ltr'>die</span> <span class='ocrx_word' id='word_1_125' title='bbox 931 1452 948 1481; x_wconf 89' lang='lat'>7</span> <span class='ocrx_word' id='word_1_126' title='bbox 970 1448 1042 1482; x_wconf 73' lang='lat' dir='ltr'>maii</span> 
     </span>
     <span class='ocr_line' id='line_1_25' title="bbox 289 1496 1043 1545; baseline -0.007 -10"><span class='ocrx_word' id='word_1_127' title='bbox 289 1513 372 1535; x_wconf 90' lang='lat' dir='ltr'>anno</span> <span class='ocrx_word' id='word_1_128' title='bbox 396 1501 480 1539; x_wconf 78' lang='lat'><strong>615,</strong></span> <span class='ocrx_word' id='word_1_129' title='bbox 505 1500 713 1545; x_wconf 75' lang='lat' dir='ltr'>sepultusque</span> <span class='ocrx_word' id='word_1_130' title='bbox 751 1507 799 1533; x_wconf 78' lang='lat' dir='ltr'>cst</span> <span class='ocrx_word' id='word_1_131' title='bbox 835 1497 871 1531; x_wconf 85' lang='lat' dir='ltr'>ad</span> <span class='ocrx_word' id='word_1_132' title='bbox 909 1496 946 1530; x_wconf 89' lang='lat' dir='ltr'>B.</span> <span class='ocrx_word' id='word_1_133' title='bbox 974 1496 1043 1531; x_wconf 90' lang='lat' dir='ltr'>Pe-</span> 
     </span>
     <span class='ocr_line' id='line_1_26' title="bbox 289 1546 1044 1596; baseline -0.004 -12"><span class='ocrx_word' id='word_1_134' title='bbox 289 1559 372 1584; x_wconf 87' lang='lat' dir='ltr'>trum</span> <span class='ocrx_word' id='word_1_135' title='bbox 408 1548 598 1596; x_wconf 79' lang='lat' dir='ltr'>apostolum.</span> <span class='ocrx_word' id='word_1_136' title='bbox 634 1547 763 1582; x_wconf 70' lang='lat' dir='ltr'>vacavit</span> <span class='ocrx_word' id='word_1_137' title='bbox 798 1546 891 1582; x_wconf 90' lang='lat' dir='ltr'>sedes</span> <span class='ocrx_word' id='word_1_138' title='bbox 917 1559 1044 1582; x_wconf 92' lang='lat' dir='ltr'>menses</span> 
     </span>
    </p>
   </div>
   <div class='ocr_carea' id='block_1_11' title="bbox 285 1599 496 1645">
    <p class='ocr_par' dir='ltr' id='par_1_11' title="bbox 285 1599 496 1645">
     <span class='ocr_line' id='line_1_27' title="bbox 285 1599 496 1645; baseline -0.009 -11"><span class='ocrx_word' id='word_1_139' title='bbox 285 1611 318 1645; x_wconf 81' lang='lat' dir='ltr'>v,</span> <span class='ocrx_word' id='word_1_140' title='bbox 344 1599 413 1634; x_wconf 87' lang='lat' dir='ltr'>dies</span> <span class='ocrx_word' id='word_1_141' title='bbox 434 1610 496 1633; x_wconf 86' lang='lat' dir='ltr'>xu.</span> 
     </span>
    </p>
   </div>
   <div class='ocr_carea' id='block_1_12' title="bbox 594 1671 756 1678">
    <p class='ocr_par' dir='ltr' id='par_1_12' title="bbox 594 1671 756 1678">
     <span class='ocr_line' id='line_1_28' title="bbox 594 1671 756 1678; baseline 0.006 -1"><span class='ocrx_word' id='word_1_142' title='bbox 594 1671 756 1678; x_wconf 78' lang='lat'>—-——-</span> 
     </span>
    </p>
   </div>
   <div class='ocr_carea' id='block_1_13' title="bbox 349 1731 979 1908">
    <p class='ocr_par' dir='ltr' id='par_1_13' title="bbox 349 1731 979 1908">
     <span class='ocr_line' id='line_1_29' title="bbox 511 1731 827 1780; baseline -0.003 0"><span class='ocrx_word' id='word_1_143' title='bbox 511 1731 547 1780; x_wconf 84' lang='lat' dir='ltr'>S.</span> <span class='ocrx_word' id='word_1_144' title='bbox 584 1731 827 1780; x_wconf 74' lang='lat' dir='ltr'>DEUSDEDiT</span> 
     </span>
     <span class='ocr_line' id='line_1_30' title="bbox 574 1814 761 1844; baseline 0 -1"><span class='ocrx_word' id='word_1_145' title='bbox 574 1814 669 1844; x_wconf 70' lang='lat' dir='ltr'>PAPA</span> <span class='ocrx_word' id='word_1_146' title='bbox 695 1814 761 1843; x_wconf 55' lang='lat' dir='ltr'>Lxx</span> 
     </span>
     <span class='ocr_line' id='line_1_31' title="bbox 349 1873 979 1908; baseline -0.006 0"><span class='ocrx_word' id='word_1_147' title='bbox 349 1874 441 1907; x_wconf 77' lang='lat' dir='ltr'>Anno</span> <span class='ocrx_word' id='word_1_148' title='bbox 463 1885 552 1908; x_wconf 82' lang='lat' dir='ltr'>aerae</span> <span class='ocrx_word' id='word_1_149' title='bbox 577 1873 692 1906; x_wconf 77' lang='lat' dir='ltr'>Christi</span> <span class='ocrx_word' id='word_1_150' title='bbox 713 1884 822 1906; x_wconf 82' lang='lat' dir='ltr'>comm.</span> <span class='ocrx_word' id='word_1_151' title='bbox 848 1873 979 1905; x_wconf 71' lang='lat' dir='ltr'>DCXV.</span> 
     </span>
    </p>
   </div>
   <div class='ocr_carea' id='block_1_14' title="bbox 289 1948 1046 2660">
    <p class='ocr_par' dir='ltr' id='par_1_14' title="bbox 289 1948 1046 2528">
     <span class='ocr_line' id='line_1_32' title="bbox 292 1948 1045 2032; baseline -0.003 -9"><span class='ocrx_word' id='word_1_152' title='bbox 292 1948 505 2028; x_wconf 76' lang='lat' dir='ltr'>Deusdedit,</span> <span class='ocrx_word' id='word_1_153' title='bbox 528 1987 654 2022; x_wconf 80' lang='lat' dir='ltr'>natione</span> <span class='ocrx_word' id='word_1_154' title='bbox 682 1999 843 2032; x_wconf 79' lang='lat' dir='ltr'>romanus,</span> <span class='ocrx_word' id='word_1_155' title='bbox 874 1987 958 2022; x_wconf 87' lang='lat' dir='ltr'>filius</span> <span class='ocrx_word' id='word_1_156' title='bbox 979 1987 1045 2022; x_wconf 81' lang='lat' dir='ltr'>Ste-</span> 
     </span>
     <span class='ocr_line' id='line_1_33' title="bbox 289 2037 1044 2085; baseline -0.001 -13"><span class='ocrx_word' id='word_1_157' title='bbox 289 2038 389 2085; x_wconf 86' lang='lat' dir='ltr'>phani</span> <span class='ocrx_word' id='word_1_158' title='bbox 413 2037 612 2077; x_wconf 76' lang='lat' dir='ltr'>subdiaconi,</span> <span class='ocrx_word' id='word_1_159' title='bbox 647 2037 808 2071; x_wconf 84' lang='lat' dir='ltr'>ordinatus</span> <span class='ocrx_word' id='word_1_160' title='bbox 829 2045 877 2072; x_wconf 87' lang='lat' dir='ltr'>est</span> <span class='ocrx_word' id='word_1_161' title='bbox 904 2037 1044 2084; x_wconf 81' lang='lat' dir='ltr'>pontifex</span> 
     </span>
     <span class='ocr_line' id='line_1_34' title="bbox 291 2086 1044 2123; baseline -0.003 0"><span class='ocrx_word' id='word_1_162' title='bbox 291 2088 451 2123; x_wconf 73' lang='lat' dir='ltr'>maximus</span> <span class='ocrx_word' id='word_1_163' title='bbox 477 2087 528 2122; x_wconf 89' lang='lat' dir='ltr'>die</span> <span class='ocrx_word' id='word_1_164' title='bbox 550 2086 708 2121; x_wconf 85' lang='lat' dir='ltr'>dominica</span> <span class='ocrx_word' id='word_1_165' title='bbox 737 2088 781 2121; x_wconf 83' lang='grc'>19</span> <span class='ocrx_word' id='word_1_166' title='bbox 805 2086 953 2121; x_wconf 82' lang='lat' dir='ltr'>octobris.</span> <span class='ocrx_word' id='word_1_167' title='bbox 985 2086 1044 2121; x_wconf 91' lang='lat' dir='ltr'>Se-</span> 
     </span>
     <span class='ocr_line' id='line_1_35' title="bbox 291 2136 1045 2184; baseline -0.001 -13"><span class='ocrx_word' id='word_1_168' title='bbox 291 2137 338 2172; x_wconf 91' lang='lat' dir='ltr'>dit</span> <span class='ocrx_word' id='word_1_169' title='bbox 360 2149 460 2173; x_wconf 88' lang='lat' dir='ltr'>annos</span> <span class='ocrx_word' id='word_1_170' title='bbox 491 2149 541 2177; x_wconf 75' lang='grc' dir='ltr'>ιιι,</span> <span class='ocrx_word' id='word_1_171' title='bbox 568 2136 636 2171; x_wconf 90' lang='lat' dir='ltr'>dies</span> <span class='ocrx_word' id='word_1_172' title='bbox 656 2148 715 2176; x_wconf 80' lang='lat' dir='ltr'>xx,</span> <span class='ocrx_word' id='word_1_173' title='bbox 744 2137 919 2184; x_wconf 80' lang='lat' dir='ltr'>imperante</span> <span class='ocrx_word' id='word_1_174' title='bbox 941 2136 1045 2171; x_wconf 88' lang='lat' dir='ltr'>Hera—</span> 
     </span>
     <span class='ocr_line' id='line_1_36' title="bbox 289 2185 1045 2233; baseline -0.001 -11"><span class='ocrx_word' id='word_1_175' title='bbox 289 2187 361 2223; x_wconf 89' lang='lat' dir='ltr'>clio.</span> <span class='ocrx_word' id='word_1_176' title='bbox 388 2187 479 2222; x_wconf 85' lang='lat' dir='ltr'>Fecit</span> <span class='ocrx_word' id='word_1_177' title='bbox 497 2185 712 2221; x_wconf 82' lang='lat' dir='ltr'>ordinationes</span> <span class='ocrx_word' id='word_1_178' title='bbox 729 2193 806 2230; x_wconf 88' lang='lat' dir='ltr'>tres</span> <span class='ocrx_word' id='word_1_179' title='bbox 824 2186 940 2233; x_wconf 90' lang='lat' dir='ltr'>quibus</span> <span class='ocrx_word' id='word_1_180' title='bbox 961 2198 1045 2221; x_wconf 84' lang='lat' dir='ltr'>crea-</span> 
     </span>
     <span class='ocr_line' id='line_1_37' title="bbox 290 2214 1045 2285; baseline -0.001 -14"><span class='ocrx_word' id='word_1_181' title='bbox 290 2237 334 2271; x_wconf 84' lang='lat' dir='ltr'>vit</span> <span class='ocrx_word' id='word_1_182' title='bbox 369 2235 570 2285; x_wconf 51' lang='lat' dir='ltr'>presbjteros</span> <span class='ocrx_word' id='word_1_183' title='bbox 601 2214 866 2283; x_wconf 84' lang='lat' dir='ltr'>quatuordecim,</span> <span class='ocrx_word' id='word_1_184' title='bbox 895 2236 1045 2270; x_wconf 89' lang='lat' dir='ltr'>diaconos</span> 
     </span>
     <span class='ocr_line' id='line_1_38' title="bbox 290 2285 1046 2342; baseline -0.003 -21"><span class='ocrx_word' id='word_1_185' title='bbox 290 2286 444 2342; x_wconf 80' lang='lat' dir='ltr'>quinque,</span> <span class='ocrx_word' id='word_1_186' title='bbox 473 2297 641 2333; x_wconf 86' lang='lat' dir='ltr'>episcopos</span> <span class='ocrx_word' id='word_1_187' title='bbox 667 2296 724 2332; x_wconf 89' lang='lat' dir='ltr'>per</span> <span class='ocrx_word' id='word_1_188' title='bbox 749 2285 872 2320; x_wconf 77' lang='lat' dir='ltr'>diversa</span> <span class='ocrx_word' id='word_1_189' title='bbox 900 2285 969 2321; x_wconf 90' lang='lat' dir='ltr'>loca</span> <span class='ocrx_word' id='word_1_190' title='bbox 998 2285 1046 2319; x_wconf 76' lang='lat' dir='ltr'>vi-</span> 
     </span>
     <span class='ocr_line' id='line_1_39' title="bbox 291 2334 1043 2382; baseline -0.001 -11.999"><span class='ocrx_word' id='word_1_191' title='bbox 291 2336 499 2381; x_wconf 76' lang='lat' dir='ltr'>gintinovem.</span> <span class='ocrx_word' id='word_1_192' title='bbox 534 2334 730 2376; x_wconf 85' lang='lat' dir='ltr'>Defunctus‚</span> <span class='ocrx_word' id='word_1_193' title='bbox 766 2335 908 2382; x_wconf 88' lang='lat' dir='ltr'>sepultus</span> <span class='ocrx_word' id='word_1_194' title='bbox 939 2343 986 2370; x_wconf 92' lang='lat' dir='ltr'>est</span> <span class='ocrx_word' id='word_1_195' title='bbox 1007 2335 1043 2369; x_wconf 78' lang='lat' dir='ltr'>asl</span> 
     </span>
     <span class='ocr_line' id='line_1_40' title="bbox 291 2383 1046 2431; baseline -0.001 -11"><span class='ocrx_word' id='word_1_196' title='bbox 291 2385 329 2420; x_wconf 87' lang='lat' dir='ltr'>B.</span> <span class='ocrx_word' id='word_1_197' title='bbox 374 2385 505 2420; x_wconf 86' lang='lat' dir='ltr'>Petrum</span> <span class='ocrx_word' id='word_1_198' title='bbox 552 2383 728 2431; x_wconf 85' lang='lat' dir='ltr'>apostolum</span> <span class='ocrx_word' id='word_1_199' title='bbox 780 2384 831 2419; x_wconf 86' lang='lat' dir='ltr'>die</span> <span class='ocrx_word' id='word_1_200' title='bbox 866 2386 887 2419; x_wconf 87' lang='lat'><em>8</em></span> <span class='ocrx_word' id='word_1_201' title='bbox 926 2384 1046 2420; x_wconf 84' lang='lat' dir='ltr'>mensis</span> 
     </span>
     <span class='ocr_line' id='line_1_41' title="bbox 292 2433 1043 2470; baseline -0.001 0"><span class='ocrx_word' id='word_1_202' title='bbox 292 2434 474 2470; x_wconf 79' lang='lat' dir='ltr'>novembris</span> <span class='ocrx_word' id='word_1_203' title='bbox 500 2446 582 2468; x_wconf 90' lang='lat' dir='ltr'>auno</span> <span class='ocrx_word' id='word_1_204' title='bbox 604 2435 687 2468; x_wconf 82' lang='lat'>618.</span> <span class='ocrx_word' id='word_1_205' title='bbox 714 2433 843 2469; x_wconf 74' lang='lat' dir='ltr'>vacavit</span> <span class='ocrx_word' id='word_1_206' title='bbox 869 2434 961 2469; x_wconf 90' lang='lat' dir='ltr'>sedes</span> <span class='ocrx_word' id='word_1_207' title='bbox 987 2446 1043 2469; x_wconf 87' lang='lat' dir='ltr'>an-</span> 
     </span>
     <span class='ocr_line' id='line_1_42' title="bbox 294 2483 878 2528; baseline -0.002 -9"><span class='ocrx_word' id='word_1_208' title='bbox 294 2497 370 2519; x_wconf 91' lang='lat' dir='ltr'>num</span> <span class='ocrx_word' id='word_1_209' title='bbox 386 2496 399 2518; x_wconf 94' lang='lat'>1</span> <span class='ocrx_word' id='word_1_210' title='bbox 421 2487 479 2528; x_wconf 70' lang='grc'>(4),</span> <span class='ocrx_word' id='word_1_211' title='bbox 502 2495 643 2518; x_wconf 87' lang='lat' dir='ltr'>mensem</span> <span class='ocrx_word' id='word_1_212' title='bbox 665 2496 689 2528; x_wconf 78' lang='grc' dir='ltr'>ι,</span> <span class='ocrx_word' id='word_1_213' title='bbox 715 2483 782 2518; x_wconf 85' lang='lat' dir='ltr'>dies</span> <span class='ocrx_word' id='word_1_214' title='bbox 807 2496 878 2518; x_wconf 80' lang='lat' dir='ltr'>xvr.</span> 
     </span>
    </p>

    <p class='ocr_par' dir='ltr' id='par_1_15' title="bbox 293 2552 1046 2660">
     <span class='ocr_line' id='line_1_43' title="bbox 328 2552 1043 2589; baseline 0 -9"><span class='ocrx_word' id='word_1_215' title='bbox 328 2554 368 2589; x_wconf 82' lang='lat'>(1)</span> <span class='ocrx_word' id='word_1_216' title='bbox 384 2554 427 2581; x_wconf 85' lang='lat' dir='ltr'>Sic</span> <span class='ocrx_word' id='word_1_217' title='bbox 442 2561 472 2580; x_wconf 85' lang='lat'>111</span> <span class='ocrx_word' id='word_1_218' title='bbox 490 2552 602 2588; x_wconf 69' lang='lat' dir='ltr'>vignolii</span> <span class='ocrx_word' id='word_1_219' title='bbox 618 2553 767 2588; x_wconf 79' lang='lat' dir='ltr'>Catalogus:</span> <span class='ocrx_word' id='word_1_220' title='bbox 786 2553 894 2589; x_wconf 88' lang='lat' dir='ltr'>duoque</span> <span class='ocrx_word' id='word_1_221' title='bbox 908 2562 942 2581; x_wconf 78' lang='lat' dir='ltr'>ex</span> <span class='ocrx_word' id='word_1_222' title='bbox 953 2554 1043 2581; x_wconf 88' lang='lat' dir='ltr'>Critic.</span> 
     </span>
     <span class='ocr_line' id='line_1_44' title="bbox 293 2588 1044 2624; baseline -0.001 -7"><span class='ocrx_word' id='word_1_223' title='bbox 293 2591 390 2617; x_wconf 86' lang='lat' dir='ltr'>Baron.</span> <span class='ocrx_word' id='word_1_224' title='bbox 408 2589 544 2624; x_wconf 77' lang='lat' dir='ltr'>praefixis.</span> <span class='ocrx_word' id='word_1_225' title='bbox 582 2588 622 2624; x_wconf 84' lang='grc'>(2)</span> <span class='ocrx_word' id='word_1_226' title='bbox 638 2589 839 2624; x_wconf 82' lang='lat' dir='ltr'>Computandos</span> <span class='ocrx_word' id='word_1_227' title='bbox 856 2598 870 2616; x_wconf 84' lang='lat' dir='ltr'>a</span> <span class='ocrx_word' id='word_1_228' title='bbox 886 2589 935 2616; x_wconf 84' lang='lat' dir='ltr'>&#39;die</span> <span class='ocrx_word' id='word_1_229' title='bbox 959 2590 1044 2624; x_wconf 88' lang='lat' dir='ltr'>depo-</span> 
     </span>
     <span class='ocr_line' id='line_1_45' title="bbox 294 2624 1046 2660; baseline 0 -9"><span class='ocrx_word' id='word_1_230' title='bbox 294 2625 408 2652; x_wconf 84' lang='lat' dir='ltr'>sitionis.</span> <span class='ocrx_word' id='word_1_231' title='bbox 446 2625 485 2660; x_wconf 90' lang='lat'>(5)</span> <span class='ocrx_word' id='word_1_232' title='bbox 502 2626 531 2652; x_wconf 90' lang='lat' dir='ltr'>ln</span> <span class='ocrx_word' id='word_1_233' title='bbox 547 2624 682 2660; x_wconf 83' lang='lat' dir='ltr'>epitaphio</span> <span class='ocrx_word' id='word_1_234' title='bbox 697 2625 792 2660; x_wconf 77' lang='lat' dir='ltr'>legitur</span> <span class='ocrx_word' id='word_1_235' title='bbox 813 2625 840 2652; x_wconf 94' lang='lat' dir='ltr'>d.</span> <span class='ocrx_word' id='word_1_236' title='bbox 861 2633 914 2657; x_wconf 76' lang='lat' dir='ltr'>xii,</span> <span class='ocrx_word' id='word_1_237' title='bbox 939 2626 1046 2652; x_wconf 83' lang='lat' dir='ltr'>exclusa</span> 
     </span>
    </p>
   </div>
   <div class='ocr_carea' id='block_1_15' title="bbox 294 2660 1045 2732">
    <p class='ocr_par' dir='ltr' id='par_1_16' title="bbox 294 2660 1045 2732">
     <span class='ocr_line' id='line_1_46' title="bbox 294 2660 1045 2695; baseline 0 -7"><span class='ocrx_word' id='word_1_238' title='bbox 294 2661 338 2688; x_wconf 90' lang='lat' dir='ltr'>die</span> <span class='ocrx_word' id='word_1_239' title='bbox 353 2660 504 2687; x_wconf 82' lang='lat' dir='ltr'>emortuali.</span> <span class='ocrx_word' id='word_1_240' title='bbox 543 2660 582 2695; x_wconf 72' lang='lat' dir='ltr'>(lt)</span> <span class='ocrx_word' id='word_1_241' title='bbox 599 2661 706 2687; x_wconf 82' lang='lat' dir='ltr'>Annum</span> <span class='ocrx_word' id='word_1_242' title='bbox 725 2660 814 2687; x_wconf 89' lang='lat' dir='ltr'>omisit</span> <span class='ocrx_word' id='word_1_243' title='bbox 833 2661 1004 2694; x_wconf 71' lang='lat' dir='ltr'>Anastasius,</span> <span class='ocrx_word' id='word_1_244' title='bbox 1021 2664 1045 2688; x_wconf 90' lang='lat' dir='ltr'>et</span> 
     </span>
     <span class='ocr_line' id='line_1_47' title="bbox 296 2696 939 2732; baseline 0.002 -9"><span class='ocrx_word' id='word_1_245' title='bbox 296 2696 433 2732; x_wconf 73' lang='lat' dir='ltr'>vignolius</span> <span class='ocrx_word' id='word_1_246' title='bbox 448 2696 468 2722; x_wconf 91' lang='lat' dir='ltr'>si</span> <span class='ocrx_word' id='word_1_247' title='bbox 485 2696 610 2729; x_wconf 75' lang='lat' dir='ltr'>advertit,</span> <span class='ocrx_word' id='word_1_248' title='bbox 629 2704 680 2722; x_wconf 92' lang='lat' dir='ltr'>non</span> <span class='ocrx_word' id='word_1_249' title='bbox 697 2699 783 2723; x_wconf 83' lang='lat' dir='ltr'>tamen</span> <span class='ocrx_word' id='word_1_250' title='bbox 799 2697 939 2731; x_wconf 75' lang='lat' dir='ltr'>expressit.</span> 
     </span>
    </p>
   </div>
   <div class='ocr_carea' id='block_1_16' title="bbox 414 2740 870 2777">
    <p class='ocr_par' dir='ltr' id='par_1_17' title="bbox 414 2740 870 2777">
     <span class='ocr_line' id='line_1_48' title="bbox 414 2740 870 2777; baseline 0 -6"><span class='ocrx_word' id='word_1_251' title='bbox 414 2740 490 2771; x_wconf 70' lang='lat' dir='ltr'>Ball.</span> <span class='ocrx_word' id='word_1_252' title='bbox 508 2740 586 2770; x_wconf 84' lang='lat' dir='ltr'>Rom.</span> <span class='ocrx_word' id='word_1_253' title='bbox 610 2740 666 2770; x_wconf 86' lang='lat' dir='ltr'>Vol.</span> <span class='ocrx_word' id='word_1_254' title='bbox 684 2740 713 2769; x_wconf 77' lang='lat'>1-</span> <span class='ocrx_word' id='word_1_255' title='bbox 763 2774 774 2777; x_wconf 20' lang='grc' dir='ltr'>Α</span> <span class='ocrx_word' id='word_1_256' title='bbox 830 2741 870 2771; x_wconf 81' lang='grc'>23</span> 
     </span>
    </p>
   </div>
   <div class='ocr_carea' id='block_1_17' title="bbox 1138 301 1791 542">
    <p class='ocr_par' dir='ltr' id='par_1_18' title="bbox 1138 301 1791 542">
     <span class='ocr_line' id='line_1_49' title="bbox 1721 301 1790 333; baseline 0 0"><span class='ocrx_word' id='word_1_257' title='bbox 1721 301 1790 333; x_wconf 76' lang='grc'>177</span> 
     </span>
     <span class='ocr_line' id='line_1_50' title="bbox 1311 366 1623 416; baseline -0.003 0"><span class='ocrx_word' id='word_1_258' title='bbox 1311 367 1562 416; x_wconf 74' lang='lat' dir='ltr'><strong>BONIFACIUS</strong></span> <span class='ocrx_word' id='word_1_259' title='bbox 1596 366 1623 415; x_wconf 89' lang='lat' dir='ltr'>V</span> 
     </span>
     <span class='ocr_line' id='line_1_51' title="bbox 1368 449 1566 480; baseline 0.005 -1"><span class='ocrx_word' id='word_1_260' title='bbox 1368 449 1464 479; x_wconf 87' lang='lat' dir='ltr'><strong>PAPA</strong></span> <span class='ocrx_word' id='word_1_261' title='bbox 1487 449 1566 480; x_wconf 81' lang='lat' dir='ltr'>LXXI</span> 
     </span>
     <span class='ocr_line' id='line_1_52' title="bbox 1138 506 1791 542; baseline 0.002 -1"><span class='ocrx_word' id='word_1_262' title='bbox 1138 508 1231 542; x_wconf 80' lang='lat' dir='ltr'>Anno</span> <span class='ocrx_word' id='word_1_263' title='bbox 1254 519 1344 542; x_wconf 85' lang='lat' dir='ltr'>aerae</span> <span class='ocrx_word' id='word_1_264' title='bbox 1366 508 1482 542; x_wconf 76' lang='lat' dir='ltr'>Christi</span> <span class='ocrx_word' id='word_1_265' title='bbox 1505 519 1614 542; x_wconf 87' lang='lat' dir='ltr'>comm.</span> <span class='ocrx_word' id='word_1_266' title='bbox 1640 506 1791 542; x_wconf 82' lang='lat' dir='ltr'>DCXIX.</span> 
     </span>
    </p>
   </div>
   <div class='ocr_carea' id='block_1_18' title="bbox 1087 583 1842 807">
    <p class='ocr_par' dir='ltr' id='par_1_19' title="bbox 1087 583 1842 807">
     <span class='ocr_line' id='line_1_53' title="bbox 1091 583 1842 670; baseline 0.001 -13"><span class='ocrx_word' id='word_1_267' title='bbox 1091 583 1310 664; x_wconf 66' lang='lat' dir='ltr'>Bunifacffis,</span> <span class='ocrx_word' id='word_1_268' title='bbox 1333 623 1460 659; x_wconf 88' lang='lat' dir='ltr'>natione</span> <span class='ocrx_word' id='word_1_269' title='bbox 1481 635 1665 670; x_wconf 81' lang='lat' dir='ltr'>campanus,</span> <span class='ocrx_word' id='word_1_270' title='bbox 1693 623 1732 659; x_wconf 89' lang='lat' dir='ltr'>de</span> <span class='ocrx_word' id='word_1_271' title='bbox 1761 623 1842 659; x_wconf 87' lang='lat' dir='ltr'>civi-</span> 
     </span>
     <span class='ocr_line' id='line_1_54' title="bbox 1089 672 1841 720; baseline 0.004 -15"><span class='ocrx_word' id='word_1_272' title='bbox 1089 679 1149 706; x_wconf 83' lang='lat' dir='ltr'>tate</span> <span class='ocrx_word' id='word_1_273' title='bbox 1170 672 1314 718; x_wconf 77' lang='lat' dir='ltr'>Neapoli,</span> <span class='ocrx_word' id='word_1_274' title='bbox 1338 672 1422 708; x_wconf 88' lang='lat' dir='ltr'>filius</span> <span class='ocrx_word' id='word_1_275' title='bbox 1443 672 1581 718; x_wconf 76' lang='lat' dir='ltr'>Ioannis,</span> <span class='ocrx_word' id='word_1_276' title='bbox 1604 685 1642 708; x_wconf 78' lang='lat' dir='ltr'>ex</span> <span class='ocrx_word' id='word_1_277' title='bbox 1669 673 1841 720; x_wconf 83' lang='lat' dir='ltr'>archipre-</span> 
     </span>
     <span class='ocr_line' id='line_1_55' title="bbox 1088 720 1841 768; baseline 0.004 -13"><span class='ocrx_word' id='word_1_278' title='bbox 1088 720 1211 768; x_wconf 72' lang='lat' dir='ltr'>sbytero</span> <span class='ocrx_word' id='word_1_279' title='bbox 1237 722 1269 756; x_wconf 91' lang='lat' dir='ltr'>in</span> <span class='ocrx_word' id='word_1_280' title='bbox 1293 722 1384 757; x_wconf 88' lang='lat' dir='ltr'>titulo</span> <span class='ocrx_word' id='word_1_281' title='bbox 1405 722 1440 758; x_wconf 92' lang='lat' dir='ltr'>S.</span> <span class='ocrx_word' id='word_1_282' title='bbox 1468 722 1566 763; x_wconf 74' lang='lat' dir='ltr'>sixti,</span> <span class='ocrx_word' id='word_1_283' title='bbox 1593 723 1758 758; x_wconf 81' lang='lat' dir='ltr'>ordinatus</span> <span class='ocrx_word' id='word_1_284' title='bbox 1789 723 1841 758; x_wconf 87' lang='lat' dir='ltr'>die</span> 
     </span>
     <span class='ocr_line' id='line_1_56' title="bbox 1087 769 1839 807; baseline 0.005 -5"><span class='ocrx_word' id='word_1_285' title='bbox 1087 769 1245 806; x_wconf 69' lang='lat' dir='ltr'>«lominica</span> <span class='ocrx_word' id='word_1_286' title='bbox 1273 773 1319 806; x_wconf 83' lang='grc'>25</span> <span class='ocrx_word' id='word_1_287' title='bbox 1342 771 1522 807; x_wconf 86' lang='lat' dir='ltr'>decembris</span> <span class='ocrx_word' id='word_1_288' title='bbox 1543 784 1627 807; x_wconf 88' lang='lat' dir='ltr'>anno</span> <span class='ocrx_word' id='word_1_289' title='bbox 1654 775 1725 807; x_wconf 80' lang='lat'>619</span> <span class='ocrx_word' id='word_1_290' title='bbox 1749 785 1839 806; x_wconf 91' lang='lat' dir='ltr'>sum-</span> 
     </span>
    </p>
   </div>
   <div class='ocr_carea' id='block_1_19' title="bbox 1075 817 1839 867">
    <p class='ocr_par' dir='ltr' id='par_1_20' title="bbox 1075 817 1839 867">
     <span class='ocr_line' id='line_1_57' title="bbox 1075 817 1839 867; baseline 0.004 -14"><span class='ocrx_word' id='word_1_291' title='bbox 1075 817 1158 855; x_wconf 87' lang='lat' dir='ltr'>mus</span> <span class='ocrx_word' id='word_1_292' title='bbox 1184 820 1339 867; x_wconf 76' lang='lat' dir='ltr'>pontifex.</span> <span class='ocrx_word' id='word_1_293' title='bbox 1367 821 1460 856; x_wconf 90' lang='lat' dir='ltr'>Sedit</span> <span class='ocrx_word' id='word_1_294' title='bbox 1476 833 1578 856; x_wconf 85' lang='lat' dir='ltr'>annos</span> <span class='ocrx_word' id='word_1_295' title='bbox 1591 833 1624 862; x_wconf 85' lang='lat' dir='ltr'>v,</span> <span class='ocrx_word' id='word_1_296' title='bbox 1647 833 1775 856; x_wconf 88' lang='lat' dir='ltr'>menses</span> <span class='ocrx_word' id='word_1_297' title='bbox 1792 834 1814 856; x_wconf 82' lang='lat' dir='ltr'><strong>x</strong></span> <span class='ocrx_word' id='word_1_298' title='bbox 1830 849 1839 866; x_wconf 83' lang='lat'><strong>‚</strong></span> 
     </span>
    </p>
   </div>
   <div class='ocr_carea' id='block_1_20' title="bbox 1085 868 1843 1211">
    <p class='ocr_par' dir='ltr' id='par_1_21' title="bbox 1085 868 1843 1211">
     <span class='ocr_line' id='line_1_58' title="bbox 1087 868 1843 917; baseline 0.003 -14"><span class='ocrx_word' id='word_1_299' title='bbox 1087 868 1145 903; x_wconf 91' lang='lat' dir='ltr'>sub</span> <span class='ocrx_word' id='word_1_300' title='bbox 1179 869 1326 905; x_wconf 90' lang='lat' dir='ltr'>Heraclio</span> <span class='ocrx_word' id='word_1_301' title='bbox 1364 870 1565 917; x_wconf 81' lang='lat' dir='ltr'>imperatore.</span> <span class='ocrx_word' id='word_1_302' title='bbox 1602 870 1690 905; x_wconf 90' lang='lat' dir='ltr'>Duas</span> <span class='ocrx_word' id='word_1_303' title='bbox 1729 870 1843 905; x_wconf 85' lang='lat' dir='ltr'>habuit</span> 
     </span>
     <span class='ocr_line' id='line_1_59' title="bbox 1087 918 1841 967; baseline 0.003 -15"><span class='ocrx_word' id='word_1_304' title='bbox 1087 918 1303 954; x_wconf 87' lang='lat' dir='ltr'>ordinationes</span> <span class='ocrx_word' id='word_1_305' title='bbox 1325 919 1579 967; x_wconf 58' lang='lat' dir='ltr'>presbyterorum</span> <span class='ocrx_word' id='word_1_306' title='bbox 1598 920 1841 967; x_wconf 84' lang='lat' dir='ltr'>vigintiseptem</span> 
     </span>
     <span class='ocr_line' id='line_1_60' title="bbox 1087 967 1842 1024; baseline 0.003 -22"><span class='ocrx_word' id='word_1_307' title='bbox 1087 967 1294 1003; x_wconf 86' lang='lat' dir='ltr'>diaconorum</span> <span class='ocrx_word' id='word_1_308' title='bbox 1321 976 1472 1015; x_wconf 86' lang='lat' dir='ltr'>quatuor</span> <span class='ocrx_word' id='word_1_309' title='bbox 1489 969 1664 1024; x_wconf 82' lang='lat' dir='ltr'>episcopos</span> <span class='ocrx_word' id='word_1_310' title='bbox 1685 981 1759 1004; x_wconf 88' lang='lat' dir='ltr'>vero</span> <span class='ocrx_word' id='word_1_311' title='bbox 1785 981 1842 1024; x_wconf 78' lang='lat' dir='ltr'>per</span> 
     </span>
     <span class='ocr_line' id='line_1_61' title="bbox 1085 1016 1841 1065; baseline 0.003 -14"><span class='ocrx_word' id='word_1_312' title='bbox 1085 1017 1209 1053; x_wconf 84' lang='lat' dir='ltr'>diversa</span> <span class='ocrx_word' id='word_1_313' title='bbox 1230 1017 1299 1053; x_wconf 84' lang='lat' dir='ltr'>loca</span> <span class='ocrx_word' id='word_1_314' title='bbox 1320 1018 1436 1053; x_wconf 84' lang='lat' dir='ltr'>creavit</span> <span class='ocrx_word' id='word_1_315' title='bbox 1469 1018 1715 1065; x_wconf 82' lang='lat' dir='ltr'>vigintiseptem.</span> <span class='ocrx_word' id='word_1_316' title='bbox 1749 1016 1841 1053; x_wconf 87' lang='lat' dir='ltr'>Obiit</span> 
     </span>
     <span class='ocr_line' id='line_1_62' title="bbox 1086 1067 1841 1112; baseline 0 -11"><span class='ocrx_word' id='word_1_317' title='bbox 1086 1068 1132 1101; x_wconf 89' lang='grc'>22</span> <span class='ocrx_word' id='word_1_318' title='bbox 1149 1067 1290 1102; x_wconf 85' lang='lat' dir='ltr'>octobris</span> <span class='ocrx_word' id='word_1_319' title='bbox 1303 1079 1387 1103; x_wconf 90' lang='lat' dir='ltr'>anno</span> <span class='ocrx_word' id='word_1_320' title='bbox 1410 1069 1493 1108; x_wconf 81' lang='grc'>625</span> <span class='ocrx_word' id='word_1_321' title='bbox 1516 1079 1553 1103; x_wconf 86' lang='lat' dir='ltr'>ac</span> <span class='ocrx_word' id='word_1_322' title='bbox 1574 1067 1679 1103; x_wconf 86' lang='lat' dir='ltr'>triduo</span> <span class='ocrx_word' id='word_1_323' title='bbox 1704 1076 1773 1112; x_wconf 85' lang='lat' dir='ltr'>post</span> <span class='ocrx_word' id='word_1_324' title='bbox 1788 1080 1841 1102; x_wconf 88' lang='lat' dir='ltr'>se-</span> 
     </span>
     <span class='ocr_line' id='line_1_63' title="bbox 1087 1116 1843 1163; baseline 0.003 -12"><span class='ocrx_word' id='word_1_325' title='bbox 1087 1117 1192 1163; x_wconf 89' lang='lat' dir='ltr'>pultus</span> <span class='ocrx_word' id='word_1_326' title='bbox 1227 1124 1276 1152; x_wconf 90' lang='lat' dir='ltr'>est</span> <span class='ocrx_word' id='word_1_327' title='bbox 1309 1117 1348 1152; x_wconf 90' lang='lat' dir='ltr'>ad</span> <span class='ocrx_word' id='word_1_328' title='bbox 1389 1116 1426 1151; x_wconf 92' lang='grc' dir='ltr'>Β.</span> <span class='ocrx_word' id='word_1_329' title='bbox 1461 1117 1604 1153; x_wconf 91' lang='lat' dir='ltr'>Petrum.</span> <span class='ocrx_word' id='word_1_330' title='bbox 1641 1116 1771 1152; x_wconf 83' lang='lat' dir='ltr'>Vacavit</span> <span class='ocrx_word' id='word_1_331' title='bbox 1792 1129 1843 1153; x_wconf 81' lang='lat' dir='ltr'>se-</span> 
     </span>
     <span class='ocr_line' id='line_1_64' title="bbox 1086 1166 1362 1211; baseline -0.004 -10"><span class='ocrx_word' id='word_1_332' title='bbox 1086 1166 1142 1202; x_wconf 90' lang='lat' dir='ltr'>des</span> <span class='ocrx_word' id='word_1_333' title='bbox 1170 1166 1239 1201; x_wconf 90' lang='lat' dir='ltr'>dies</span> <span class='ocrx_word' id='word_1_334' title='bbox 1261 1178 1282 1200; x_wconf 90' lang='lat' dir='ltr'>v</span> <span class='ocrx_word' id='word_1_335' title='bbox 1308 1169 1362 1211; x_wconf 88' lang='grc'><em>(1).</em></span> 
     </span>
    </p>
   </div>
   <div class='ocr_carea' id='block_1_21' title="bbox 1382 1240 1556 1247">
    <p class='ocr_par' dir='ltr' id='par_1_22' title="bbox 1382 1240 1556 1247">
     <span class='ocr_line' id='line_1_65' title="bbox 1382 1240 1556 1247; baseline 0 0"><span class='ocrx_word' id='word_1_336' title='bbox 1382 1240 1556 1247; x_wconf 95' lang='lat' dir='ltr'> </span> 
     </span>
    </p>
   </div>
   <div class='ocr_carea' id='block_1_22' title="bbox 1329 1296 1596 1345">
    <p class='ocr_par' dir='ltr' id='par_1_23' title="bbox 1329 1296 1596 1345">
     <span class='ocr_line' id='line_1_66' title="bbox 1329 1296 1596 1345; baseline 0.004 -1"><span class='ocrx_word' id='word_1_337' title='bbox 1329 1296 1545 1345; x_wconf 65' lang='lat' dir='ltr'>flexamus</span> <span class='ocrx_word' id='word_1_338' title='bbox 1582 1297 1596 1345; x_wconf 96' lang='lat' dir='ltr'>l</span> 
     </span>
    </p>
   </div>
   <div class='ocr_carea' id='block_1_23' title="bbox 1131 1370 1797 1455">
    <p class='ocr_par' dir='ltr' id='par_1_24' title="bbox 1131 1370 1797 1455">
     <span class='ocr_line' id='line_1_67' title="bbox 1354 1370 1572 1400; baseline 0.005 -1"><span class='ocrx_word' id='word_1_339' title='bbox 1354 1370 1450 1400; x_wconf 70' lang='lat' dir='ltr'>PAPA</span> <span class='ocrx_word' id='word_1_340' title='bbox 1479 1370 1572 1400; x_wconf 81' lang='lat' dir='ltr'>LXXII</span> 
     </span>
     <span class='ocr_line' id='line_1_68' title="bbox 1131 1421 1797 1455; baseline 0 0"><span class='ocrx_word' id='word_1_341' title='bbox 1131 1422 1226 1455; x_wconf 79' lang='lat' dir='ltr'>Anno</span> <span class='ocrx_word' id='word_1_342' title='bbox 1248 1433 1337 1455; x_wconf 78' lang='lat' dir='ltr'>aerae</span> <span class='ocrx_word' id='word_1_343' title='bbox 1362 1421 1477 1455; x_wconf 76' lang='lat' dir='ltr'>Christi</span> <span class='ocrx_word' id='word_1_344' title='bbox 1496 1433 1605 1455; x_wconf 82' lang='lat' dir='ltr'>comm.</span> <span class='ocrx_word' id='word_1_345' title='bbox 1634 1421 1797 1455; x_wconf 78' lang='lat' dir='ltr'><em>DCXXV.</em></span> 
     </span>
    </p>
   </div>
   <div class='ocr_carea' id='block_1_24' title="bbox 1870 308 2055 335">
    <p class='ocr_par' dir='ltr' id='par_1_25' title="bbox 1870 308 2055 335">
     <span class='ocr_line' id='line_1_69' title="bbox 1870 308 2055 335; baseline -0.022 0"><span class='ocrx_word' id='word_1_346' title='bbox 1870 308 1913 335; x_wconf 80' lang='lat' dir='ltr'>An</span> <span class='ocrx_word' id='word_1_347' title='bbox 1951 308 1977 334; x_wconf 74' lang='grc' dir='ltr'>(ἶ,</span> <span class='ocrx_word' id='word_1_348' title='bbox 2004 309 2055 333; x_wconf 70' lang='lat'>‹3:1»</span> 
     </span>
    </p>
   </div>
   <div class='ocr_carea' id='block_1_25' title="bbox 1088 1487 2053 1575">
    <p class='ocr_par' dir='ltr' id='par_1_26' title="bbox 1088 1487 2053 1575">
     <span class='ocr_line' id='line_1_70' title="bbox 1088 1487 2053 1575; baseline -0.001 -13"><span class='ocrx_word' id='word_1_349' title='bbox 1088 1487 1290 1568; x_wconf 70' lang='lat' dir='ltr'>Honorius,</span> <span class='ocrx_word' id='word_1_350' title='bbox 1312 1528 1440 1562; x_wconf 86' lang='lat' dir='ltr'>natione</span> <span class='ocrx_word' id='word_1_351' title='bbox 1470 1539 1656 1575; x_wconf 83' lang='lat' dir='ltr'>campanus,</span> <span class='ocrx_word' id='word_1_352' title='bbox 1679 1528 1765 1563; x_wconf 90' lang='lat' dir='ltr'>filius</span> <span class='ocrx_word' id='word_1_353' title='bbox 1787 1527 1844 1563; x_wconf 82' lang='lat' dir='ltr'>Pe·</span> <span class='ocrx_word' id='word_1_354' title='bbox 1871 1546 1922 1571; x_wconf 38' lang='lat' dir='ltr'>Au&gt;</span> <span class='ocrx_word' id='word_1_355' title='bbox 1953 1546 1971 1572; x_wconf 74' lang='lat'>‹12</span> <span class='ocrx_word' id='word_1_356' title='bbox 2003 1546 2053 1571; x_wconf 53' lang='lat'>033</span> 
     </span>
    </p>
   </div>
   <div class='ocr_carea' id='block_1_26' title="bbox 1085 1577 1844 2107">
    <p class='ocr_par' dir='ltr' id='par_1_27' title="bbox 1085 1577 1844 2107">
     <span class='ocr_line' id='line_1_71' title="bbox 1087 1577 1844 1624; baseline 0.003 -14"><span class='ocrx_word' id='word_1_357' title='bbox 1087 1578 1178 1611; x_wconf 86' lang='lat' dir='ltr'>trouii</span> <span class='ocrx_word' id='word_1_358' title='bbox 1207 1578 1264 1611; x_wconf 70' lang='lat' dir='ltr'>viri</span> <span class='ocrx_word' id='word_1_359' title='bbox 1304 1577 1505 1617; x_wconf 79' lang='lat' dir='ltr'>consularis,</span> <span class='ocrx_word' id='word_1_360' title='bbox 1542 1577 1709 1612; x_wconf 85' lang='lat' dir='ltr'>ordinatus</span> <span class='ocrx_word' id='word_1_361' title='bbox 1743 1578 1844 1624; x_wconf 88' lang='lat' dir='ltr'>ponti-</span> 
     </span>
     <span class='ocr_line' id='line_1_72' title="bbox 1087 1626 1843 1662; baseline 0.001 -2"><span class='ocrx_word' id='word_1_362' title='bbox 1087 1626 1135 1660; x_wconf 80' lang='lat' dir='ltr'>l&#39;ex</span> <span class='ocrx_word' id='word_1_363' title='bbox 1158 1627 1316 1661; x_wconf 78' lang='lat' dir='ltr'>maximus</span> <span class='ocrx_word' id='word_1_364' title='bbox 1344 1627 1396 1661; x_wconf 90' lang='lat' dir='ltr'>die</span> <span class='ocrx_word' id='word_1_365' title='bbox 1432 1626 1593 1662; x_wconf 88' lang='lat' dir='ltr'>dominica</span> <span class='ocrx_word' id='word_1_366' title='bbox 1620 1630 1666 1661; x_wconf 91' lang='grc'>27</span> <span class='ocrx_word' id='word_1_367' title='bbox 1702 1627 1843 1662; x_wconf 90' lang='lat' dir='ltr'>octobris</span> 
     </span>
     <span class='ocr_line' id='line_1_73' title="bbox 1086 1676 1844 1724; baseline 0.003 -15"><span class='ocrx_word' id='word_1_368' title='bbox 1086 1688 1168 1711; x_wconf 86' lang='lat' dir='ltr'>auno</span> <span class='ocrx_word' id='word_1_369' title='bbox 1190 1678 1274 1724; x_wconf 75' lang='grc'>625,</span> <span class='ocrx_word' id='word_1_370' title='bbox 1309 1676 1389 1710; x_wconf 79' lang='lat' dir='ltr'>sedit</span> <span class='ocrx_word' id='word_1_371' title='bbox 1416 1676 1592 1723; x_wconf 83' lang='lat' dir='ltr'>imperante</span> <span class='ocrx_word' id='word_1_372' title='bbox 1614 1676 1762 1712; x_wconf 87' lang='lat' dir='ltr'>Heraclio</span> <span class='ocrx_word' id='word_1_373' title='bbox 1784 1689 1844 1711; x_wconf 89' lang='lat' dir='ltr'>an—</span> 
     </span>
     <span class='ocr_line' id='line_1_74' title="bbox 1087 1725 1842 1770; baseline 0.003 -12"><span class='ocrx_word' id='word_1_374' title='bbox 1087 1738 1143 1760; x_wconf 88' lang='lat' dir='ltr'>nos</span> <span class='ocrx_word' id='word_1_375' title='bbox 1165 1738 1227 1769; x_wconf 78' lang='lat' dir='ltr'>xn</span> <span class='ocrx_word' id='word_1_376' title='bbox 1255 1738 1381 1759; x_wconf 85' lang='lat' dir='ltr'>meuses</span> <span class='ocrx_word' id='word_1_377' title='bbox 1403 1737 1450 1765; x_wconf 79' lang='lat' dir='ltr'>xi,</span> <span class='ocrx_word' id='word_1_378' title='bbox 1473 1726 1542 1761; x_wconf 84' lang='lat' dir='ltr'>dies</span> <span class='ocrx_word' id='word_1_379' title='bbox 1564 1738 1623 1760; x_wconf 70' lang='lat' dir='ltr'>XIV</span> <span class='ocrx_word' id='word_1_380' title='bbox 1651 1729 1706 1770; x_wconf 89' lang='grc'>(2).</span> <span class='ocrx_word' id='word_1_381' title='bbox 1727 1725 1842 1760; x_wconf 77' lang='lat' dir='ltr'>Tribus</span> 
     </span>
     <span class='ocr_line' id='line_1_75' title="bbox 1086 1753 1842 1829; baseline 0.003 -21"><span class='ocrx_word' id='word_1_382' title='bbox 1086 1753 1338 1809; x_wconf 66' lang='lat' dir='ltr'>01dinati⁷onibus</span> <span class='ocrx_word' id='word_1_383' title='bbox 1360 1774 1476 1809; x_wconf 82' lang='lat' dir='ltr'>creavit</span> <span class='ocrx_word' id='word_1_384' title='bbox 1498 1775 1697 1829; x_wconf 52' lang='lat' dir='ltr'>presbyeros</span> <span class='ocrx_word' id='word_1_385' title='bbox 1717 1775 1842 1810; x_wconf 89' lang='lat' dir='ltr'>tresde-</span> 
     </span>
     <span class='ocr_line' id='line_1_76' title="bbox 1086 1824 1842 1879; baseline 0.003 -22"><span class='ocrx_word' id='word_1_386' title='bbox 1086 1825 1160 1863; x_wconf 84' lang='lat' dir='ltr'>cim,</span> <span class='ocrx_word' id='word_1_387' title='bbox 1192 1824 1343 1859; x_wconf 78' lang='lat' dir='ltr'>diaconos</span> <span class='ocrx_word' id='word_1_388' title='bbox 1375 1824 1560 1869; x_wconf 75' lang='lat' dir='ltr'>duodecim,</span> <span class='ocrx_word' id='word_1_389' title='bbox 1589 1837 1758 1879; x_wconf 81' lang='lat' dir='ltr'>episcopos</span> <span class='ocrx_word' id='word_1_390' title='bbox 1786 1836 1842 1871; x_wconf 92' lang='lat' dir='ltr'>per</span> 
     </span>
     <span class='ocr_line' id='line_1_77' title="bbox 1086 1874 1842 1920; baseline 0.003 -14"><span class='ocrx_word' id='word_1_391' title='bbox 1086 1874 1205 1908; x_wconf 67' lang='lat' dir='ltr'>dixersa</span> <span class='ocrx_word' id='word_1_392' title='bbox 1228 1874 1297 1908; x_wconf 87' lang='lat' dir='ltr'>loca</span> <span class='ocrx_word' id='word_1_393' title='bbox 1321 1886 1417 1908; x_wconf 91' lang='lat' dir='ltr'>unum</span> <span class='ocrx_word' id='word_1_394' title='bbox 1434 1881 1464 1908; x_wconf 89' lang='lat' dir='ltr'>et</span> <span class='ocrx_word' id='word_1_395' title='bbox 1480 1874 1671 1920; x_wconf 73' lang='lat' dir='ltr'>octuaginta.</span> <span class='ocrx_word' id='word_1_396' title='bbox 1688 1874 1777 1909; x_wconf 79' lang='lat' dir='ltr'>Obiit</span> <span class='ocrx_word' id='word_1_397' title='bbox 1792 1874 1842 1909; x_wconf 87' lang='lat' dir='ltr'>die</span> 
     </span>
     <span class='ocr_line' id='line_1_78' title="bbox 1089 1923 1839 1970; baseline 0.001 -14"><span class='ocrx_word' id='word_1_398' title='bbox 1089 1926 1126 1957; x_wconf 90' lang='lat' dir='ltr'>ll</span> <span class='ocrx_word' id='word_1_399' title='bbox 1160 1923 1300 1958; x_wconf 86' lang='lat' dir='ltr'>octobris</span> <span class='ocrx_word' id='word_1_400' title='bbox 1322 1935 1405 1957; x_wconf 90' lang='lat' dir='ltr'>anno</span> <span class='ocrx_word' id='word_1_401' title='bbox 1427 1924 1498 1957; x_wconf 81' lang='lat'>658</span> <span class='ocrx_word' id='word_1_402' title='bbox 1516 1952 1523 1965; x_wconf 76' lang='grc'>,</span> <span class='ocrx_word' id='word_1_403' title='bbox 1555 1923 1767 1970; x_wconf 87' lang='lat' dir='ltr'>sequentique</span> <span class='ocrx_word' id='word_1_404' title='bbox 1789 1924 1839 1958; x_wconf 86' lang='lat' dir='ltr'>die</span> 
     </span>
     <span class='ocr_line' id='line_1_79' title="bbox 1085 1972 1844 2019; baseline 0.003 -13"><span class='ocrx_word' id='word_1_405' title='bbox 1085 1973 1228 2019; x_wconf 79' lang='lat' dir='ltr'>sepultus</span> <span class='ocrx_word' id='word_1_406' title='bbox 1249 1980 1297 2007; x_wconf 88' lang='lat' dir='ltr'>est</span> <span class='ocrx_word' id='word_1_407' title='bbox 1330 1972 1360 2006; x_wconf 93' lang='lat' dir='ltr'>in</span> <span class='ocrx_word' id='word_1_408' title='bbox 1385 1972 1513 2008; x_wconf 72' lang='lat' dir='ltr'>basilica</span> <span class='ocrx_word' id='word_1_409' title='bbox 1534 1972 1624 2008; x_wconf 91' lang='lat' dir='ltr'>Beati</span> <span class='ocrx_word' id='word_1_410' title='bbox 1652 1973 1737 2007; x_wconf 83' lang='lat' dir='ltr'>Petri</span> <span class='ocrx_word' id='word_1_411' title='bbox 1764 1985 1844 2019; x_wconf 86' lang='lat' dir='ltr'>apo-</span> 
     </span>
     <span class='ocr_line' id='line_1_80' title="bbox 1085 2022 1842 2067; baseline 0 -11"><span class='ocrx_word' id='word_1_412' title='bbox 1085 2023 1167 2056; x_wconf 90' lang='lat' dir='ltr'>stoli.</span> <span class='ocrx_word' id='word_1_413' title='bbox 1190 2022 1320 2056; x_wconf 74' lang='lat' dir='ltr'>Vacavit</span> <span class='ocrx_word' id='word_1_414' title='bbox 1334 2022 1425 2057; x_wconf 89' lang='lat' dir='ltr'>sedes</span> <span class='ocrx_word' id='word_1_415' title='bbox 1446 2034 1565 2057; x_wconf 90' lang='lat' dir='ltr'>annum</span> <span class='ocrx_word' id='word_1_416' title='bbox 1587 2035 1610 2064; x_wconf 85' lang='lat'>1,</span> <span class='ocrx_word' id='word_1_417' title='bbox 1633 2034 1762 2058; x_wconf 79' lang='lat' dir='ltr'>meuses</span> <span class='ocrx_word' id='word_1_418' title='bbox 1782 2033 1842 2067; x_wconf 66' lang='lat' dir='ltr'>vu,</span> 
     </span>
     <span class='ocr_line' id='line_1_81' title="bbox 1086 2072 1267 2107; baseline -0.006 -1"><span class='ocrx_word' id='word_1_419' title='bbox 1086 2072 1152 2107; x_wconf 89' lang='lat' dir='ltr'>dies</span> <span class='ocrx_word' id='word_1_420' title='bbox 1172 2083 1267 2106; x_wconf 76' lang='lat' dir='ltr'>mu.</span> 
     </span>
    </p>
   </div>
   <div class='ocr_carea' id='block_1_27' title="bbox 1451 2165 1476 2200">
    <p class='ocr_par' dir='ltr' id='par_1_28' title="bbox 1451 2165 1476 2200">
     <span class='ocr_line' id='line_1_82' title="bbox 1451 2165 1476 2200; baseline 0 0"><span class='ocrx_word' id='word_1_421' title='bbox 1451 2165 1476 2200; x_wconf 92' lang='lat' dir='ltr'>I.</span> 
     </span>
    </p>
   </div>
   <div class='ocr_carea' id='block_1_28' title="bbox 1121 2238 1801 2333">
    <p class='ocr_par' dir='ltr' id='par_1_29' title="bbox 1121 2238 1801 2333">
     <span class='ocr_line' id='line_1_83' title="bbox 1121 2238 1801 2283; baseline 0.001 -12"><span class='ocrx_word' id='word_1_422' title='bbox 1121 2238 1346 2272; x_wconf 76' lang='lat' dir='ltr'>Monasterium</span> <span class='ocrx_word' id='word_1_423' title='bbox 1367 2239 1515 2272; x_wconf 82' lang='lat' dir='ltr'>Bobiense</span> <span class='ocrx_word' id='word_1_424' title='bbox 1534 2239 1590 2272; x_wconf 78' lang='lat' dir='ltr'>sub</span> <span class='ocrx_word' id='word_1_425' title='bbox 1612 2239 1801 2283; x_wconf 79' lang='lat' dir='ltr'>protectione</span> 
     </span>
     <span class='ocr_line' id='line_1_84' title="bbox 1177 2288 1735 2333; baseline 0 -12"><span class='ocrx_word' id='word_1_426' title='bbox 1177 2288 1256 2322; x_wconf 83' lang='lat' dir='ltr'>sedis</span> <span class='ocrx_word' id='word_1_427' title='bbox 1281 2289 1467 2333; x_wconf 74' lang='lat' dir='ltr'>apostolicae</span> <span class='ocrx_word' id='word_1_428' title='bbox 1487 2289 1655 2333; x_wconf 74' lang='lat' dir='ltr'>suscipitur</span> <span class='ocrx_word' id='word_1_429' title='bbox 1677 2290 1735 2332; x_wconf 92' lang='lat'>(5).</span> 
     </span>
    </p>
   </div>
   <div class='ocr_carea' id='block_1_29' title="bbox 1354 2358 1571 2389">
    <p class='ocr_par' dir='ltr' id='par_1_30' title="bbox 1354 2358 1571 2389">
     <span class='ocr_line' id='line_1_85' title="bbox 1354 2358 1571 2389; baseline -0.005 0"><span class='ocrx_word' id='word_1_430' title='bbox 1354 2358 1571 2389; x_wconf 74' lang='lat' dir='ltr'>SUMMARum</span> 
     </span>
    </p>
   </div>
   <div class='ocr_carea' id='block_1_30' title="bbox 1086 2420 1842 2571">
    <p class='ocr_par' dir='ltr' id='par_1_31' title="bbox 1086 2420 1842 2571">
     <span class='ocr_line' id='line_1_86' title="bbox 1086 2420 1841 2460; baseline -0.001 -10"><span class='ocrx_word' id='word_1_431' title='bbox 1086 2420 1254 2450; x_wconf 82' lang='lat' dir='ltr'>Exordium.</span> <span class='ocrx_word' id='word_1_432' title='bbox 1271 2438 1311 2443; x_wconf 91' lang='lat'>—</span> <span class='ocrx_word' id='word_1_433' title='bbox 1325 2420 1468 2460; x_wconf 79' lang='lat' dir='ltr'>Cuiquam</span> <span class='ocrx_word' id='word_1_434' title='bbox 1485 2421 1744 2451; x_wconf 87' lang='lat' dir='ltr'>iurisdietionem</span> <span class='ocrx_word' id='word_1_435' title='bbox 1737 2430 1766 2450; x_wconf 84' lang='lat' dir='ltr'>in</span> <span class='ocrx_word' id='word_1_436' title='bbox 1779 2429 1841 2449; x_wconf 88' lang='lat' dir='ltr'>mo-</span> 
     </span>
     <span class='ocr_line' id='line_1_87' title="bbox 1126 2460 1842 2501; baseline 0 -11"><span class='ocrx_word' id='word_1_437' title='bbox 1126 2462 1256 2491; x_wconf 83' lang='lat' dir='ltr'>nasterio</span> <span class='ocrx_word' id='word_1_438' title='bbox 1282 2466 1398 2501; x_wconf 82' lang='lat' dir='ltr'>praeter</span> <span class='ocrx_word' id='word_1_439' title='bbox 1419 2461 1555 2491; x_wconf 86' lang='lat' dir='ltr'>abbatem</span> <span class='ocrx_word' id='word_1_440' title='bbox 1578 2461 1688 2490; x_wconf 84' lang='lat' dir='ltr'>habere</span> <span class='ocrx_word' id='word_1_441' title='bbox 1716 2460 1842 2490; x_wconf 85' lang='lat' dir='ltr'>inteldi-</span> 
     </span>
     <span class='ocr_line' id='line_1_88' title="bbox 1127 2500 1840 2539; baseline 0 -9"><span class='ocrx_word' id='word_1_442' title='bbox 1127 2501 1213 2530; x_wconf 91' lang='lat' dir='ltr'>citur.</span> <span class='ocrx_word' id='word_1_443' title='bbox 1230 2501 1388 2531; x_wconf 76' lang='lat' dir='ltr'>Missurum</span> <span class='ocrx_word' id='word_1_444' title='bbox 1411 2502 1498 2531; x_wconf 85' lang='lat' dir='ltr'>etiam</span> <span class='ocrx_word' id='word_1_445' title='bbox 1522 2500 1668 2531; x_wconf 87' lang='lat' dir='ltr'>solemnia</span> <span class='ocrx_word' id='word_1_446' title='bbox 1686 2509 1782 2539; x_wconf 81' lang='lat' dir='ltr'>agere.</span> <span class='ocrx_word' id='word_1_447' title='bbox 1800 2517 1840 2522; x_wconf 98' lang='lat'><strong>—</strong></span> 
     </span>
     <span class='ocr_line' id='line_1_89' title="bbox 1126 2540 1541 2571; baseline -0.002 0"><span class='ocrx_word' id='word_1_448' title='bbox 1126 2540 1298 2571; x_wconf 78' lang='lat' dir='ltr'>Adhortatio</span> <span class='ocrx_word' id='word_1_449' title='bbox 1316 2542 1352 2571; x_wconf 88' lang='lat' dir='ltr'>ad</span> <span class='ocrx_word' id='word_1_450' title='bbox 1370 2541 1541 2571; x_wconf 84' lang='lat' dir='ltr'>monachos.</span> 
     </span>
    </p>
   </div>
   <div class='ocr_carea' id='block_1_31' title="bbox 1086 2593 1838 2729">
    <p class='ocr_par' dir='ltr' id='par_1_32' title="bbox 1087 2593 1827 2729">
     <span class='ocr_line' id='line_1_90' title="bbox 1123 2593 1527 2629; baseline 0 -9"><span class='ocrx_word' id='word_1_451' title='bbox 1123 2594 1161 2629; x_wconf 91' lang='grc'>(1)</span> <span class='ocrx_word' id='word_1_452' title='bbox 1182 2593 1223 2620; x_wconf 76' lang='grc' dir='ltr'>ΑΙ)</span> <span class='ocrx_word' id='word_1_453' title='bbox 1239 2594 1313 2621; x_wconf 88' lang='lat' dir='ltr'>obitu</span> <span class='ocrx_word' id='word_1_454' title='bbox 1325 2593 1527 2629; x_wconf 85' lang='lat' dir='ltr'>computandos.</span> 
     </span>
     <span class='ocr_line' id='line_1_91' title="bbox 1086 2628 1836 2661; baseline -0.004 -4.937"><span class='ocrx_word' id='word_1_455' title='bbox 1086 2630 1151 2656; x_wconf 84' lang='lat' dir='ltr'>siani</span> <span class='ocrx_word' id='word_1_456' title='bbox 1167 2629 1252 2656; x_wconf 90' lang='lat' dir='ltr'>Codd.</span> <span class='ocrx_word' id='word_1_457' title='bbox 1268 2629 1367 2656; x_wconf 85' lang='lat' dir='ltr'>habent</span> <span class='ocrx_word' id='word_1_458' title='bbox 1383 2630 1409 2656; x_wconf 91' lang='lat' dir='ltr'>d.</span> <span class='ocrx_word' id='word_1_459' title='bbox 1427 2637 1498 2661; x_wconf 80' lang='lat' dir='ltr'>xvn,</span> <span class='ocrx_word' id='word_1_460' title='bbox 1515 2629 1622 2656; x_wconf 80' lang='lat' dir='ltr'>inclusis</span> <span class='ocrx_word' id='word_1_461' title='bbox 1634 2629 1715 2656; x_wconf 80' lang='lat' dir='ltr'>fortas</span> <span class='ocrx_word' id='word_1_462' title='bbox 1717 2636 1745 2655; x_wconf 89' lang='lat' dir='ltr'>se</span> <span class='ocrx_word' id='word_1_463' title='bbox 1761 2628 1836 2654; x_wconf 79' lang='lat' dir='ltr'>orli-</span> 
     </span>
     <span class='ocr_line' id='line_1_92' title="bbox 1088 2663 1838 2701; baseline -0.001 -10"><span class='ocrx_word' id='word_1_464' title='bbox 1088 2665 1201 2692; x_wconf 84' lang='lat' dir='ltr'>nationis</span> <span class='ocrx_word' id='word_1_465' title='bbox 1221 2668 1248 2692; x_wconf 86' lang='lat' dir='ltr'>et</span> <span class='ocrx_word' id='word_1_466' title='bbox 1271 2665 1445 2701; x_wconf 86' lang='lat' dir='ltr'>depositionis</span> <span class='ocrx_word' id='word_1_467' title='bbox 1464 2665 1567 2692; x_wconf 88' lang='lat' dir='ltr'>diebus.</span> <span class='ocrx_word' id='word_1_468' title='bbox 1605 2665 1645 2700; x_wconf 84' lang='lat'>(5)</span> <span class='ocrx_word' id='word_1_469' title='bbox 1670 2665 1710 2692; x_wconf 81' lang='lat' dir='ltr'>Ex</span> <span class='ocrx_word' id='word_1_470' title='bbox 1735 2663 1838 2699; x_wconf 79' lang='lat' dir='ltr'>Ughell.</span> 
     </span>
     <span class='ocr_line' id='line_1_93' title="bbox 1087 2700 1528 2729; baseline -0.002 -1"><span class='ocrx_word' id='word_1_471' title='bbox 1087 2701 1144 2728; x_wconf 76' lang='lat' dir='ltr'>Ital.</span> <span class='ocrx_word' id='word_1_472' title='bbox 1162 2701 1222 2728; x_wconf 81' lang='lat' dir='ltr'>Sao.</span> <span class='ocrx_word' id='word_1_473' title='bbox 1235 2700 1299 2728; x_wconf 79' lang='lat' dir='ltr'>edit</span> <span class='ocrx_word' id='word_1_474' title='bbox 1317 2708 1387 2728; x_wconf 89' lang='lat' dir='ltr'>rom.</span> <span class='ocrx_word' id='word_1_475' title='bbox 1404 2705 1471 2729; x_wconf 79' lang='lat' dir='ltr'>tom.</span> <span class='ocrx_word' id='word_1_476' title='bbox 1488 2708 1528 2728; x_wconf 81' lang='lat' dir='ltr'>iv.</span> 
     </span>
    </p>
   </div>
   <div class='ocr_carea' id='block_1_32' title="bbox 1567 2592 1839 2628">
    <p class='ocr_par' dir='ltr' id='par_1_33' title="bbox 1567 2592 1839 2628">
     <span class='ocr_line' id='line_1_94' title="bbox 1567 2592 1839 2628; baseline -0.008 -8"><span class='ocrx_word' id='word_1_477' title='bbox 1567 2593 1606 2628; x_wconf 93' lang='grc'>(2)</span> <span class='ocrx_word' id='word_1_478' title='bbox 1623 2593 1711 2628; x_wconf 74' lang='lat' dir='ltr'>Aliqui</span> <span class='ocrx_word' id='word_1_479' title='bbox 1728 2592 1839 2619; x_wconf 76' lang='lat' dir='ltr'>Anasta-</span> 
     </span>
    </p>
   </div>
  </div>
 </body>
</html>
