2237 3127
83 316 136 344 An.
168 315 197 343 C.
219 316 270 344 730

917 318 1104 341 GnEGoutUS

1131 318 1155 340 ιι
1183 318 1233 341 ῐψ.
1727 310 1792 343 2⁶21

297 372 456 410 onerasti,
480 381 508 406 ‹·t
531 372 694 407 obstaculo
722 372 782 407 illis
805 371 898 413 suisti,
928 374 1048 407 tametsi
1096 373 1265 419 pertinacia
1295 372 1478 418 praeditus,
1513 374 1662 421 illiusque
1694 376 1846 422 temporis

298 435 354 468 pro
383 423 480 457 nihilo
504 423 585 456 istud
614 422 721 462 hahes,
745 430 773 456 et
798 422 959 468 imperitus
984 422 1049 456 red-

295 471 416 515 didisti,
433 480 616 518 rectumque
632 471 796 506 hominnm
813 483 941 505 cursum
957 472 1050 505 inter-

296 521 427 568 rupisti,
454 534 489 556 ac
518 521 664 568 precibus
687 521 772 567 ipsos
801 520 925 567 privasti
949 528 979 554 et
1003 521 1048 554 vi—

294 571 438 616 giliarum
463 571 532 605 loco
558 579 652 616 atque
680 569 891 613 assiduitatis,
915 577 945 603 et
972 577 1048 604 stu—

295 620 354 655 diis
375 633 446 666 erga
468 620 585 658 Deum,
610 620 639 653 in
663 631 822 659 somnum,
846 626 876 652 et
903 618 1047 653 dormita-

295 670 437 710 tionem,
471 677 502 704 et
540 669 571 703 in
599 669 719 703 curiam
750 668 886 702 humiles
911 668 1045 714 populos

296 719 479 766 pervolvisti
501 730 538 753 ac
561 717 749 765 praecipites
775 717 878 763 egisti.
902 717 943 751 Et
966 717 1045 751 dicis

295 781 353 803 nos
374 768 514 814 lapides,
537 775 568 803 et
591 767 726 814 parietes
747 779 783 801 ac
810 766 941 801 tabellas
968 767 1045 801 ado-

141 844 150 855 „
173 842 267 854 ιω...-
296 830 374 854 rare,
397 817 467 852 Non
491 817 531 851 ita
559 824 606 851 est
643 824 676 850 nt
710 817 811 856 dicis,
850 816 1044 863 imperator,

81 868 121 890 (lae
170 869 268 891 lidclibus

100 908 252 933 proponantur

113 940 226 969 imagines.

293 867 349 902 sed
383 874 417 901 ut
446 866 598 901 memoria
648 874 752 901 nostra
795 866 977 907 excitetur,
1015 874 1045 899 et

296 924 329 951 ut
351 916 462 951 stolida
480 944 488 957 ‚
511 923 541 951 et
570 916 715 963 imperita
731 943 740 960 ,
765 927 933 962 crassaque
955 928 1043 949 mens

295 974 400 1001 nostra
422 966 579 1012 erigatur,
601 973 632 1000 et
664 965 692 999 in
720 965 817 999 altum
855 965 1045 1012 provehatur

295 1028 349 1063 per
370 1027 436 1056 eos,
458 1028 593 1062 quorum
611 1016 686 1049 haec
702 1015 840 1055 nomina,
864 1022 893 1049 et
909 1028 1043 1062 qnorum

291 1065 536 1112 appellationes,
558 1072 589 1099 et
615 1077 750 1111 quorun]
776 1065 834 1099 hae
861 1072 936 1099 sunt
963 1064 1044 1099 iina-

291 1116 400 1160 gine33
423 1123 453 1149 et
476 1127 536 1149 non
574 1123 731 1160 tamquam
754 1115 839 1148 Deos
873 1122 905 1148 ut
940 1122 970 1149 tu
994 1115 1044 1148 in—

291 1165 379 1211 quis;
402 1164 498 1205 absit;
523 1176 583 1199 non
607 1165 692 1198 enim
720 1176 808 1211 spem
843 1164 873 1198 in
897 1163 957 1197 illis
980 1164 1044 1198 ha—

292 1213 426 1258 bemus,
449 1225 485 1248 ac
507 1214 666 1260 siquidem
696 1214 798 1257 imago
821 1214 861 1248 sit
889 1213 1043 1258 Domini,

291 1263 450 1299 dicimus:
479 1262 614 1298 Domine
646 1263 716 1298 Iesu
745 1264 871 1297 Christe
896 1263 938 1297 lili
967 1264 1042 1308 Dei,

291 1324 455 1354 succurre,
470 1320 500 1347 et
518 1313 600 1347 salva
621 1325 694 1347 nos:
720 1313 766 1347 sin
790 1321 893 1347 autem
917 1321 1043 1348 sanetae

292 1362 401 1397 Matris
434 1362 513 1406 eius,
541 1362 691 1397 dicimus:
719 1362 833 1397 Sancta
856 1362 912 1397 Dei
937 1362 1044 1397 Gene-

293 1412 351 1446 trix
362 1440 370 1453 ,
384 1412 514 1446 Domini
529 1412 638 1456 Mater,
654 1412 813 1446 intercede
831 1412 912 1459 apud
928 1412 1043 1446 Filium

293 1469 384 1496 tuum
416 1473 526 1495 verum
558 1461 661 1495 Deum
698 1469 840 1495 nostruin
877 1469 908 1495 ut
942 1461 1042 1496 salvas

1093 422 1311 457 sacerdotibus
1340 422 1401 456 vim
1433 423 1598 465 aller-chat,
1630 433 1661 458 nt
1697 433 1727 459 tu
1757 424 1842 460 facis.

1092 470 1182 504 Illum
1222 471 1377 518 siquidem
1415 481 1596 519 serpentem
1631 474 1845 510 sanctificatus

1091 519 1189 554 David
1215 533 1275 556 una
1298 533 1369 555 eum
1394 521 1474 555 Arca
1504 531 1610 557 sancta
1639 523 1668 557 in
1689 524 1843 570 templum

1090 569 1216 603 invexit.
1241 570 1323 612 Quid
1341 570 1426 604 enim
1446 571 1522 605 illud
1546 579 1628 611 erat,
1654 573 1712 607 nisi
1736 586 1844 608 eonse-

1088 626 1210 653 cratum
1243 632 1258 653 a
1291 619 1358 654 Deo
1392 629 1633 660 aeramentum,
1663 630 1693 656 et
1716 631 1844 670 propter

1087 679 1153 711 eos,
1177 668 1229 714 qui
1248 676 1316 703 tum
1338 669 1422 714 aegri
1445 678 1532 704 erant
1555 678 1584 705 et
1606 683 1620 705 a
1637 672 1839 718 serpentibus

1088 716 1188 751 laesi?
1219 725 1250 751 ut
1278 718 1403 765 populis
1430 718 1702 755 demonstraretur
1730 722 1766 762 is,
1788 723 1842 769 qui

1088 766 1189 812 primo
1213 767 1361 813 figmento
1396 779 1413 802 a
1446 763 1513 803 Deo
1549 769 1680 805 formato
1717 771 1842 806 Adamo

1086 823 1117 850 et
1140 815 1223 851 Evae
1246 824 1410 864 peecatum
1436 826 1653 864 suggesserat,
1683 820 1786 867 ipsum
1811 822 1841 857 in

1087 865 1240 900 medelam
1285 874 1484 913 peccatorum
1525 869 1697 903 constitnit.
1732 869 1774 904 At
1810 880 1841 905 tu

1086 922 1180 961 prout
1202 915 1368 961 gloriaris,
1397 923 1466 962 post
1495 929 1596 952 annos
1628 917 1756 953 deinum
1784 932 1841 954 oc-

1087 965 1244 1009 tingentos
1272 965 1525 1000 benedictionem
1549 979 1585 1000 cx
1613 967 1754 1002 ecelesiis
1780 969 1842 1004 eie-

1086 1014 1176 1057 cisti,
1211 1026 1247 1049 ac
1282 1023 1452 1062 martyrum
1484 1016 1786 1059 san‹:tilieati0nem;
1810 1026 1841 1053 et

1085 1064 1177 1098 sicuti
1224 1072 1307 1099 recte
1347 1065 1436 1099 initio
1472 1065 1636 1101 consessus
1671 1079 1732 1108 es,
1770 1068 1840 1103 data

1086 1125 1181 1160 opera
1204 1126 1265 1148 non
1281 1127 1318 1148 ex
1340 1114 1443 1161 aliqua
1460 1115 1662 1151 necessitate:
1680 1125 1840 1163 postremo

1085 1171 1190 1198 autem
1206 1175 1300 1198 manu
1317 1164 1440 1211 propria
1463 1164 1679 1209 subscribens,
1697 1166 1728 1200 in
1747 1176 1841 1214 caput

1085 1220 1174 1247 tuum
1213 1213 1352 1260 ipsorum
1397 1215 1626 1249 execrationem
1668 1215 1839 1252 detorsisti.

1084 1262 1251 1297 Voluimus
1280 1271 1309 1297 et
1343 1275 1417 1303 nos,
1447 1271 1554 1310 utpote
1576 1265 1628 1311 qui
1659 1265 1837 1301 facultatem

1085 1320 1115 1346 et
1140 1320 1340 1359 potestatem,
1360 1320 1454 1359 atque
1469 1314 1685 1349 auctoritatem
1700 1328 1715 1349 a
1731 1325 1839 1351 sancto

1086 1361 1178 1396 Petro
1219 1361 1361 1408 principe
1396 1363 1611 1409 apostolorum
1661 1364 1838 1411 habemus,

1084 1411 1139 1445 tibi
1180 1419 1312 1457 poenam
1344 1412 1503 1457 irrogare:
1531 1413 1585 1447 sed
1622 1414 1771 1460 quoniam
1807 1415 1838 1450 in

1085 1462 1220 1507 teipsum
1244 1461 1475 1495 execrationem
1500 1462 1669 1508 ingessisti,
1698 1464 1751 1498 tihi
1777 1465 1839 1499 ha—

294 1511 384 1546 faciat
405 1511 527 1545 animas
551 1519 687 1545 nostras:
714 1512 762 1545 sin
792 1524 863 1545 vero
885 1512 1040 1558 martyris:
1061 1498 1065 1543 l
1085 1510 1156 1544 beto
1192 1510 1277 1544 illam
1312 1522 1384 1545 cum
1409 1511 1597 1546 consiliariis
1631 1513 1691 1547 tuis
1707 1541 1716 1551 ,
1757 1527 1839 1561 quos

291 1560 405 1595 Sancte
427 1560 599 1606 Stephane,
622 1560 675 1607 qui
693 1574 748 1607 pro
766 1561 892 1595 Christo
913 1561 1044 1606 sangui·
1085 1560 1314 1607 complecteris.
1338 1560 1630 1608 Qualem,(piaes0,
1646 1563 1840 1598 aedificatio-

292 1623 362 1645 nem
387 1610 507 1654 fudisti,
522 1610 574 1656 qui
605 1618 638 1644 ut
661 1618 869 1657 protomartyr
892 1610 1042 1656 loquendi
1086 1621 1176 1650 nem,
1203 1619 1233 1644 et
1252 1622 1381 1645 cursum
1401 1624 1523 1651 eorum,
1546 1612 1598 1658 qui
1624 1620 1706 1646 recte
1729 1625 1836 1648 curre-

290 1659 513 1694 confidentiam
538 1660 651 1703 hahes,
676 1660 832 1694 intercede
862 1672 916 1706 pro
940 1660 1040 1694 nohis.
1062 1669 1065 1698 ι
1085 1658 1171 1699 haut,
1201 1659 1417 1706 interrupisti?
1440 1660 1530 1694 Noxit
1559 1661 1695 1696 charitas
1709 1663 1838 1698 Christi.

290 1709 330 1744 Et
365 1709 404 1744 de
441 1708 553 1756 quovis
590 1719 735 1756 martyre,
763 1710 816 1756 qui
858 1722 968 1756 passus
996 1700 1149 1768 est'Nos
1173 1709 1231 1755 ipsi
1267 1722 1339 1743 cum
1376 1710 1541 1744 ecch-siam
1567 1710 1778 1755 ingredimur,
1810 1721 1840 1747 et

293 1759 489 1806 martyrium,
514 1759 552 1793 ita
581 1758 742 1803 dicimus,
779 1759 855 1793 tales
892 1772 945 1805 per
974 1760 1043 1793 illos

292 1820 403 1855 preces
425 1808 606 1848 offerinms3
641 1820 699 1842 nec
729 1809 768 1842 ita
803 1816 850 1842 est
880 1816 912 1841 ut
938 1808 1040 1853 dicis,

239 1856 242 1858 v
290 1859 483 1905 imperator,
511 1858 599 1904 quasi
623 1858 707 1892 Deos
742 1865 893 1904 martyres
926 1858 1043 1904 appel-

93 2613 206 2637 l'uutilicis
224 2623 259 2637 re-

76 2650 166 2681 sponsio
176 2667 181 2673 .

290 1907 403 1942 lemus.
427 1907 540 1941 Ami-te
559 1908 765 1953 cogitationes
789 1915 856 1941 tuas
879 1908 986 1946 nial-as,
1014 1915 1042 1942 te

288 1957 440 1997 obtestor,
463 1965 491 1991 et
519 1956 615 1991 libera
638 1957 775 1990 animam
800 1964 883 1991 tuam
906 1969 921 1991 a
951 1970 1043 1991 sran-

289 2007 368 2041 dalis
383 2034 391 2048 ,
413 2015 443 2041 et
465 2006 729 2050 execrationibus,
761 2006 879 2052 quibus
910 2006 947 2039 al)
972 2007 1044 2040 uni-

290 2068 380 2091 verso
414 2055 531 2090 mundo
567 2055 754 2094 incesseris,
783 2056 1041 2102 ‹pntudoquidem

290 2106 340 2140 vel
377 2118 395 2140 a
431 2105 571 2152 puerulis
614 2106 716 2151 parvis
752 2105 903 2139 illuderis.
946 2104 1041 2140 Obito

288 2155 412 2190 scholas
434 2167 557 2198 eorum,
579 2155 633 2201 qui
655 2155 820 2189 elementis
844 2155 1041 2200 imbuuntur,

289 2213 320 2239 et
342 2204 409 2240 dic:
440 2217 498 2251 ego
521 2217 591 2239 sum
621 2216 770 2248 eversor,
798 2213 825 2238 et
861 2213 1043 2251 persecutor

288 2254 481 2301 imaginum:
505 2262 536 2289 et
561 2254 727 2288 confestim
752 2254 881 2289 tabellas
908 2266 981 2289 suas
1010 2255 1039 2289 in

287 2312 382 2351 caput
408 2312 496 2338 tuum
521 2303 687 2351 proiicient
706 2332 713 2345 ‚
741 2304 930 2351 ‹ptamloque
953 2316 969 2339 a
992 2317 1042 2339 sa-

288 2354 447 2400 pientibus
475 2353 604 2387 mininie
626 2353 731 2388 doceri
762 2354 902 2400 potuisti,
931 2354 970 2388 ah
994 2355 1042 2388 in-

287 2403 478 2450 sipientibus
501 2403 687 2438 edocebere.
723 2402 777 2438 Sic
802 2403 840 2437 ad
869 2415 927 2437 nos
961 2404 1040 2438 scri-

288 2453 395 2499 psisti:
419 2452 512 2487 Ozias
541 2463 595 2486 rex
625 2452 813 2487 Iudaeorum
837 2461 907 2500 post
941 2465 1040 2488 annos

169 2505 252 2554 [¹¹¹3OE
286 2503 486 2549 octingentos
513 2509 693 2548 serpentem
726 2514 858 2537 aeneum
881 2514 897 2537 e
921 2504 1039 2550 templo

286 2550 380 2586 eiecit
392 2555 445 2597 (a),
469 2563 527 2597 ego
542 2563 614 2586 vero
632 2559 701 2598 post
724 2564 823 2587 anuos
839 2552 1040 2598 octingentos

286 2600 368 2636 idola
401 2613 441 2635 ex
482 2601 626 2636 ecclesiis
653 2601 742 2636 eieci.
770 2601 850 2636 Vere
887 2610 917 2636 ct
944 2602 1038 2637 Orias

286 2650 379 2684 frater
403 2658 468 2685 erat
510 2658 582 2686 tuus
612 2657 643 2685 et
670 2651 779 2687 eadem
815 2660 882 2688 erat
916 2664 977 2699 qua
1006 2660 1036 2686 tu

318 2710 400 2754 (1011.
418 2712 481 2755 Reg.
505 2712 542 2739 l8.

1063 1769 1065 1773 ’
1085 1758 1308 1792 miraculorum
1326 1758 1452 1793 Domini
1476 1759 1545 1792 lesu
1569 1760 1685 1795 Christi
1702 1761 1840 1807 picturas

1085 1807 1361 1854 contemplamur,
1400 1816 1431 1842 et
1465 1816 1591 1843 Sanctae
1629 1810 1736 1845 Matris
1770 1811 1839 1847 cius

1086 1856 1277 1897 Dominum,
1305 1858 1473 1904 Deumque
1502 1867 1642 1893 nostrum
1673 1859 1837 1895 lactentem

1086 1906 1116 1940 in
1138 1906 1220 1941 ulnis
1243 1906 1399 1951 habentis,
1414 1908 1607 1954 angelosque
1630 1909 1838 1945 circumstan-

1086 1963 1130 1990 tes
1162 1968 1198 1990 ac
1235 1963 1281 1991 ter
1316 1965 1457 1992 sanetum
1488 1957 1641 2004 hymnum
1664 1967 1838 2005 canentes,

1085 2017 1146 2039 non
1170 2006 1237 2040 sine
1259 2006 1505 2053 compunctione
1539 2008 1746 2053 regredimur.
1778 2009 1839 2044 Ec-

1084 2055 1154 2101 quis
1177 2056 1260 2089 enim
1291 2068 1353 2091 non
1376 2057 1611 2102 compnngitur,
1635 2067 1665 2092 et
1692 2057 1779 2105 luget
1798 2060 1840 2093 si-

1086 2104 1199 2138 militer
1221 2106 1348 2140 intuens
1371 2113 1402 2140 et
1424 2118 1494 2140 vasa
1517 2106 1651 2148 lavacri,
1680 2115 1710 2142 ct
1732 2120 1838 2143 sacer-

1084 2154 1174 2188 dotes
1202 2154 1232 2188 in
1255 2155 1364 2190 orbem
1386 2155 1644 2197 circumstantes,
1677 2165 1708 2191 et
1735 2159 1842 2205 mysti-

1085 2215 1152 2237 cam
1176 2216 1320 2246 coenam,
1336 2214 1365 2239 et
1380 2217 1546 2240 coecorum
1565 2205 1840 2252 illuminationem,

1083 2262 1114 2287 et
1136 2252 1241 2288 Lazari
1273 2255 1573 2299 exsuscitationem,
1597 2263 1626 2290 et
1654 2256 1783 2303 leprosi,
1805 2269 1842 2292 ac,

1084 2303 1235 2348 paralitici
1265 2305 1471 2346 curationem⁷
1496 2305 1656 2340 recubitus
1673 2306 1703 2340 in
1723 2306 1839 2348 herba,

1083 2352 1249 2399 cophinos,
1281 2362 1427 2401 sportas,
1460 2362 1491 2388 et
1538 2355 1686 2402 reliquias
1725 2357 1840 2391 montis

1083 2401 1210 2437 Thabor
1244 2404 1551 2449 transliguwtionem
1570 2432 1578 2445 ‚
1601 2405 1837 2440 crucifixionem

1082 2450 1211 2496 Christi,
1229 2453 1421 2499 sepulturam
1437 2454 1503 2488 eius
1516 2461 1546 2487 et
1562 2455 1838 2496 resurrectionem,

1081 2511 1220 2536 sanctam
1247 2503 1485 2541 ascensionem,
1511 2511 1541 2537 et
1563 2502 1701 2550 Spiritus
1731 2503 1840 2539 Sancti

1080 2550 1295 2586 descensum?
1317 2552 1397 2594 Quis
1421 2552 1573 2599 picturam
1603 2552 1749 2588 Abrahae
1770 2566 1841 2588 cer-

1080 2612 1170 2643 nens,
1195 2609 1225 2636 et
1255 2602 1395 2647 gladium
1425 2602 1512 2649 pueri
1538 2602 1714 2636 cervicibus
1742 2603 1842 2637 imini-

1080 2658 1207 2685 nentem
1220 2663 1282 2686 non
1297 2651 1533 2699 compungitur,
1543 2659 1572 2686 et
1583 2651 1840 2699 collacrymatw‘?

1079 2699 1120 2735 Et
1136 2700 1167 2735 in
1182 2701 1363 2736 universum
1380 2713 1492 2737 omues
1512 2701 1642 2736 Domini
1661 2702 1838 2749 passiones,

1872 312 1924 340 An.
1955 311 1984 339 C.
2006 312 2058 340 730
