2237 3127
191 272 240 299 An.
261 271 289 299 C.
306 270 374 299 1059

216 792 336 813 Anathema

186 831 262 849 cunti-a
301 827 365 849 inob-

184 865 302 884 servantes.

450 277 520 310 65ss

399 349 451 377 aut
472 339 589 375 ordinis
612 349 754 386 persona,
782 336 862 370 sicut
895 346 988 381 supra
1017 332 1144 380 praefati

398 403 516 427 snmus,
540 397 567 422 tc
596 388 640 421 vel
665 398 864 421 successores
896 392 966 417 tuos
988 383 1026 417 de
1056 395 1146 428 prae-

398 438 567 473 nominatis
600 437 689 471 bonis
716 435 875 469 Ecclesiae
909 441 995 469 tuae,
1032 432 1078 465 vel
1107 431 1145 465 de

396 487 541 522 omnibns
568 485 603 520 ad
627 497 694 519 cam
725 485 804 517 iuste.
825 481 1067 529 pcrtinentilms⁷
1097 481 1145 514 in-

395 537 532 582 quietare
556 534 601 569 vel
624 534 789 567 molestare
811 531 933 568 audeat,
958 543 1014 564 nec
1032 530 1145 575 aliquis

393 585 661 630 archiepiscopus,
683 582 729 616 vel
757 581 833 626 epis.
867 581 896 613 in
923 592 976 613 sua
1006 579 1142 612 dioecesi

393 634 560 680 quicquam
585 644 640 679 pro
667 631 893 665 constitutione
925 628 1072 662 ordinare
1098 628 1142 661 rel

393 694 503 727 agere,
526 682 593 716 sine
621 689 670 715 tua
703 690 988 723 sncccssorumque
1017 685 1141 710 tuorum

392 731 526 765 lic-entia.
543 730 693 772 audeant7
716 728 770 763 sed
787 727 1008 762 contrarietate
1025 735 1141 760 remota

391 780 600 814 ecclesiastica
633 790 703 813 cum
732 778 796 811 suis
820 776 949 810 iustitiis
973 783 1142 821 perpetua—

391 828 460 862 liter
493 829 595 875 quieta
632 835 799 862 remaneat.
840 826 901 867 Qui
940 837 1012 859 vcro
1041 824 1141 868 hacc,

390 890 469 924 quae
484 877 606 912 anobis
629 877 679 923 pio
703 876 815 909 intuitu
841 874 1035 921 promulgata
1056 881 1140 912 sunt,

390 926 571 971 infringere,
593 926 638 960 vel
663 926 692 959 in
715 925 821 970 aliquo
849 923 1037 968 transgredi,
1060 923 1141 956 sicut

389 975 539 1014 diximus,
562 975 819 1021 praesumpserit,
839 972 1068 1018 omnipotentis
1085 971 1138 1005 Dei

389 1024 464 1058 iram
489 1025 635 1067 incurrat,
658 1033 685 1058 et
710 1032 815 1057 nostro
843 1022 1041 1056 anathemate
1063 1033 1140 1055 con-

389 1073 491 1107 fossus
519 1081 634 1119 pereat,
661 1073 713 1107 sed
742 1081 771 1106 et
800 1084 870 1106 cum
899 1070 1024 1104 diabolo
1048 1070 1140 1104 dam-

388 1131 479 1156 natus
501 1131 619 1168 gemat:
643 1130 671 1156 et
689 1123 818 1168 insuper
835 1121 912 1154 scint
935 1132 967 1153 se
990 1119 1136 1153 daturum

387 1179 511 1205 centum
535 1173 599 1205 auri
620 1171 724 1214 tibi-as,
753 1171 949 1204 medietatem
973 1181 1062 1203 sacro
1085 1180 1139 1202 no-

386 1228 450 1254 stro
470 1220 592 1266 palatiO,
615 1228 645 1255 et
672 1220 869 1254 medietatem
891 1219 948 1265 ipsi
979 1217 1137 1263 praedicto

386 1269 556 1315 episcopio.
579 1270 640 1311 Qui
664 1281 736 1303 vero
759 1269 809 1315 pio
824 1269 940 1302 intuitu
957 1268 1138 1301 observator

386 1317 417 1351 in
444 1318 593 1353 omuibus
619 1319 778 1355 extiterit,
811 1317 995 1352 custodiens
1025 1316 1137 1350 huius-

385 1367 470 1401 modi
503 1367 598 1402 nostri
628 1367 778 1413 privilegii
812 1368 978 1401 constituta
1006 1367 1042 1400 ad
1067 1366 1137 1399 cnl—

385 1423 451 1450 tum
467 1415 522 1451 Dei
540 1417 746 1463 respicientis,
763 1416 992 1450 benedictionis
1006 1415 1135 1459 gratiam

383 1476 399 1498 a
427 1465 720 1500 misericordissimo
746 1466 884 1499 Domino
912 1464 978 1498 Dco
1003 1465 1135 1502 haheat,

383 1522 413 1548 et
437 1514 516 1548 vitae
537 1523 681 1549 aeternae
705 1515 861 1561 particeps
883 1527 951 1548 esse
979 1523 1137 1548 mereatur

382 1562 414 1596 in
441 1563 566 1598 saecula
588 1564 798 1598 saeculorum.
827 1563 941 1597 Amen.

430 1611 591 1659 Scriptum
608 1625 663 1659 per
686 1625 796 1647 manus
817 1612 991 1647 Crescentii
1011 1612 1134 1651 mincii,

381 1668 412 1695 et
449 1661 590 1696 scrinarii
624 1669 749 1696 sanctae
790 1674 936 1696 roman-ie
972 1661 1134 1695 Ecclesiae

380 1721 488 1744 mense
515 1711 596 1744 maio
623 1711 673 1745 die
700 1711 852 1749 secunda,
871 1710 1135 1744 indictioneduo-

380 1758 760 1805 decima.Locus†signi
785 1760 904 1794 domini
928 1760 1044 1805 Papae.
1060 1760 1131 1793 Dat.

380 1807 501 1842 Romae
523 1820 556 1843 vi
584 1821 656 1843 non.
675 1810 743 1843 maii
772 1821 855 1843 anno
876 1809 1006 1843 Domini
1035 1809 1131 1843 nostri

331 1889 336 1893 .
379 1855 449 1891 Iesu
471 1857 588 1892 Christi
622 1871 702 1892 anax
741 1870 795 1905 per
821 1871 933 1892 manus
965 1857 1130 1892 Humberti

380 1914 502 1940 sanctae
514 1907 671 1941 Ecclesiae
679 1907 791 1954 Sylvae
802 1906 963 1942 Caudidae
979 1908 1131 1954 episcopi,

379 1961 410 1988 et
445 1955 634 2001 apostolicae
667 1957 752 1991 sedis
786 1956 1027 1995 bibliothecarii„
1050 1969 1132 1990 anno

379 2003 483 2049 primo
512 2005 711 2050 pontificatus
743 2006 863 2040 domini
900 2018 999 2053 papae
1034 2006 1132 2041 Nico-

379 2052 418 2086 lai
441 2052 481 2091 ΙΙ,
511 2054 682 2088 indictione
709 2054 907 2090 duodecima.

457 2108 518 2139 Dat.
538 2110 584 2140 die
607 2111 623 2139 ἱ)
644 2111 712 2140 maii
732 2121 809 2141 anno
831 2111 945 2142 Domini
967 2112 1053 2149 1059,

568 2150 671 2189 pontis.
691 2150 803 2181 Nicolai
823 2161 899 2181 anno
917 2160 937 2181 1.

720 2291 787 2326 vlt.

379 2362 579 2407 Confirmatio
606 2364 798 2407 scindati'mu's
825 2365 967 2399 abbatiae
988 2367 1023 2400 S.
1049 2367 1135 2400 Petri

426 2412 458 2444 in
482 2412 560 2445 Urbe
578 2413 735 2456 Aqerensi,
752 2420 778 2446 et
798 2415 1029 2457 pri'vi'lcqi‘oretm
1055 2428 1133 2448 zwn-

426 2461 581 2493 nullorum
613 2463 655 2494 ad
689 2463 819 2495 eiusdem
851 2464 1021 2497 libertatem
1052 2477 1133 2498 con—

427 2510 518 2542 cessio
546 2512 608 2552 (A).

412 2567 451 2602 (1)
468 2569 539 2595 Inter
557 2573 615 2596 acta
631 2570 804 2598 donationum
823 2572 948 2606 Agerensi
963 2577 1076 2600 monast.
1090 2574 1132 2600 sa-

377 2606 479 2629 etarum
499 2612 531 2630 ex
556 2605 658 2631 archiv.
681 2606 779 2633 Eccles.
802 2607 880 2633 liuius
905 2608 987 2635 edidit
1010 2609 1133 2636 Baluzius

378 2636 427 2664 loc.
445 2646 523 2673 saepe
538 2639 596 2672 cit„
618 2649 691 2667 num.
713 2649 799 2668 cctxx
816 2642 840 2668 in
858 2650 932 2677 corp.

976 280 1164 303 BPLLMttml
1185 279 1350 302 ROMANUM

1457 331 1555 361 St'tttt
1562 331 1578 360 ,t
1584 330 1671 361 nnat

1188 394 1354 423 Exordium.
1382 411 1423 416 —
1449 393 1575 422 Historia
1596 393 1754 423 erectionis
1782 393 1872 423 huius
1890 394 1945 425 Ec·

1227 434 1356 467 etesium
1379 434 1434 462 sub
1466 433 1645 471 protectione
1664 434 1744 463 sedis
1764 435 1944 470 apostolicae

1228 474 1383 511 recipitur:
1406 478 1433 502 et
1457 473 1531 502 bona
1550 473 1647 502 omnia
1672 474 1699 502 ei
1722 474 1944 504 confirmantur.

1225 529 1265 534 —
1291 513 1431 542 Eiusdem
1455 513 1601 551 exemptio
1629 512 1665 542 ab
1689 514 1769 542 omni
1798 514 1895 543 laicali
1915 519 1944 544 et

1226 553 1312 582 etiam
1350 552 1551 582 ecclesiastica
1584 556 1741 591 potestate3
1771 570 1811 575 —
1842 553 1875 583 Ei
1906 553 1942 584 ab

1225 592 1305 621 omni
1328 602 1429 621 censu.
1451 609 1491 613 —
1512 592 1579 620 Sedi
1599 597 1694 621 tamen
1719 602 1764 631 ap.
1787 602 1839 631 per
1857 593 1944 632 quin-

1226 632 1389 670 quennium
1420 631 1532 661 solidos
1560 632 1597 661 10
1615 632 1729 661 solvere
1758 637 1883 662 tenetur.
1902 650 1943 656 —

1225 672 1366 707 Agarcnsi
1391 672 1490 700 comiti
1507 672 1682 700 conceditur
1700 672 1747 700 ius
1766 673 1946 702 nominandi-

1224 711 1360 740 abbatem
1384 720 1450 739 cum
1470 720 1618 740 consensu
1642 711 1820 741 clericorum
1843 711 1944 742 Eccle-

1223 751 1295 780 siae.
1314 768 1354 773 —
1371 750 1476 780 Abbati
1501 760 1567 780 vero
1585 751 1698 780 nullum
1723 751 1769 780 ius
1789 752 1939 782 alienandi

1224 790 1297 820 bona
1319 791 1361 820 vel
1393 791 1462 829 quid
1487 791 1584 820 simile
1615 790 1752 820 faciendi.
1782 808 1823 813 —
1847 790 1943 830 Spiri-

1224 830 1318 859 tuales
1338 835 1365 860 et
1388 830 1558 868 corporales
1587 839 1698 868 poenae
1717 831 1746 859 in
1770 835 1942 869 transgres-

1223 879 1316 899 sores.
1347 887 1387 892 —-
1406 870 1647 908 Suliscripti01ies
1676 870 1884 910 episcoporum
1914 875 1943 901 et

1223 910 1546 949 archipresbyterorum
1569 910 1597 940 S.
1616 909 1650 939 R.
1669 909 1699 939 E.

1183 975 1291 1005 Nicolaitis
1313 976 1434 1015 episcopus
1459 985 1537 1005 scrius
1559 985 1676 1005 servornm
1699 975 1751 1009 nu.
1769 975 1876 1006 omnihus
1893 977 1941 1007 ele-

1221 1016 1274 1045 riciss
1292 1017 1403 1045 canonice
1419 1016 1549 1045 tircntilins
1568 1020 1589 1044 cl
1610 1017 1702 1045 victuris
1718 1017 1740 1045 in
1757 1016 1869 1053 Ecclesia,
1881 1026 1940 1055 quae

1221 1060 1253 1084 cit
1270 1060 1400 1084 cniistrnrtzi
1419 1056 1447 1084 ad
1466 1056 1577 1085 honorem
1596 1056 1669 1085 sancti
1694 1055 1756 1085 rent
1782 1057 1940 1094 apostolorum

1221 1096 1331 1134 prinripis
1354 1096 1376 1124 in
1399 1096 1512 1133 Agcrcnsi
1545 1095 1637 1132 Castro,
1661 1095 1760 1125 salutent
1785 1101 1807 1125 et
1828 1096 1940 1135 apostoli-

1219 1144 1269 1164 cain
1293 1135 1480 1165 benedictionem
1504 1136 1526 1164 in
1552 1139 1699 1174 perpetuum.

1228 1202 1309 1243 Quia
1345 1202 1373 1235 in
1403 1202 1572 1235 commissa
1609 1201 1700 1236 nobis
1722 1201 1938 1238 Ecclesiarum

1180 1250 1236 1284 Dei
1266 1264 1339 1285 cura
1374 1251 1495 1285 solicite
1524 1250 1616 1285 uobis
1643 1259 1690 1285 est
1718 1251 1937 1296 vigilandum,

1180 1301 1310 1345 dignum
1339 1309 1366 1334 et
1402 1300 1661 1334 honestissimum
1691 1300 1782 1335 nobis
1814 1301 1939 1336 videtur

1180 1358 1211 1383 ut
1235 1350 1383 1384 munibus
1406 1350 1462 1384 Dei
1492 1350 1644 1384 Ecclesiis
1670 1349 1853 1395 subvenire,
1881 1351 1938 1385 de-

1180 1399 1319 1443 fendere,
1348 1400 1490 1434 auxiliari
1526 1407 1556 1434 et
1582 1411 1698 1444 augere
1721 1412 1783 1434 non
1803 1400 1939 1435 desista-

1179 1461 1258 1482 mus,
1283 1450 1486 1495 Quapropter
1507 1448 1671 1483 ecclesiam
1700 1448 1807 1483 Sancti
1836 1449 1935 1494 Petri,

1178 1511 1258 1543 (piac
1281 1508 1326 1532 cst
1350 1499 1405 1532 sila
1434 1499 1462 1532 in
1489 1498 1727 1543 praenominato
1749 1498 1874 1543 Castro,
1902 1499 1933 1534 in

1178 1548 1306 1581 tutelam
1335 1548 1432 1581 sancti
1462 1547 1544 1582 Petri
1573 1557 1603 1581 et
1632 1547 1854 1593 proprietatem
1881 1560 1938 1583 su—

1176 1597 1359 1643 scipientes,
1381 1596 1530 1631 omuibus
1551 1597 1654 1631 modis
1681 1597 1808 1632 studere
1835 1597 1935 1632 volu-

1178 1657 1259 1684 mus,
1283 1646 1379 1680 nostri
1410 1646 1596 1680 muniminis
1619 1646 1777 1692 praesidio
1804 1645 1934 1689 fultam,

1178 1703 1420 1741 nostrorumque
1448 1707 1682 1738 successorum,
1709 1707 1835 1742 semper
1857 1708 1935 1731 ma-

1176 1756 1250 1778 nere
1272 1757 1366 1790 quam
1389 1756 1427 1778 eo
1458 1745 1541 1791 quod
1566 1744 1749 1791 nuperrime
1771 1745 1811 1779 de
1835 1752 1935 1791 pote-

1175 1801 1253 1827 state
1278 1806 1472 1839 pagauorum
1500 1802 1530 1829 et
1556 1794 1741 1839 gentilitatis
1762 1806 1870 1829 errore
1888 1795 1935 1829 di-

1175 1843 1292 1877 vinitus
1320 1843 1481 1877 liberatam
1506 1855 1562 1890 per
1584 1843 1808 1878 charissimum
1833 1844 1933 1878 fllium

1175 1900 1317 1926 nostrum
1346 1892 1522 1927 Arnaldum
1547 1892 1779 1927 nobilissimum
1808 1902 1838 1928 et
1859 1894 1934 1928 reli-

1173 1942 1389 1987 giosissimum
1414 1942 1527 1983 virum,
1551 1941 1751 1976 inimicorum
1772 1942 1830 1977 Dei
1853 1942 1933 1989 Aga-

1175 2003 1321 2025 renorum
1345 1991 1560 2026 adversarium
1580 1999 1612 2025 et
1626 1991 1864 2032 debellatorem,
1879 2004 1935 2027 no-

1174 2040 1295 2081 vimus,
1317 2052 1353 2074 ac
1385 2040 1521 2075 oblatam
1550 2040 1622 2076 Deo*
1645 2049 1675 2075 et
1703 2049 1813 2076 sancto
1836 2040 1932 2077 Petro

1174 2088 1213 2123 ab
1235 2090 1346 2123 eodem
1376 2097 1407 2124 et
1439 2090 1478 2124 ab
1507 2102 1605 2125 uxore
1631 2102 1688 2124 sua
1710 2090 1849 2125 Arsendi
1873 2102 1930 2137 pro

1176 2138 1394 2184 redemptione
1410 2139 1587 2174 animarum
1604 2151 1746 2183 suarum,
1760 2147 1790 2174 et
1805 2151 1822 2174 a
1840 2138 1933 2174 Guil-

1175 2187 1270 2222 lelmo
1294 2188 1357 2222 titio
1384 2200 1508 2233 eorum,
1530 2196 1561 2223 et
1587 2201 1644 2235 pro
1666 2196 1812 2223 aeternae
1835 2189 1932 2223 retri-

1176 2236 1316 2271 butionis
1356 2238 1496 2284 praemio
1529 2237 1721 2285 suscipimus
1763 2238 1794 2272 in
1828 2237 1930 2273 sancti

1174 2285 1258 2320 Petri
1283 2287 1508 2332 proprietatem
1543 2294 1575 2322 et
1597 2294 1756 2326 nostram;
1782 2286 1932 2322 volumus

1174 2336 1359 2370 auctoritate
1373 2336 1557 2382 apostoliea,
1575 2336 1770 2371 contulimus
1791 2343 1822 2371 et
1839 2348 1931 2383 prae-

1173 2384 1322 2430 cipimus,
1343 2393 1376 2419 ut
1398 2385 1570 2420 inviolabili
1585 2385 1692 2431 vigore
1706 2385 1820 2421 habeat
1837 2385 1932 2432 quic-

1174 2434 1250 2480 quid
1278 2434 1429 2468 canonice
1457 2442 1488 2468 et
1514 2434 1595 2469 iuste
1622 2434 1683 2468 sibi
1714 2434 1789 2469 dare
1813 2446 1931 2481 possu-

1175 2494 1245 2516 mus
1267 2483 1297 2516 in
1321 2483 1543 2518 ecclesiasticis
1564 2491 1596 2517 et
1616 2483 1788 2518 mundanis
1814 2482 1926 2518 rebus:

1175 2532 1213 2565 ita
1246 2540 1278 2566 ut
1302 2531 1409 2566 nullus
1435 2533 1604 2579 episcopus
1639 2533 1686 2567 vel
1714 2532 1830 2579 aliquis
1851 2544 1929 2568 suus

1174 2581 1304 2614 nuntius
1326 2588 1379 2614 aut
1400 2582 1560 2628 quaelibet
1581 2581 1639 2616 alia
1662 2593 1795 2628 persona
1818 2594 1833 2615 a
1856 2582 1928 2616 cle-

1174 2630 1247 2664 ricis
1270 2630 1388 2665 ibidem
1410 2630 1664 2667 desei-viantibus
1679 2630 1809 2679 aliquod
1828 2632 1929 2667 servi-

1544 2712 1575 2724 ’μ

1974 265 2012 298 An
2041 271 2071 300 C.
2086 267 2157 302 '1060

1965 1213 2095 1240 Exordium.

1964 1468 2063 1493 Histoi-iu
2095 1478 2150 1494 ere-

1965 1507 2047 1529 ctionis
2088 1507 2152 1530 huius

1964 1542 2087 1574 Ecclesiae3
2112 1542 2152 1566 sub

1986 1579 2129 1609 protectione

1964 1613 2028 1636 Sedis
2044 1614 2151 1645 apostoli-

1964 1657 2004 1673 cae
2031 1650 2150 1682 recipitur-3

1963 1688 1987 1709 et
2002 1685 2059 1709 bona
2076 1687 2150 1711 omniu

1963 1722 1983 1744 ei
2013 1721 2150 1746 confirman-

1962 1761 2008 1782 tur.

1997 2485 2098 2510 Eiusdem

1955 2523 2067 2552 exemptio
2116 2522 2142 2546 ab

1955 2557 2014 2579 omni
2031 2557 2110 2581 laicali
2122 2563 2144 2582 et

1955 2593 2022 2616 etium
2063 2595 2144 2618 eccle-

1955 2628 2047 2659 siastica
2070 2633 2138 2661 pote-

1951 2666 2018 2687 state.

2232 1173 2237 1248 i

2232 1252 2237 1487 l
