2237 3127
207 302 259 329 An.
273 303 302 329 C.
322 302 372 329 102

375 303 389 329 ’ἶ

470 321 541 356 558

982 302 990 312 ⁶
1010 329 1199 354 mmmmm!
1225 328 1391 354 nonum

420 386 497 430 suis,
519 396 640 420 necnon
661 383 786 421 titulum
809 383 944 420 Sanctae
958 383 1074 419 Mariae
1096 396 1167 419 cum
1211 384 1312 422 tulum
1340 384 1446 419 Sancti
1474 384 1586 431 Angeli
1609 397 1681 420 cum
1705 389 1798 421 terris
1819 387 1897 426 suis,
1918 387 1961 422 ti-

418 436 510 469 terris
530 435 607 478 suis,
628 434 752 469 titulum
775 434 883 469 Sancti
906 433 1040 475 Nicolai,
1054 434 1169 481 quiest

418 485 448 518 in
468 483 605 519 Castello
619 483 659 518 de
675 492 779 518 monte
794 482 922 530 Depini,
942 483 1067 517 titulum
1083 483 1168 519 San-

417 542 484 568 ctae
501 533 630 573 Mariae,
653 533 706 580 qui
734 532 910 580 appellatur
931 532 1073 580 lnsirgus
1094 546 1165 568 cum

415 583 507 617 terris
527 583 605 627 suis,
631 582 758 617 titulum
780 582 888 617 Sancti
915 582 1072 617 Pauci-atii
1093 595 1164 617 cum

414 633 505 666 terris
526 640 555 666 et
578 631 677 667 titulis
700 632 778 671 suis,
801 631 927 666 titulum
949 631 1084 667 Sanctae
1105 632 1167 667 Ma-

413 684 476 716 riae
491 682 521 715 in
538 681 644 716 Insula
655 693 726 716 cum
750 682 840 716 terris
854 683 930 721 suis,
947 681 1071 728 plebem
1089 681 1167 716 San-

411 739 479 765 ctae
501 731 618 766 Mariae
644 731 755 766 Lutiae
787 743 859 765 cum
897 731 1005 771 terris,
1028 731 1164 766 insulam

409 780 519 815 Sancti
541 780 668 815 Ioannis
688 793 762 815 cum
783 780 875 815 titulo
890 788 921 815 et
938 789 1019 815 terra
1037 793 1104 820 sua,
1124 782 1164 815 ti-

409 830 511 864 tulum
533 829 567 865 S.
591 829 737 877 Gregorii
760 830 791 864 in
811 830 880 877 ipso
907 830 993 865 loco:
1017 831 1165 866 similiter

410 880 534 926 plebem
556 879 667 914 Sancti
695 879 782 914 Pauli
818 880 849 914 in
883 879 1056 919 Formello,
1090 893 1162 915 cum

410 930 511 970 terris,
535 929 636 964 vineis
657 938 686 964 et
708 929 819 970 hortis,
856 938 885 964 et
908 930 1042 975 olivetis,
1069 937 1163 977 atque

408 979 509 1014 titulis
527 980 603 1020 suis.
627 979 753 1014 titulum
769 978 1030 1015 SanctiSilvestri
1055 979 1085 1013 in
1105 980 1162 1014 Co-

408 1028 529 1073 lumna,
553 1041 625 1064 cum
649 1029 740 1064 terris
762 1037 792 1063 et
827 1029 926 1064 vineis
944 1030 1022 1066 suis.
1037 1030 1161 1064 titulum

409 1078 517 1114 Sancti
543 1079 655 1125 Angeli
682 1079 713 1113 in
747 1078 888 1113 Mutiano
924 1091 996 1114 cum
1020 1080 1110 1114 terris
1132 1088 1162 1114 et

409 1129 508 1163 hortis
531 1130 609 1174 suis,
634 1128 758 1163 titulum
782 1128 815 1164 S.
834 1128 956 1163 Martini
975 1141 1046 1164 cum
1070 1130 1162 1164 terris

408 1179 486 1223 suis,
509 1179 633 1214 titulum
650 1178 757 1213 Sancti
784 1178 912 1214 Genesii
933 1179 964 1213 in
987 1179 1160 1214 Dalmatica

408 1242 479 1263 cum
505 1229 596 1264 terris
619 1229 697 1272 suis,
726 1228 850 1263 titulum
885 1227 919 1263 S.
943 1228 1104 1264 Laurentii
1130 1229 1161 1263 in

408 1277 566 1313 Formello
588 1291 660 1314 cum
684 1278 775 1313 terris
808 1287 838 1313 et
862 1278 963 1313 hortis
981 1279 1058 1319 suis,
1087 1279 1162 1313 titu-

409 1328 473 1362 lum
493 1328 600 1364 Sincti
617 1328 774 1363 Ioannis
768 1340 797 1362 in
821 1328 889 1374 ipso
905 1328 974 1364 loco
995 1341 1066 1363 cnm
1082 1337 1160 1363 tetra

408 1390 476 1419 sua
499 1378 625 1412 titulum
640 1377 674 1413 S.
698 1377 782 1412 Peui
804 1390 875 1412 cum
898 1386 979 1413 terra
994 1390 1061 1429 sua
1086 1378 1162 1412 titu-

408 1428 474 1462 lum
502 1427 535 1462 S.
576 1427 690 1474 Angeli
726 1427 757 1461 in
784 1427 933 1471 Laureto,
972 1420 1098 1462 titulum
1126 1428 1159 1463 S.

408 1477 568 1512 Valentini
597 1478 628 1512 in
630 1456 829 1524 &Criptullm
863 1477 937 1512 item
974 1477 1097 1524 plebem
1126 1477 1159 1512 S.

409 1526 580 1562 Cornelii
573 1540 604 1561 111
626 1525 797 1573 Crapari03
824 1534 854 1561 et
877 1538 933 1573 per
955 1526 1050 1561 huius
1065 1527 1110 1574 pri
1104 1527 1162 1561 vi-

410 1577 482 1623 legii
506 1577 605 1611 nostri
626 1584 657 1611 et
685 1576 802 1611 decreti
831 1576 973 1626 paginam
997 1576 1027 1610 in
1049 1588 1162 1623 peipe-

411 1635 499 1661 tuum
523 1626 748 1661 confirmamus
764 1634 871 1660 sancto
882 1611 1044 1672 {naedicto
1059 1634 1161 1660 vestro

410 1677 572 1723 episcopio
590 1676 700 1724 8)1130
723 1674 883 1710 Candidie
906 1687 978 1709 cum
996 1675 1097 1715 terris,
1122 1676 1163 1709 vi-

411 1726 480 1760 neis
501 1734 531 1760 et
556 1725 679 1761 olivetis
700 1732 731 1760 et
755 1724 853 1760 titulis
880 1725 958 1769 suis,
980 1725 1106 1759 titulum
1126 1725 1159 1760 S.

410 1775 568 1810 Pancratii
591 1787 663 1810 cum
685 1775 776 1810 terris
791 1774 868 1815 suis,
885 1774 1010 1809 titulum
1028 1774 1161 1809 Sanctae

410 1825 527 1860 Mariae
556 1837 627 1860 cum
649 1825 743 1859 terris
769 1833 799 1859 et
828 1832 916 1871 prato
937 1837 1007 1868 suo,
1035 1825 1159 1859 titulum

410 1875 443 1909 S.
462 1874 622 1910 Valentini
656 1886 727 1909 curn
768 1874 860 1908 terris
883 1882 912 1909 et
945 1873 1058 1908 oliveto
1090 1887 1160 1912 suo,

410 1933 504 1971 atquc
526 1933 625 1972 prato,
651 1923 779 1958 titulum
801 1923 834 1958 S.
854 1923 968 1959 Donati
984 1936 1055 1958 cum
1072 1925 1162 1959 terris

410 1976 488 2012 suis,
511 1974 636 2008 titulum
660 1973 794 2009 Sanctae
821 1973 938 2008 Mariae
961 1986 1033 2009 cum
1070 1974 1161 2008 terris

410 2025 487 2064 suis,
510 2024 633 2059 titulum
653 2023 686 2058 S.
702 2023 862 2057 Laurentii
885 2035 956 2058 cum
971 2023 1061 2057 terris
1083 2024 1160 2063 suis,

411 2074 533 2108 titulum
553 2073 660 2108 Sancti
675 2073 833 2107 Anastasii
856 2073 886 2107 in
902 2072 1074 2107 Cannetalo
1089 2085 1160 2107 cum

410 2124 501 2158 terris
525 2131 555 2158 et
581 2123 682 2158 vineis
703 2123 787 2163 suis,
813 2123 941 2157 titulum
968 2122 1074 2157 Sancti
1099 2122 1159 2157 Viti

409 2185 482 2207 cum
504 2173 595 2207 terris
613 2173 691 2213 suis,
718 2172 841 2219 plebem
865 2172 972 2207 Sancti
985 2172 1072 2206 Pauli
1088 2184 1161 2207 cum

411 2224 514 2263 terris,
537 2223 636 2257 vineis
657 2231 687 2257 et
720 2222 843 2256 iuribus
875 2222 953 2266 suis,
975 2221 1102 2256 titulum
1125 2222 1159 2257 S.

411 2271 554 2307 Silvestri
578 2280 608 2307 et
637 2272 743 2307 Sancti
763 2271 877 2318 Angeli
901 2284 971 2306 cum
995 2272 1097 2310 terris,
1114 2272 1161 2305 vi-

412 2322 480 2356 neis
507 2330 537 2356 et
563 2322 685 2356 olivetis
706 2329 737 2356 et
772 2322 894 2356 iuribus
928 2321 1005 2359 suis,
1034 2321 1160 2356 titulum

411 2370 545 2406 Sanctae
569 2371 685 2406 Mariae
707 2383 779 2406 cum
806 2372 897 2405 terris
924 2379 954 2405 et
988 2371 1098 2415 vineis,
1120 2371 1162 2405 ti-

412 2421 511 2455 tulum
534 2420 668 2456 Sanctae
689 2420 868 2456 Christinae
889 2433 961 2456 cnm
989 2421 1092 2463 terris,
1115 2421 1162 2455 vi-

413 2470 481 2504 neis
502 2479 531 2504 ct
558 2470 653 2518 sylvis
674 2471 751 2510 suis,
778 2470 902 2505 titulum
925 2470 1031 2505 Sancti
1059 2470 1162 2505 Geor-

413 2520 467 2565 gii,
500 2520 623 2554 titulum
646 2520 752 2555 Sancti
775 2519 901 2554 Martini
923 2532 995 2554 cum
1018 2521 1111 2555 terris
1132 2529 1162 2555 et

412 2569 512 2603 vineis
537 2570 616 2610 suis,
643 2570 767 2605 titulum
783 2569 891 2604 Sancti
919 2569 1061 2604 Cassiani
1089 2582 1160 2605 cum

414 2619 503 2653 terris
524 2628 553 2653 et
574 2620 684 2660 vineis,
706 2628 737 2654 et
758 2619 882 2654 familiis
902 2619 1012 2655 tribus.
1037 2620 1160 2654 titulum

414 2667 520 2702 Sancti
542 2668 700 2704 Anastasii
722 2681 794 2704 cum
818 2671 908 2704 terris
930 2678 959 2704 et
981 2669 1094 2709 vineis.
1121 2670 1162 2704 ti-

415 2718 516 2752 tulum
530 2717 564 2753 S.
584 2718 720 2755 Iustinae
740 2732 812 2755 cum
835 2720 928 2755 terris
941 2728 972 2755 et
998 2720 1106 2762 vineis,
1120 2720 1162 2755 ti-

696 2795 769 2806 ,q-v-
1069 2792 1096 2796 -.

1209 434 1312 469 tulum
1337 434 1445 469 Sancti
1472 434 1616 480 Gregorii
1649 448 1720 470 cum
1745 438 1835 471 terris
1862 446 1888 471 ct
1914 438 1960 471 vi-

1208 484 1276 518 neis
1301 484 1386 525 suis;
1414 484 1558 518 similiter
1585 484 1709 531 plebem
1733 485 1840 520 Sancti
1874 487 1960 521 Mar-

1208 533 1278 568 celli
1302 534 1332 567 in
1358 533 1596 580 quartodecimo
1611 547 1682 568 cum
1699 536 1790 570 terris
1804 543 1834 569 et
1849 536 1958 580 vineis,

1207 592 1236 618 et
1258 583 1373 618 oliveto
1400 584 1633 630 maiore,atque
1656 584 1755 618 titulis
1777 585 1853 624 suis,
1881 585 1959 620 titu-

1208 632 1272 667 lum
1295 632 1328 667 S.
1352 633 1468 668 Mariae
1491 633 1521 667 in
1544 633 1698 668 Scrofano
1715 646 1788 668 cum
1812 636 1902 669 terris
1927 643 1958 669 et

1207 683 1318 721 vineis,
1342 683 1467 717 titulum
1488 682 1521 717 S.
1546 683 1695 728 Stephani
1724 683 1754 717 in
1771 683 1899 723 Matera,
1917 685 1958 718 ti-

1206 731 1308 767 tulum
1331 731 1364 766 S.
1393 732 1507 767 Mariae
1543 732 1573 766 in
1612 732 1740 771 Mateta,
1775 733 1900 767 titulum
1922 734 1957 768 S.

1206 780 1300 816 Blasii
1321 782 1352 816 in
1374 781 1541 826 Scrofam,
1564 782 1690 816 titulum
1713 782 1746 816 S.
1770 782 1899 817 Ioannis
1926 783 1958 818 in

1206 831 1274 878 ipso
1292 831 1457 874 Scrofam,
1479 838 1509 866 ct
1530 831 1664 866 Sanctae
1696 831 1857 878 Eugeniae
1884 845 1957 868 cum

1205 881 1296 916 terris
1314 888 1345 916 ct
1369 881 1486 921 vineis;
1502 881 1659 928 simulque
1683 881 1806 928 plebem
1822 881 1958 918 Sanctae

1205 930 1321 965 Mariae
1344 931 1373 965 in
1397 930 1545 965 Molmula
1580 943 1651 965 cum
1687 931 1779 966 terris
1804 939 1836 965 et
1857 932 1957 968 vineis

1205 987 1234 1014 et
1257 981 1348 1015 titulo
1369 993 1440 1024 suo,
1462 989 1491 1015 et
1513 980 1621 1016 Sancti
1644 980 1757 1027 Angeli
1776 993 1847 1015 cum
1862 981 1956 1017 terris

1204 1038 1234 1064 ct
1260 1030 1370 1065 vineis.
1401 1029 1638 1065 Conlirmamus
1663 1031 1756 1065 ctiam
1785 1030 1875 1065 vobis
1901 1043 1957 1066 ca-

1203 1080 1279 1115 salia
1303 1088 1333 1115 et
1355 1080 1506 1120 colonias,
1534 1089 1627 1128 atque
1667 1080 1830 1115 castellum
1850 1081 1880 1114 in
1903 1081 1956 1115 in-

1204 1130 1402 1177 tegi·un],q11i
1419 1129 1801 1177 appellaturDalmachia‚
1822 1130 1955 1173 Baleno‚

1203 1179 1321 1223 Stabla7
1348 1179 1562 1224 Masaviliaua‚
1586 1181 1632 1214 rel
1656 1181 1680 1214 si
1704 1180 1758 1227 qni
1781 1180 1850 1215 aliis
1864 1193 1957 1215 voca-

1204 1229 1287 1264 bulis
1310 1238 1542 1276 nuncupantur,
1565 1241 1713 1264 unacum
1742 1229 1870 1264 familiis
1889 1242 1957 1264 ma-

1203 1279 1300 1313 sculis
1323 1287 1353 1314 ct
1380 1279 1536 1322 foeminis,
1570 1291 1625 1314 seu
1648 1279 1783 1319 colonis,
1813 1291 1866 1326 per
1888 1279 1956 1314 sin-

1202 1330 1273 1374 gula
1301 1329 1368 1364 loca
1389 1329 1629 1375 pertinentibus,
1649 1341 1720 1364 cum
1736 1329 1828 1372 casis,
1842 1329 1954 1370 vineis,

1202 1379 1304 1419 terris,
1327 1379 1422 1425 sylvis
1443 1387 1473 1413 et
1498 1379 1604 1425 pratis7
1631 1379 1723 1425 aquis
1749 1379 1954 1425 perennibus,

1204 1429 1248 1463 iel
1269 1440 1340 1462 cum
1360 1428 1509 1463 omnibus
1523 1428 1561 1463 ad
1584 1428 1766 1475 supradicta
1793 1428 1907 1463 casalia
1923 1438 1954 1464 et

1202 1478 1366 1518 colonias,
1402 1487 1494 1525 atque
1526 1478 1691 1513 castellum
1726 1478 1956 1525 pertinentibus

1205 1528 1339 1573 positum
1364 1528 1394 1561 in
1419 1527 1577 1562 territorio
1592 1527 1749 1574 Nepesino
1771 1527 1954 1562 milliarium

1202 1577 1241 1611 ab
1266 1577 1342 1612 urhe
1363 1577 1466 1611 Roma
1494 1577 1564 1623 plus
1586 1578 1691 1612 [ninus
1724 1577 1846 1623 viginti,
1874 1577 1956 1612 inter

1202 1626 1311 1661 allines
1332 1626 1371 1661 ab
1394 1638 1457 1662 uno
1490 1626 1586 1662 latere
1614 1627 1673 1670 via,
1697 1639 1777 1673 quae
1800 1635 1846 1661 est
1874 1627 1956 1661 inter

1204 1677 1344 1710 militiam
1367 1676 1407 1710 de
1429 1685 1514 1711 turre
1541 1676 1579 1710 de
1606 1675 1810 1722 Crapacori0‚
1833 1683 1864 1710 et
1895 1684 1951 1711 ter-

1203 1738 1268 1760 ram
1304 1726 1343 1760 de
1363 1725 1533 1760 Pastoritia
1556 1725 1662 1762 Sancti
1691 1725 1789 1769 Petri,
1819 1725 1859 1760 ab
1889 1726 1952 1761 alio

1203 1775 1297 1810 latere
1319 1784 1400 1810 terra
1430 1775 1470 1810 de
1496 1784 1604 1810 monte
1631 1775 1762 1819 Arsitio,
1797 1783 1828 1809 et
1853 1775 1954 1810 Foca-

1204 1837 1290 1871 pran7
1313 1826 1366 1872 qui
1396 1833 1524 1860 vocatur
1549 1824 1738 1868 Columella,
1761 1833 1791 1859 et
1812 1832 1894 1859 terra
1914 1824 1965 1860 de*

1204 1884 1287 1909 turre
1310 1874 1606 1922 Ci·apacorio.quae
1629 1874 1802 1921 appellatur
1824 1874 1953 1916 Mateta,

1202 1933 1232 1960 et
1254 1937 1269 1959 a
1298 1932 1410 1971 quarto
1425 1925 1520 1959 latere
1534 1933 1615 1959 terra
1633 1924 1667 1959 S.
1684 1923 1858 1965 Laurentii,
1871 1936 1953 1971 quae

1202 1974 1378 2022 appellatur
1403 1973 1553 2013 Salicara,
1576 1982 1607 2008 et
1640 1974 1726 2008 rivus
1762 1974 1815 2020 qui
1851 1973 1954 2020 pergit

1991 311 2040 338 An.
2058 310 2088 338 C.
2107 311 2177 340 1026

1203 2037 1258 2071 per
1282 2024 1449 2058 Bussetum
1477 2032 1507 2058 et
1545 2023 1681 2058 Malcon.
1709 2023 1852 2070 Itemque
1873 2035 1953 2058 con·
1990 2066 1993 2069 ἱ

1203 2074 1347 2108 cedimus
1375 2083 1404 2108 et
1426 2073 1651 2108 confirmamus
1673 2072 1763 2107 vobis
1793 2073 1822 2107 in
1842 2085 1954 2120 perpe-

1202 2132 1290 2158 tuum
1321 2123 1489 2157 ecclesiam
1520 2123 1707 2157 Sanctarum
1740 2122 1889 2157 Ruffinae
1920 2130 1952 2157 et

1202 2173 1368 2208 Secundae
1390 2173 1481 2207 sitam
1504 2172 1624 2207 Romae
1646 2172 1730 2206 iuxta
1743 2172 1888 2218 palatium
1899 2184 1954 2207 no-

1202 2232 1302 2257 strum
1324 2235 1395 2257 cum
1419 2222 1569 2257 omnihus
1590 2222 1627 2256 ad
1662 2234 1730 2256 eam
1767 2221 1953 2268 pertinenti-

1202 2272 1271 2307 bus.
1302 2272 1404 2306 Etiam
1432 2271 1638 2307 concedimus
1669 2280 1699 2306 et
1726 2271 1952 2306 confirmamus

1202 2322 1290 2356 vobis
1310 2322 1338 2355 in
1364 2329 1552 2368 perpetuum
1579 2321 1745 2356 ecclesiam
1772 2320 1806 2356 S.
1834 2320 1952 2356 Mariae

1202 2384 1273 2406 cum
1309 2371 1458 2405 omnibus
1497 2371 1564 2405 suis
1604 2370 1836 2417 pertinentibus
1873 2370 1952 2406 infra

1202 2421 1282 2456 hanc
1309 2421 1463 2455 civitatem
1500 2420 1688 2460 Romanam,
1716 2432 1778 2454 non
1814 2419 1908 2466 longe
1933 2432 1951 2455 a

1203 2479 1308 2506 monte
1335 2470 1388 2517 qui
1411 2471 1574 2515 Augustus
1596 2469 1722 2511 dicitur,
1745 2470 1860 2516 pariter
1872 2481 1953 2504 con-

1202 2521 1346 2556 cedimus
1372 2529 1401 2554 et
1423 2520 1646 2555 confirmamus
1662 2519 1752 2554 vobis
1776 2519 1953 2566 vestrisque

1202 2569 1439 2605 successoribus
1461 2570 1491 2603 in
1516 2577 1716 2616 perpetuum,
1738 2569 1830 2604 sicuti
1852 2580 1870 2603 a
1890 2581 1953 2604 me-

1202 2628 1322 2655 morato
1354 2619 1551 2653 sanctissimo
1588 2631 1685 2666 papa,
1715 2619 1781 2653 sive
1800 2631 1828 2655 ‘a
1857 2619 1952 2654 certis

1204 2669 1497 2716 praedecessoribus
1524 2669 1638 2703 nostris
1662 2668 1861 2715 pontificibus
1875 2680 1953 2703 con-

1203 2731 1289 2755 cessa
1312 2728 1342 2753 et
1365 2719 1545 2754 confirmata
1563 2719 1702 2771 sue—ruant,
1725 2718 1952 2755 videlicetmo-

1419 2779 1477 2787 ——r
1588 2771 1591 2772 ⁷
1727 2778 1747 2781 η»
1771 2781 1822 2785 ⁷7⁷-

1981 2604 2066 2626 Nemini
2114 2605 2164 2634 epi-

1980 2647 2099 2670 si···purum
2135 2640 2164 2662 ti-

1980 2681 2030 2698 eem:
2055 2676 2164 2698 ecclesi-u

1995 2713 2145 2734 ninninsterin-
