2237 3127
49 302 100 329 Αιι.
127 301 156 330 C.
180 304 231 331 6⁴49

46 1618 135 1640 Peeeati
154 1626 188 1640 mn
192 1626 215 1640 r-

31 1654 81 1676 tatis
109 1655 213 1684 gravitas.

42 2471 110 2497 Quam
137 2477 196 2499 graia
200 2478 211 2492 a

39 2506 137 2536 episcop
140 2514 171 2528 ιιι
176 2514 195 2528 ιιι

27 2544 48 2562 ot
71 2541 161 2563 sacerdo
165 2546 211 2564 tum

26 2580 119 2605 pcccat-
133 2578 184 2601 siut.

904 317 1069 341 MARTiNUs
1094 317 1106 340 1
1132 317 1182 341 1³1³.

261 371 370 408 lexerit
402 380 563 420 peecatum
590 384 695 416 suum,
736 372 844 407 offeret
869 371 1001 408 hostiam

258 421 396 456 Domino
444 422 564 457 hircum
604 422 643 456 de
672 422 784 469 'capris
820 422 1003 457 immacula-

258 479 324 505 tum
339 474 441 514 (a):et
453 484 594 506 rursum:
614 471 727 506 Anima
742 471 767 506 si
786 471 1002 517 praevaricans

257 522 470 555 caeremonias
492 533 547 568 per
561 533 697 556 errorem
720 520 750 554 in
774 520 822 554 his
843 533 922 568 quae
936 521 1002 556 Do-

256 570 342 605 mino
366 579 438 605 suut
464 571 664 611 sanctificata,
688 570 872 616 peccaverit,
892 570 1001 604 offeret

256 632 311 666 pro
334 620 448 655 delicto
473 632 531 654 suo
553 620 680 654 aiietem
708 619 944 653 immaculatum
963 619 1001 654 de

253 669 402 716 gregibus
420 672 469 713 (b)
484 669 537 703 Sic
551 680 677 723 quoqne
691 680 738 709 ea,
753 680 833 715 quae
849 669 879 702 in
895 668 999 710 eorde,

253 718 354 760 idest,
396 719 427 753 in
469 718 535 753 sola
575 717 764 764 cogitatione
802 718 999 758 consistunt,

252 767 379 802 damnat
399 768 530 803 dicens:
558 766 642 802 Cave
670 779 709 801 ne
740 767 818 801 forte
851 745 1000 814 subiepai

251 817 308 851 tibi
331 817 425 864 impia
448 816 607 863 cogitatio,
633 824 664 851 et
686 816 736 850 fiat
758 816 812 850 tibi
834 817 864 850 in
887 828 1000 863 peeca-

250 873 318 900 tum
341 869 389 909 (c).
412 865 451 900 Et
472 878 552 913 quae
574 878 611 900 ex
634 866 851 912 intempestiva
873 865 999 912 cupidi-

248 922 311 950 tate
334 915 424 956 fiunt,
451 915 585 962 percutit
607 915 731 949 dicens:
755 914 825 949 Non
842 915 998 961 concupi-

248 976 318 999 sces
337 964 466 999 domum
491 964 625 1012 proximi
648 964 704 1008 tui,
727 976 784 998 nec
802 964 997 999 desiderabis

248 1025 377 1048 uxorem
403 1014 483 1055 eius,
504 1025 568 1048 non
591 1025 729 1054 servum,
756 1026 819 1048 non
837 1013 995 1055 ancillam,

246 1074 309 1097 non
334 1063 457 1103 bovem,
471 1076 534 1098 non
550 1063 684 1107 asinum,
706 1074 765 1097 nec
786 1063 996 1110 omnia,quae

245 1111 335 1147 illius
346 1115 480 1158 sunt(d).
500 1113 605 1155 Quare
627 1112 653 1147 si
675 1113 763 1153 haee,
780 1124 859 1159 quae
874 1124 889 1146 a
903 1112 995 1147 nobis

245 1173 283 1196 ex
317 1162 489 1202 oblivione,
515 1169 568 1197 aut
595 1162 779 1208 ignorantia,
807 1170 859 1196 aut
880 1161 996 1209 abrep-

245 1211 615 1258 tione,auteogitatione,
630 1219 682 1246 aut
694 1211 865 1259 eupiditate
885 1219 992 1246 contra

243 1260 398 1295 rationem
418 1261 508 1306 fiunt,
524 1261 653 1295 omnino
676 1273 737 1295 ιιοιι
761 1261 922 1306 praeterit,
938 1261 993 1295 sed

242 1317 350 1356 aperte
376 1309 505 1345 damnat
532 1310 743 1345 universitatis
764 1310 851 1345 Deus
875 1318 909 1344 ut
930 1310 993 1344 sti—

244 1359 365 1394 mulum
402 1359 520 1406 peceati
554 1360 652 1394 nostri
677 1359 790 1403 deleat,
812 1367 842 1394 et
861 1359 993 1394 damna-

242 1416 342 1443 tionis
363 1417 489 1443 nostrae
509 1417 654 1447 mortem,
676 1421 756 1456 quae
769 1420 806 1443 ex
828 1420 865 1443 eo
880 1416 990 1450 oritur,

241 1457 394 1504 perimam
410 1458 506 1505 quali,
528 1470 658 1505 quaeso,
680 1466 732 1492 aut
748 1466 863 1504 quanta
876 1458 992 1504 dignus

240 1515 287 1541 est
310 1519 422 1562 poena,
445 1508 497 1554 qui
525 1507 649 1541 divitias
670 1506 818 1542 bonitatis
853 1507 939 1551 eius,
961 1515 992 1542 et

239 1556 420 1603 patientiae,
447 1565 478 1592 et
500 1556 758 1611 longanimitatis,
801 1534 988 1598 contemiiit;

240 1613 334 1653 atque
371 1605 491 1641 idcireo
525 1606 610 1640 omni
639 1606 743 1640 studio
765 1618 802 1640 ac
829 1606 991 1661 proposito

239 1667 296 1710 per
316 1655 530 1702 cognitionem
555 1663 675 1702 peceat,
711 1663 742 1690 et
776 1655 935 1710 propriam
958 1656 989 1690 in

239 1705 343 1751 ipsum
382 1705 482 1739 Deum
523 1704 805 1751 transgressionem
822 1732 829 1745 ,
872 1705 989 1752 scripto

238 1754 331 1788 nobis
352 1755 511 1789 ostendit?
532 1733 637 1801 quodv'
631 1767 696 1800 ipse
711 1754 810 1788 facere
830 1766 927 1789 ausus
942 1767 987 1795 es,

238 1803 334 1850 idque
357 1816 418 1838 non
447 1803 543 1838 semel
571 1803 685 1844 solum,
708 1802 764 1838 sed
792 1803 851 1837 iani
874 1804 988 1838 iterum

238 1865 294 1899 per
320 1852 485 1900 synodales
520 1853 623 1888 literas
658 1861 725 1887 tuas
754 1853 901 1898 ignoraus
924 1881 932 1893 ,
955 1860 989 1887 ut

239 1901 373 1945 videtur,
392 1902 476 1949 quod
496 1902 620 1937 bonitas
634 1902 690 1936 Dei
706 1901 742 1936 ad
763 1902 987 1947 poenitentiam

239 1958 270 1985 te
297 1951 450 1992 adducit,
477 1950 653 1986 secundum
695 1959 798 1985 antem
841 1951 986 1986 duritiam

239 2008 325 2035 tuam
348 2008 378 2035 et
406 2000 616 2048 impoenitens
638 2013 692 2035 cor
714 2000 906 2035 thesaurizas
931 2001 986 2035 tibi

238 2049 314 2084 iram
340 2050 369 2084 iu
394 2049 444 2084 die
473 2050 546 2094 irae,
568 2059 598 2085 et
621 2049 819 2085 revelationis
842 2050 914 2085 iusti
940 2050 988 2084 in—

238 2099 312 2133 dicii
335 2099 407 2139 Dei,
430 2099 483 2147 qui
500 2099 609 2134 reddet
625 2100 795 2146 uuicuique
810 2099 987 2135 secuudum

237 2160 333 2196 opera
367 2149 453 2190 eius,
482 2149 520 2184 iis
546 2149 674 2195 quidem
716 2150 769 2196 qui
811 2150 986 2184 secundum

238 2198 421 2244 patientiam
446 2198 519 2233 boni
542 2199 657 2245 operis,
684 2198 828 2245 gloriam,
864 2208 895 2234 et
928 2199 988 2233 lio-

237 2259 358 2288 norem,
375 2256 405 2282 et
423 2248 692 2295 incorruptionem
708 2256 875 2296 quaerunt,
889 2249 986 2283 vitam

238 2305 414 2338 aeternam,
443 2298 481 2332 iis
507 2305 624 2339 autem,
659 2299 710 2345 qui
743 2306 817 2333 sunt
847 2311 884 2334 ex
907 2311 987 2333 con-

236 2346 377 2381 tentione
404 2354 435 2381 et
461 2347 514 2393 qui
539 2359 602 2382 non
623 2348 829 2394 acquiescunt
851 2348 985 2390 veritati,

238 2395 369 2430 eredunt
383 2403 486 2430 autern
502 2396 667 2452 iniquitati,
690 2397 735 2432 ira
752 2405 783 2432 et
801 2397 986 2452 indignatio,

234 2444 411 2486 tribulatio,
439 2453 469 2480 et
496 2446 638 2491 angustia
656 2446 687 2481 in
709 2459 835 2482 omnem
848 2448 985 2482 animam

239 2494 377 2530 hominis
415 2496 573 2541 operantis
606 2495 723 2530 malum
758 2499 807 2540 (e):
844 2497 986 2544 ορὶ5ιορί

241 2544 387 2585 maxime,
409 2553 440 2579 et
462 2544 646 2589 sacerdotis,
673 2546 724 2592 qui
760 2546 892 2581 aliorum
923 2546 986 2581 dux

237 2605 307 2629 esse
343 2593 446 2634 debet,
487 2606 604 2642 eosque
646 2607 766 2642 regere,
788 2604 818 2631 et
845 2596 876 2630 in
903 2596 984 2630 viam

274 2663 315 2700 (α)
342 2664 428 2692 Levit.
453 2665 480 2693 1ι.
527 2665 566 2701 (b)
591 2665 676 2692 Levit.
700 2666 727 2693 5.
774 2665 811 2704 (c)
825 2666 914 2702 ment.
942 2667 984 2694 ¹5.

271 2706 312 2745 (d)
327 2708 412 2736 Exod.
429 2709 473 2737 20.
511 2709 548 2746 (e)
566 2710 643 2738 Rom.
660 2710 687 2738 2.

1678 311 1744 346 199

1046 372 1141 418 pacis
1156 383 1213 419 per
1229 383 1334 407 veram
1358 371 1388 407 in
1412 371 1574 409 Christum
1596 373 1698 411 Deum
1714 389 1794 412 con-

1043 422 1210 457 sessionem
1233 422 1401 462 adducere
1430 436 1491 458 non
1521 425 1731 472 praecipitare
1760 427 1791 462 in

1043 472 1123 506 viam
1147 471 1364 518 peiditioiiis
1351 485 1479 512 giessus
1506 475 1709 520 sequentium
1733 489 1792 523 po-

1044 521 1187 566 puleium
1212 533 1266 567 per
1290 522 1448 569 pri-oiiiam
1470 522 1640 558 haeresim:
1665 524 1704 560 de
1719 527 1793 573 qui-

1043 569 1113 608 lius,
1135 578 1165 604 et
1187 583 1243 616 per
1263 570 1389 605 beatum
1425 572 1589 607 leremiam
1631 573 1792 611 Dominus

1042 618 1132 653 dicit:
1155 619 1220 654 Vae
1248 620 1424 667 pastoribus
1450 622 1505 669 qui
1527 622 1728 669 disperdunt,
1762 633 1793 660 et

1042 667 1213 703 dilacerant
1235 681 1307 704 oves
1329 669 1466 706 pascuae
1488 683 1596 706 meae:
1631 685 1706 719 giex
1725 686 1791 720 per·

1041 717 1125 751 ditus
1151 718 1251 753 sactus
1272 727 1318 753 est
1342 720 1479 766 populus
1507 733 1613 761 meus;
1631 698 1791 778 ὃῬιι5ῑοιο5

1041 779 1149 802 eorum
1172 768 1307 802 seduxei
1311 776 1365 803 unt
1379 781 1444 810 eos
1449 770 1662 824 'leceruntque
1685 774 1790 818 vagari

1041 816 1072 850 in
1095 817 1265 861 montibus,
1302 818 1340 852 de
1375 828 1481 853 monte
1510 832 1541 853 in
1563 820 1676 855 collem
1703 828 1792 856 tran-

1039 865 1170 907 sierunt,
1190 866 1278 900 obliti
1300 874 1373 901 sunt
1394 868 1508 902 cubilis
1530 868 1577 903 sui
1593 873 1644 914 (a).
1668 868 1791 906 Omnes

1039 915 1093 961 qui
1119 916 1306 950 invenerunt
1327 916 1534 951 comederunt
1556 930 1621 963 eos,
1645 927 1789 966 pastoies

1039 965 1122 998 enim
1146 965 1235 999 multi
1258 965 1399 999 demoliti
1432 974 1504 1000 sunt
1526 967 1649 1001 vineam
1672 980 1789 1013 meam,

1038 1013 1069 1047 (lt
1071 1013 1205 1054 derunt,
1240 1014 1505 1049 conculcaverunt
1527 1023 1648 1062 partem
1671 1029 1788 1063 ineam,

1037 1062 1193 1098 dederunt
1220 1064 1396 1110 portionem
1419 1077 1520 1099 meam
1543 1045 1788 1101 desiderabileni

1036 1112 1067 1147 in
1114 1112 1273 1147 (leseitum
1314 1113 1504 1149 solitudinis.
1544 1114 1666 1151 [dcirco
1713 1116 1791 1152 haec

1035 1162 1112 1196 dicit
1138 1162 1295 1197 Dominus
1322 1163 1361 1198 ad
1389 1172 1541 1210 pastoreS‚
1569 1165 1621 1212 qui
1655 1174 1790 1212 pascunt

1037 1211 1189 1258 populum
1209 1224 1333 1246 meum:
1356 1212 1421 1247 Vos
1444 1213 1636 1260 dispersistis
1659 1227 1787 1270 gregem

1035 1273 1154 1304 meum,
1182 1268 1212 1296 et
1234 1261 1372 1296 eiecistis
1399 1274 1464 1303 eos,
1491 1270 1522 1297 et
1548 1275 1612 1298 non
1639 1264 1789 1299 visitastis

1035 1323 1098 1345 eos.
1132 1311 1214 1346 Eece
1237 1323 1311 1358 ergo
1333 1311 1464 1347 visitabo
1487 1324 1584 1360 super
1612 1325 1666 1348 vos
1693 1314 1787 1348 mali-

1035 1360 1108 1394 tiam
1124 1360 1300 1395 studiorum
1316 1370 1508 1396 vestrorum.
1532 1370 1561 1397 et
1583 1363 1657 1409 qnia
1670 1362 1788 1398 oblitus

1033 1422 1066 1444 es
1090 1410 1163 1450 mei,
1185 1417 1215 1444 et
1237 1411 1370 1458 sperasti
1398 1411 1431 1446 in
1457 1411 1644 1454 mendacio,
1672 1420 1702 1447 et
1726 1424 1785 1459 ego

1033 1458 1179 1493 revelabo
1221 1460 1394 1515 posteriora
1433 1467 1486 1495 tua
1534 1469 1642 1496 contra
1676 1462 1785 1496 faciem

1035 1516 1130 1552 tuam,
1152 1516 1182 1543 et
1205 1509 1394 1556 apparebit
1388 1510 1561 1557 ignominia
1581 1519 1632 1546 tua
1655 1513 1683 1555 (b
1685 1514 1706 1554 ).
1725 1511 1789 1546 Ma·

1034 1557 1144 1592 nifeste
1166 1559 1250 1593 enim
1272 1559 1412 1594 secunda
1439 1559 1624 1605 dogmatum
1662 1569 1785 1595 tuorum

1033 1608 1250 1654 transgressio,
1285 1609 1380 1643 etiam
1416 1609 1550 1656 primam
1578 1610 1785 1645 voluntariam

1032 1656 1269 1697 demonstravit,
1302 1665 1334 1692 et
1367 1669 1405 1692 ex
1448 1671 1541 1705 prava
1570 1659 1784 1705 meditatione,

1031 1706 1096 1740 siue
1129 1719 1223 1741 seusu
1259 1706 1418 1742 haeretico
1444 1716 1553 1743 contra
1588 1708 1683 1743 fidem
1711 1720 1727 1744 a
1754 1717 1784 1744 te

1032 1755 1144 1790 factam
1167 1756 1274 1797 fuisse,
1298 1768 1360 1791 non
1383 1769 1420 1791 ex
1442 1757 1651 1792 involuntaria
1672 1757 1784 1813 abrep-

1031 1804 1126 1845 tione,
1161 1813 1215 1840 aut
1248 1805 1343 1840 eorde
1370 1818 1434 1841 non
1461 1806 1546 1841 ficto.
1588 1807 1654 1841 Nos
1688 1807 1785 1854 igitui-

1030 1854 1169 1900 oportuit
1190 1855 1344 1890 creditum
1368 1855 1461 1890 nobis
1487 1868 1568 1891 onus
1595 1857 1783 1904 pontificalis

1030 1904 1194 1939 ministerii
1237 1912 1420 1951 reputantes
1439 1932 1447 1946 ,
1491 1906 1572 1941 idest
1630 1906 1780 1954 providae

1029 1954 1204 1988 animarum
1222 1966 1326 1994 curae,
1344 1966 1379 1989 ac
1398 1954 1581 2002 diligentiae
1599 1956 1780 1991 nullatenus

1030 2002 1162 2044 morari,
1190 2015 1225 2038 ac
1251 2003 1389 2048 differre,
1411 2016 1483 2039 eum
1507 2005 1586 2040 fides
1612 2017 1629 2040 a
1650 2012 1681 2040 te
1703 2017 1780 2052 pro-

1029 2052 1182 2097 deretur,
1223 2052 1278 2088 sed
1320 2053 1423 2099 iigore
1466 2054 1597 2089 canonis
1640 2055 1782 2109 praecisi

1030 2109 1164 2142 utentes,
1188 2115 1224 2137 ex
1247 2102 1345 2149 prima
1361 2103 1614 2159 interpellatione
1626 2104 1780 2150 scripturn

1030 2160 1116 2185 tuum
1133 2164 1193 2187 una
1205 2165 1275 2186 cum
1291 2164 1328 2187 eo
1344 2153 1396 2199 qui
1411 2153 1600 2199 scripsisset,
1614 2153 1779 2192 damrare;

1031 2213 1069 2235 ue
1097 2201 1336 2236 rationabilibus
1358 2202 1485 2236 Domini
1521 2203 1635 2237 oiibus
1662 2202 1780 2237 morti-

1029 2250 1128 2285 ferum
1158 2251 1318 2286 doctrinae
1346 2259 1416 2286 tuae
1444 2252 1610 2299 porrigens
1637 2263 1779 2298 gramen,

1029 2312 1081 2334 eas
1099 2308 1202 2335 tecum
1225 2313 1281 2348 per
1301 2301 1415 2336 malam
1438 2301 1533 2336 fidem
1557 2302 1778 2336 meitificaies.

1028 2350 1231 2405 privaresque
1257 2359 1382 2386 aeterna
1405 2351 1580 2386 secundum
1613 2337 1777 2385 Christum

1029 2400 1106 2434 vita:
1131 2412 1186 2446 pro
1201 2400 1338 2447 quibus
1331 2412 1398 2448 ipse
1415 2400 1551 2435 animam
1568 2412 1658 2435 suam
1673 2401 1778 2447 posuit

1028 2449 1131 2484 bonus
1154 2458 1271 2497 pastor,
1292 2458 1323 2485 et
1349 2456 1477 2497 ρι’·οριει
1503 2462 1581 2496 quas
1602 2449 1735 2484 coelos
1728 2462 1779 2483 iii-

1028 2499 1149 2534 clinans
1169 2511 1186 2534 a
1199 2499 1300 2535 Patris
1323 2512 1386 2535 non
1409 2499 1576 2534 discedens
1591 2499 1675 2539 sinu,
1692 2499 1777 2533 veuit

1028 2548 1059 2583 in
1083 2558 1196 2583 teri-am
1218 2557 1252 2583 ut
1278 2549 1432 2596 perditam
1459 2560 1650 2595 recuperans
1672 2559 1776 2588 ovem,

1029 2598 1164 2646 propriis
1184 2598 1326 2634 humeris
1347 2598 1386 2634 ad
1407 2610 1500 2633 suum
1523 2597 1700 2632 secundum
1723 2608 1777 2631 na-

1027 2656 1128 2683 turam
1146 2648 1271 2683 Patrem
1294 2648 1474 2683 humaniter
1495 2647 1634 2688 referret,
1661 2658 1696 2681 ac
1721 2657 1777 2693 per

1062 2709 1101 2747 (a)
1113 2710 1206 2738 lorem-
1218 2710 1262 2738 23.
1274 2710 1370 2738 50.12.
1409 2708 1447 2747 (b)
1458 2709 1552 2737 ierem.
1567 2708 1609 2743 lli,
1619 2707 1694 2735 iuxta
1705 2714 1775 2735 Lxx.

1822 319 1875 347 An.
1898 319 1925 348 Cr
1951 321 2001 347 filit*

1814 1557 1914 1579 Secunda
1946 1559 1996 1580 hae-

1813 1595 1828 1626 fi:
1844 1595 1965 1616 reticui-uin

1812 1631 1819 1659 ξ
1834 1628 1996 1662 trunsfgress'in'ff

1813 1669 1896 1698 primae
1933 1666 1996 1688 mali-

1812 1705 1865 1729 tiam
1890 1702 1994 1725 ostendit.
