2237 3127
162 266 212 293 An.
228 265 258 293 C.
276 263 344 292 ioli&

373 335 466 371 parva
497 319 580 354 nulla
610 329 743 365 persona
774 315 890 364 aliquid
926 315 984 350 tale
1012 314 1125 349 audeat

376 380 588 420 praesumere,
611 368 728 402 scilicet
763 367 791 400 in
815 366 921 407 rebus,
944 377 1022 412 quas
1053 363 1124 411 epi—

373 421 459 467 scopi
488 417 680 457 Florcntini,
716 416 860 450 videlicet
895 414 1123 457 litlebrandus,

373 469 575 507 Lambertus,
598 475 627 501 et
649 466 733 500 Atlio
750 466 806 512 ipsi
836 466 1025 500 monasterio
1046 477 1124 499 con-

372 518 536 558 cesserim,
555 525 607 551 aut
630 516 681 550 alii
701 515 846 549 homines
862 527 917 561 pro
944 527 999 549 sua
1019 514 1122 549 anima

371 567 552 606 tribuerint,
573 566 619 601 vel
643 578 723 612 quae
741 573 774 599 tu
792 565 859 612 ipse
873 564 991 599 ibidem
1013 564 1124 611 acqui-

370 617 481 658 sivisti,
507 625 537 651 et
564 615 677 650 amodo
704 615 868 661 acquirere
896 614 1025 662 poteris,
1060 622 1124 649 sta-

371 675 494 702 tuentes
516 665 686 713 apostolica
711 677 844 699 censura
868 673 899 698 ut
921 664 948 698 si
971 664 1042 711 quis
1063 677 1123 711 pu-

370 717 451 752 blica
465 715 512 750 vel
526 716 642 763 privata
663 726 808 762 persona,
827 726 938 760 magna
955 714 1001 748 vel
1019 726 1122 760 parva,

370 767 402 802 iu
438 766 487 800 liis
521 764 671 800 omnibus
706 764 799 798 rebus
836 773 896 798 tam
927 763 1122 807 mobilibus,

369 828 463 864 quam
487 813 717 857 immobilibus,
739 814 863 860 tuisque
885 813 1123 848 successoribus

370 866 550 903 molestare,
577 864 763 911 inquietare,
786 871 839 898 aut
860 863 899 898 de
923 863 1031 898 xestris
1054 876 1122 898 ma-

370 915 464 951 nibus
499 926 647 961 rumpere
674 913 885 960 temptaverit,
918 913 958 947 sit
991 913 1123 948 anatlie—

371 965 462 1001 matis
483 964 609 999 vinculo
645 963 824 1003 innodatus,
857 972 887 997 et
916 971 1019 997 nostra
1045 975 1123 1009 apo-

370 1015 481 1050 stolica
495 1013 714 1049 maledictione
729 1012 908 1053 damnatus,
920 1012 1021 1047 donec
1036 1013 1124 1047 satis-

370 1065 538 1100 factionem
578 1063 685 1097 talium
731 1062 820 1097 saciat
867 1063 1121 1097 commissorum.

370 1115 435 1157 Qui
457 1126 530 1149 vcro
546 1121 651 1148 custos
667 1111 876 1147 roborationis
891 1113 984 1146 liuius
998 1121 1122 1147 nostrae

371 1164 533 1207 tuitionis,
567 1162 773 1202 defensionis,
811 1162 1122 1209 conlirmationisqne

370 1214 518 1251 extiterit,
533 1212 785 1248 benedictionem
809 1221 837 1246 et
860 1212 990 1259 gratiam
1007 1225 1023 1246 a
1041 1213 1122 1246 insto

371 1265 476 1300 iudice
497 1263 634 1298 Domino
656 1262 724 1297 Deo
747 1271 854 1297 nostro
880 1262 1032 1309 consequi
1055 1275 1122 1296 ine-

373 1323 488 1350 reatur.

420 1364 542 1411 Scripta
559 1375 613 1410 per
629 1374 755 1397 manum
778 1361 879 1407 Sergii
895 1361 1007 1396 notarii
1030 1369 1060 1396 et
1080 1364 1124 1405 (l)

371 1414 451 1449 sacri
480 1413 576 1448 nostri
606 1412 733 1459 palatii,
763 1424 871 1446 mense
898 1412 1011 1458 aprile,
1040 1411 1125 1445 iudi-

374 1464 478 1499 ctione
499 1476 555 1497 xii.
583 1462 700 1496 Valete.

401 1512 507 1552 Script.
530 1520 630 1541 mense
652 1510 754 1549 aprilis
777 1519 853 1539 anno
872 1509 987 1539 Domini
1013 1510 1096 1546 lorii,

535 1550 636 1591 pontis.
655 1550 802 1580 Benedicti
821 1559 898 1579 anno
919 1558 958 1579 XI.

721 1634 773 1668 Vl.

373 1695 559 1729 Annullatio
587 1700 613 1727 et
635 1694 770 1727 irritatio
792 1694 1004 1737 cuiuscumque
1025 1694 1126 1729 bullae

421 1746 468 1778 ius
489 1744 676 1778 concedentis
700 1744 843 1787 Popponi
866 1745 1053 1787 Aquileiensi
1063 1755 1125 1788 pa-

422 1795 576 1828 triai·ch‹w
598 1794 631 1826 in
657 1792 781 1826 Gradus
805 1795 905 1826 insula
930 1794 990 1836 (2).

646 1848 860 1879 SUMMAItltYM

374 1899 565 1930 Prooemium.
581 1915 621 1920 —
641 1898 843 1928 Ecclesiastici
866 1898 983 1928 ordines
1006 1907 1063 1928 non
1087 1904 1127 1928 te-

415 1939 557 1969 mer-andi.
571 1955 611 1961 -—
622 1938 769 1978 Popponis
782 1939 981 1977 Aquileiensis
998 1938 1127 1977 fraudes,

415 1985 442 2010 et
459 1979 584 2009 nefanda
607 1984 699 2017 gesta.
723 1995 762 2000 —-
782 1978 983 2008 Conditionata
1007 1988 1129 2008 conces-

416 2021 460 2050 sio
483 2020 509 2049 ei
532 2019 616 2048 sarta.
639 2035 677 2040 —
694 2018 827 2048 Conditio
847 2028 998 2057 nunquam
1022 2020 1126 2057 purifi-

416 2065 489 2090 cata.
506 2076 546 2081 —
565 2059 698 2097 Synodus
722 2068 840 2087 romana
865 2058 919 2087 sub
940 2058 1046 2088 Ioanne
1062 2059 1128 2096 xlx,

417 2100 454 2130 ad
473 2098 695 2129 examinandam
715 2098 1126 2137 contmversiam'Popponem

416 2140 494 2169 inter
515 2144 542 2168 et
574 2138 716 2168 Ursonem
747 2138 934 2167 Gradensem.
957 2156 996 2160 —
1015 2139 1129 2169 Summi

417 2179 521 2219 pontif.
551 2179 601 2217 qui
631 2178 780 2217 privilegia
805 2178 948 2207 Gradensi
979 2178 1129 2209 Ecclesiae

417 2222 636 2249 concesserunt.
648 2218 776 2253 -Qnae
790 2218 890 2247 fecerit
900 2218 1022 2248 loannes
1037 2219 1088 2248 ΡΙ).
1101 2220 1130 2248 in

419 2259 446 2289 d.
465 2258 673 2288 controversia.
695 2275 734 2279 —
757 2257 904 2298 Popponis
927 2260 1130 2295 contumacia,

419 2304 448 2329 et
465 2298 632 2336 refragatio.
646 2315 686 2319 —
703 2297 868 2337 Maiomque
889 2299 1012 2328 scelera.
1026 2316 1067 2321 —
1081 2299 1132 2328 Le-

420 2339 478 2377 gati
509 2338 595 2367 missi
623 2338 658 2367 ab
682 2337 794 2367 L'rsone
816 2338 979 2377 patriarcha
1008 2342 1036 2368 et
1058 2339 1132 2369 (luce

422 2378 619 2408 Venetiarum.
650 2394 689 2400 —
718 2377 795 2407 Bona
818 2378 978 2407 Gradensis
1004 2379 1132 2418 patriar-

421 2419 526 2449 chatus
549 2418 675 2457 propria.
692 2434 732 2439 —
750 2417 884 2456 Synodus
906 2418 1015 2448 Romae
1034 2419 1132 2448 habita

422 2468 474 2497 pro
498 2458 720 2488 confirmatione
749 2458 798 2488 dd.
831 2458 975 2487 honorum
1008 2458 1133 2489 Graden.

422 2498 581 2528 Ecclesiae.
602 2515 642 2520 —
658 2497 813 2537 Episcopi,
836 2498 886 2537 qui
914 2498 1023 2537 synodo
1040 2499 1133 2528 inter-

425 2539 553 2568 suerunt.
568 2555 607 2559 -
622 2537 802 2568 Gradensem
814 2537 976 2568 Ecclesiam
994 2543 1134 2577 perpetuo

424 2578 651 2617 patriarchalem
675 2578 802 2607 suturam
819 2578 999 2608 decernitur.
1013 2595 1053 2601 —
1067 2578 1136 2608 Om-

420 2627 459 2661 (1)
485 2626 560 2653 Adde
584 2628 733 2652 scriniarii.
772 2626 812 2661 (2)
838 2626 877 2652 Ex
899 2625 965 2653 Cod.
982 2626 1136 2653 Trivisaneo

387 2661 470 2690 edidit
480 2662 603 2690 Nicolaus
613 2661 720 2690 Coletus
731 2662 786 2689 Ital.
805 2662 864 2690 Sac.
878 2665 941 2690 tom.
954 2669 982 2696 v,
993 2661 1044 2690 col.
1059 2663 1135 2690 1115.

969 258 1158 284 BULLARlUM
1186 257 1350 281 ROMANUM

1207 311 1325 340 nimoda
1347 309 1497 339 Ecclesiae
1516 308 1650 338 eiusdem
1674 317 1707 337 ac
1722 307 1868 338 bonorum
1885 307 1923 338 li-

1207 350 1305 381 bertas
1325 349 1360 379 ab
1378 349 1458 379 omni
1477 349 1573 378 alieno
1591 347 1921 386 iure.—P1·ivilegium

1207 391 1338 430 I‘opponi
1374 389 1557 429 patriarchae
1586 397 1761 418 concessum
1801 389 1922 418 omnino

1206 431 1349 461 irritatur.
1379 447 1419 452 —
1449 430 1611 458 Anatliema
1638 433 1738 459 contra
1764 427 1922 458 violatores

1206 471 1352 509 privilegii
1367 470 1466 499 liuius.
1478 486 1517 491 —
1528 469 1664 509 Episcopi
1678 469 1729 508 qui
1745 468 1813 497 huic
1827 468 1920 507 privi-

1207 511 1283 550 legio
1302 511 1554 549 subscripserunt.

1165 579 1322 607 Benedictus
1341 578 1482 614 episcopus
1503 584 1596 605 servus
1616 583 1755 605 servorum
1783 575 1844 608 Dei.
1871 575 1920 603 Ur-

1210 624 1269 652 soni
1289 623 1417 651 stadensi
1435 622 1609 659 patriarchae
1626 623 1786 658 perpetuam
1814 621 1843 649 iu
1872 620 1920 649 Do-

1210 669 1282 698 mino
1298 669 1358 697 lesu
1376 668 1483 697 Christo
1507 668 1634 696 satutem.
1660 678 1664 682 ·

1213 733 1304 768 Sicut
1327 733 1496 780 plurimum
1519 731 1694 778 gandemus
1717 730 1747 765 in
1770 730 1920 771 Domino,

1165 791 1195 817 et
1224 783 1253 817 in
1287 783 1371 817 dono
1397 783 1513 828 gratiae
1549 781 1650 828 ipsius
1681 780 1865 826 gloriamur,
1893 780 1918 815 si

1165 840 1270 867 sancta
1293 832 1435 867 Ecclesia
1471 844 1525 879 per
1560 831 1641 866 bona
1678 842 1773 877 opera
1802 830 1918 865 crescit

1166 883 1355 929 magnifice,
1385 890 1416 915 et
1449 882 1597 917 dilatatur
1631 880 1842 925 amplissime3
1877 880 1917 915 ita

1167 933 1316 967 nimirum
1364 932 1531 978 affligimur
1579 938 1609 966 et
1648 930 1838 965 tribulamur
1878 929 1919 965 de

1165 983 1232 1017 eius
1275 983 1504 1028 oppressione,
1540 993 1637 1028 snper
1673 992 1767 1027 qnam
1807 978 1919 1015 crebro

1166 1032 1423 1066 lamentationum
1454 1044 1558 1066 sermo
1591 1031 1728 1077 perlatus
1759 1037 1817 1064 est.
1848 1029 1918 1064 Non

1165 1090 1346 1128 oportuerat
1368 1082 1495 1129 quidem
1517 1081 1556 1115 ab
1575 1080 1636 1115 illis
1658 1092 1674 1114 a
1696 1079 1812 1126 quibus
1838 1079 1916 1114 sub-

1166 1132 1307 1169 stentari,
1337 1141 1430 1177 atque
1459 1130 1604 1165 bonni-ari
1634 1129 1799 1171 debuerat,
1822 1129 1918 1163 tantis

1165 1193 1232 1215 eam
1256 1181 1517 1228 oppressionibus
1538 1180 1678 1220 concuti,
1701 1179 1837 1226 ideoque
1861 1191 1918 1213 ue-

1165 1232 1338 1266 cessarium
1372 1240 1429 1270 est,
1459 1241 1489 1265 ut
1522 1230 1649 1264 remotis
1677 1229 1784 1263 talium
1817 1229 1917 1274 tergi-

1167 1280 1420 1321 versationibus,
1459 1280 1576 1328 quibus
1610 1291 1766 1314 venenosa
1800 1278 1918 1314 malitia

1167 1331 1298 1365 revelari
1335 1339 1366 1365 et
1396 1330 1556 1365 obscurari
1585 1329 1709 1364 bonitas
1738 1336 1769 1363 et
1806 1328 1918 1363 veritas

1166 1381 1256 1423 solet,
1278 1380 1506 1415 adminiculum
1532 1392 1593 1414 non
1616 1379 1776 1414 modicum
1803 1377 1920 1412 lamen-

1166 1431 1306 1465 tantibus
1329 1431 1409 1465 inste
1437 1429 1649 1476 impendatur,
1667 1436 1763 1476 atque
1784 1427 1823 1463 ab
1841 1440 1919 1474 apo-

1166 1480 1274 1514 stolica
1289 1481 1364 1514 sede
1379 1481 1579 1525 sull'ragetur7
1602 1491 1682 1525 quos
1702 1491 1756 1526 per
1778 1478 1917 1512 divinam

1166 1530 1295 1575 gratiam
1319 1529 1433 1563 Christi
1457 1529 1572 1563 auxilio
1595 1529 1728 1573 dignum
1751 1535 1798 1562 est
1824 1527 1919 1561 adiu-

1167 1580 1246 1620 vari3
1270 1592 1347 1613 neve
1376 1579 1469 1613 totius
1491 1578 1653 1613 Ecclesiae
1681 1576 1918 1624 perturbatione

1166 1628 1352 1675 imprudens
1367 1629 1532 1675 praecedat
1555 1627 1698 1671 intentio,
1717 1636 1747 1661 ct
1769 1639 1816 1667 ea,
1835 1638 1917 1674 quae

1167 1691 1182 1712 a
1209 1679 1325 1713 sanctis
1344 1677 1638 1725 praedecessoribus
1660 1677 1791 1715 nostris,
1813 1685 1844 1710 et
1865 1688 1918 1711 re-

1169 1729 1263 1774 liquis
1290 1729 1405 1762 sanctis
1439 1727 1560 1761 dudum
1589 1727 1711 1761 fuerant
1735 1725 1915 1773 prohibita,

1167 1778 1272 1811 denuo
1295 1778 1489 1812 reviviscant.
1512 1776 1605 1811 Sedis
1632 1787 1768 1822 namque
1790 1783 1916 1810 nostrae

1167 1827 1420 1861 consideratione
1446 1826 1666 1872 compellimur
1692 1838 1747 1866 ea,
1770 1836 1852 1872 quae
1878 1824 1917 1859 ad

1169 1877 1327 1911 notionem
1358 1886 1494 1911 nostram
1529 1875 1729 1910 emendando
1765 1886 1918 1921 pervene-

1169 1935 1255 1965 runt,
1280 1935 1407 1974 prepter
1434 1927 1537 1960 Deum
1561 1938 1624 1960 non
1644 1925 1838 1971 relinquere,
1860 1923 1918 1959 sed

1168 1976 1261 2021 digna
1283 1976 1502 2010 emendatione
1525 1976 1693 2021 corrigere.
1716 1974 1783 2008 Etsi
1806 1986 1920 2008 saeue-

1169 2026 1336 2060 cularisins
1349 2028 1391 2069 (l)
1410 2026 1520 2059 olliciis
1541 2025 1618 2059 ordo
1631 2037 1719 2064 suns,
1731 2032 1761 2059 et
1776 2024 1887 2058 tradita
1901 2035 1919 2058 a

1171 2075 1342 2109 maioribus
1380 2075 1546 2121 disciplina
1579 2074 1731 2108 servanda
1753 2081 1811 2115 est,
1846 2073 1919 2120 quis

1171 2124 1245 2159 ferat
1279 2125 1509 2159 ecclesiasticos
1542 2124 1670 2158 ordines
1703 2124 1847 2157 temerari
1883 2134 1920 2157 ac

1171 2175 1424 2221 praesumptione
1437 2173 1610 2208 confundi?
1627 2181 1680 2207 aut
1692 2173 1732 2207 ita
1748 2173 1919 2219 negligere,

1171 2232 1201 2258 et
1222 2224 1416 2258 emendanda
1442 2236 1504 2258 non
1526 2236 1619 2270 opem
1641 2222 1771 2257 ferendo
1791 2230 1922 2268 postpo-

1174 2273 1268 2308 nere?
1294 2272 1495 2320 Quapropter
1527 2273 1676 2307 omnibus
1707 2279 1832 2306 sanctae
1865 2270 1921 2305 Dei

1174 2322 1334 2357 Ecclesiae
1357 2323 1428 2356 liliis
1450 2330 1558 2357 notum
1576 2334 1644 2357 esse
1663 2322 1820 2361 volumus,
1836 2320 1921 2368 quod

1174 2372 1356 2407 detestabile
1372 2372 1456 2406 nefas
1473 2380 1614 2418 tempore
1633 2371 1729 2406 nostri
1746 2370 1924 2405 decessoris

1174 2421 1300 2457 Ioannis
1340 2434 1438 2468 papae
1472 2435 1487 2456 a
1525 2422 1677 2467 Popponc
1713 2419 1923 2455 Foroiuliensi

1177 2471 1319 2518 praesule
1345 2471 1469 2505 diabolo
1496 2471 1648 2505 suadente
1674 2479 1778 2504 actum
1797 2478 1844 2504 est
1865 2469 1926 2504 ad-

1176 2533 1300 2556 versum
1348 2520 1503 2555 Ursonem
1545 2519 1720 2554 Gradensis
1765 2519 1927 2553 Ecclesiae

1178 2583 1274 2605 novae
1305 2570 1470 2616 Aquileiae
1494 2570 1720 2616 patriarcbam;
1749 2569 1927 2616 praedictus

1212 2626 1311 2690 5¹){ic
1326 2627 1353 2653 in
1368 2626 1431 2654 edit.
1449 2625 1642 2660 Mainardiaua;
1661 2625 1772 2654 forsitan
1789 2625 1824 2652 Et
1839 2627 1863 2652 st·
1877 2632 1928 2652 εω-

1178 2672 1210 2690 cu
1222 2672 1264 2690 ανι
1284 2671 1324 2690 us.

1928 237 2001 281 sau.
2021 247 2051 276 C.
2067 247 2134 300 {otti

1950 748 2095 773 Pronmiun.

1982 2039 2140 2064 Ecelenintiti

1953 2075 2043 2099 ordine·
2094 2083 2140 2099 nou

1952 2111 2086 2143 temer-nudi,

1953 2281 2066 2311 Poppanin
2105 2281 2140 2304 A-

1984 2316 2113 2347 quileienuis

1951 2351 2040 2375 fraudes
2055 2356 2077 2376 et
2092 2361 2140 2376 n·-

1955 2388 2020 2411 sunda
2037 2392 2108 2419 genta.

2218 486 2237 718 ›ca-affl&
