2237 3127
38 308 90 338 Aa.
106 309 136 338 G.
153 304 222 338 ¹052

68 425 188 449 Anathoma

38 464 112 484 eontra
146 460 219 491 prixi-

36 498 87 528 tegit
96 499 157 520 liuius
170 499 219 520 vio-

34 536 127 558 latores.
168 535 188 557 Ο

895 323 923 351 3.
952 327 1015 351 LEO
1041 326 1077 351 IX
1099 328 1150 351 PP-

302 381 357 414 ΓΖ.
380 376 413 414 Si
434 379 517 427 quis,
533 379 618 428 quod
635 392 697 415 non
721 388 879 428 optamus,
903 390 1005 417 teme-

251 429 332 463 rario
345 442 422 464 ausu
439 439 545 464 contra
562 430 655 465 huius
669 433 712 473 (l)
735 432 923 477 apostolicae
941 445 1005 467 no-

250 486 333 512 strae
347 480 542 514 auctoritatis
556 480 709 527 scriptum
727 480 778 527 pie
792 493 808 515 a
824 481 915 516 nobis
931 495 1005 529 pro-

249 528 412 574 vulgatum
437 530 615 571 tentaverit,
638 529 848 565 anathematis
870 531 1004 566 vinculis

250 576 420 612 innodatus
441 590 457 612 3
481 590 577 624 regno
590 579 648 613 Dei
671 580 710 613 sit
737 580 874 624 alienus,
902 580 1003 615 donec

248 627 424 673 resipiscat.
449 627 512 669 Qui
535 640 607 662 vero
636 628 687 675 pio
715 629 828 663 intuitu
853 629 956 664 cultor
974 638 1003 664 et

249 676 432 711 observator
446 677 595 717 extiterit,
614 677 845 713 benedictionis
857 680 1001 724 gratiam,

248 733 279 760 et
299 726 442 760 caelestis
472 727 557 772 regni
581 727 695 772 gaudia
723 739 738 761 a
762 728 1002 762 misericordis—

249 775 330 810 simo
351 775 489 809 Domino
521 784 629 810 nostro
656 777 807 823 consequi
832 785 999 812 mereatur.

297 824 413 858 Datum
447 825 540 859 nonis
570 825 641 859 maii
672 837 727 872 per
756 838 866 860 manus
895 826 1002 861 Fride-

248 873 303 908 rici
334 873 480 917 diaconi,
514 882 640 908 sanctae
669 887 817 909 romanae
838 875 1000 911 Ecclesiae

247 922 476 957 bibliothecarii
496 931 589 970 atque
603 923 782 958 cancellarii
800 925 866 959 vice
881 925 1000 959 domini

246 971 421 1007 Hermanni
433 972 699 1008 archicancellarii
712 973 861 1008 etColon.
878 975 1001 1009 archie-

249 1021 385 1069 piscopi.

294 1070 389 1106 Anno
427 1071 555 1106 Domini
596 1071 764 1106 millesimo
808 1072 1000 1119 quinquage-

247 1120 328 1155 simo
355 1121 509 1163 secundo,
530 1121 646 1157 Leonis
666 1121 712 1156 lx
734 1133 833 1169 papae
854 1134 899 1161 w,
917 1122 1000 1156 insli-

247 1170 353 1206 ctione
375 1170 496 1217 quinta.

324 1227 387 1258 Dat.
404 1228 451 1258 die
475 1229 491 1257 7
510 1228 580 1258 maii
598 1238 675 1258 anno
695 1228 811 1258 Domini
832 1228 918 1263 1052,

435 1268 538 1308 pontif.
557 1268 663 1298 Leonis
683 1278 759 1298 anno
777 1277 814 1300 lv.

566 1387 680 1423 XXVI.

250 1455 452 1502 Confirmatio
496 1457 668 1494 bonorum,
704 1457 939 1501 privileqi'orum
971 1462 997 1488 et

295 1507 520 1551 exemptionum
551 1507 688 1539 omnium
714 1507 857 1540 abbatiae
884 1507 920 1539 S.
944 1507 997 1540 So-

294 1556 388 1601 phiae
409 1557 614 1589 Beneventan.
638 1557 779 1590 dioecesis
803 1557 864 1598 (2).

518 1626 731 1657 SUMMARIUM

245 1686 413 1718 Exordium.
429 1705 469 1711 —
485 1687 675 1718 Confirmatio
694 1687 838 1725 abbatiae,
854 1693 881 1718 et
899 1697 996 1718 rernm

286 1729 418 1758 omnium
439 1728 474 1758 ad
498 1738 561 1758 eam
582 1729 802 1767 pertinentium.
824 1745 863 1750 —
884 1728 953 1757 Item
972 1734 999 1758 et

286 1768 468 1798 oblationum
496 1769 555 1798 sive
578 1769 770 1798 donationum
798 1769 929 1797 oninium
957 1769 999 1797 ei—

288 1808 354 1838 dem
365 1818 380 1838 a
393 1808 532 1838 fidelibus
547 1808 697 1838 factarum.
708 1825 747 1830 —
758 1808 879 1837 Abbatis
892 1808 997 1838 electio

286 1857 377 1887 penes
394 1849 562 1878 monachos.
578 1865 618 1870 —
632 1848 754 1878 Abbatia
774 1857 841 1877 cum
858 1848 997 1877 omnibns

287 1888 324 1917 ad
346 1897 376 1917 se
396 1888 613 1927 pertinentibus
631 1888 685 1917 sub
710 1888 772 1917 iure
795 1888 823 1917 S.
847 1887 929 1917 ltom.
946 1888 998 1917 Ec-

287 1928 395 1958 clesiae
432 1929 593 1966 recipitur,
624 1928 819 1967 eximiturque
852 1928 887 1957 ab
918 1928 998 1957 omni

287 1967 471 1998 subiectione
489 1968 641 1998 Cassinen.
661 1973 786 1997 monast.
799 1984 839 1990 -
853 1968 998 2006 Quicquid

285 2008 316 2038 in
335 2009 515 2037 contrarium
535 2012 632 2037 actum
650 2008 746 2043 suerit,
766 2008 880 2037 irritum
904 2008 1000 2037 decla-

286 2052 379 2084 ratur3
401 2048 479 2078 iuxta
498 2048 713 2077 declarationes
732 2047 928 2077 Beneventan.
945 2048 1000 2077 tlu-

288 2097 355 2118 cum
379 2089 408 2118 in
435 2089 632 2118 controversia
660 2089 733 2117 alias
753 2092 828 2117 mota
854 2087 889 2117 ab
913 2087 1000 2117 abba-

288 2128 367 2158 tibus
389 2127 502 2158 Cassin.
523 2145 563 2150 —
577 2127 766 2157 Confirmatio
781 2127 999 2166 exemptionum

287 2178 303 2198 a
332 2168 540 2207 pontificibus,
569 2168 612 2197 vel
644 2168 871 2207 imperatoribus
904 2168 998 2197 eidem

288 2217 510 2238 concessarum.
535 2225 574 2230 —
598 2208 735 2237 Liberum
768 2208 865 2237 abbati
894 2208 932 2236 sit
954 2216 999 2236 or-

289 2248 456 2278 dinationes
483 2258 497 2278 a
521 2258 578 2287 quo
599 2248 737 2278 maluerit
754 2248 892 2286 episcopo
918 2248 999 2276 acci-

289 2297 369 2327 pere.
402 2305 442 2310 —
471 2288 634 2318 Anathema
665 2288 696 2318 in
728 2288 874 2328 privilegii
912 2288 1000 2317 liuius

288 2328 454 2358 violatores.

249 2389 298 2418 Leo
316 2390 456 2426 episcopus
475 2397 570 2419 servus
590 2397 730 2418 servorum
759 2390 820 2423 Dei.
847 2389 1001 2425 sicenolpho

275 2435 392 2464 -ditecto
411 2437 504 2464 nostro
521 2436 549 2463 in
567 2435 675 2464 Christo
694 2435 748 2463 filio
768 2437 796 2463 et
815 2435 907 2463 abbati
923 2442 1000 2463 vene-

295 2480 392 2508 rabilis
414 2481 533 2508 coenobii
552 2481 639 2508 almae
662 2481 689 2509 et
716 2481 875 2508 coaeternae
894 2480 1002 2508 Domino

293 2525 368 2553 Patri
387 2525 498 2561 sophiae
517 2525 591 2554 intra
609 2525 796 2558 Beneventum,
812 2525 840 2553 in
858 2525 915 2553 loco
935 2532 1000 2552 nun·

295 2571 391 2606 cupato
419 2570 593 2599 Urbe-vetere
616 2571 776 2602 constructi.
802 2571 830 2598 et
851 2571 955 2606 postte
975 2570 1002 2597 in

295 2615 387 2643 eodem
411 2615 534 2644 coenobio
564 2616 620 2644 tuis
649 2615 848 2643 successoribus
878 2615 1003 2643 canonice

295 2660 484 2696 promovendis
502 2660 530 2688 in
548 2661 718 2696 perpetuum.

254 2709 295 2747 (1)
310 2709 432 2736 Forsitan
448 2711 505 2736 lior.
545 2710 584 2743 (⁹2)
603 2709 643 2735 Ex
660 2712 725 2736 tom.
749 2716 797 2736 vni
818 2709 874 2734 ltal.
893 2709 954 2736 Sat:⁷

332 2753 408 2784 Ball.
433 2752 510 2783 Rom.
541 2753 593 2783 tul.
615 2753 638 2783 I.
801 2753 836 2783 78

1620 320 1692 353 617
1813 293 1867 328 An.
1884 294 1993 329 (3.1059

1097 382 1145 417 Ad
1168 382 1227 416 hoc
1253 382 1284 417 in
1307 382 1489 418 sacerdotali
1512 383 1650 419 culmine
1672 383 1793 418 eonsti-

1047 433 1104 466 tuti
1136 444 1263 473 sumus,
1302 441 1335 467 ut
1370 434 1552 473 evellamus.
1587 447 1644 468 nec
1670 447 1732 468 non
1762 443 1793 468 et

1046 483 1257 522 destruamus,
1280 490 1309 516 et
1330 482 1533 517 aedificemus
1555 484 1636 517 iuxta
1653 496 1689 518 ac
1704 483 1793 529 plan-

1046 538 1148 566 temus
1167 532 1197 565 in
1220 531 1347 566 nomine
1360 532 1438 566 eius.
1455 531 1570 567 Deiiiio
1585 532 1677 567 efficii
1692 533 1790 567 nostri

1045 581 1202 624 exigente,
1214 581 1367 627 optimum
1381 581 1529 616 duximus
1540 582 1663 617 diebus
1680 583 1791 625 ostris,

1045 638 1137 675 prout
1171 642 1305 676 superna
1341 632 1436 676 gratia
1462 631 1652 666 concesserit
1698 631 1790 665 obvia

1043 690 1188 725 quaeque
1202 679 1293 714 nobis
1316 679 1419 714 illicita
1444 680 1538 715 salsae
1560 681 1644 716 eccle
1665 681 1791 715 iasticae

1043 727 1229 774 disciplinae
1261 729 1418 763 dimittere
1441 732 1501 772 (i),
1535 737 1567 765 et
1597 729 1637 765 li(-
1656 731 1703 769 iis,
1735 743 1791 764 co-

1045 777 1126 822 piam
1169 778 1377 812 frnctificandi
1418 779 1535 825 passim
1576 791 1625 826 sur
1645 780 1789 825 ¹militare.

1042 825 1255 866 Quamobrem
1301 836 1371 873 post
1413 828 1542 863 nimiam
1582 829 1626 864 caT
1641 830 1790 863 imitatem

1043 874 1354 921 Beneventanornm,
1377 890 1470 923 quarn
1493 878 1610 924 perta?
1637 887 1687 912 nnt
1711 879 1791 912 inste

1042 924 1082 958 oh
1121 925 1264 959 iniuriam
1303 934 1333 959 et
1369 927 1548 972 superbiam
1585 940 1786 962 romanorum

1042 974 1238 1019 pontificum,
1271 983 1300 1009 et
1323 975 1523 1010 dominorum
1553 977 1791 1022 imperatmnm,

1043 1031 1174 1069 postque
1197 1036 1305 1058 eorum
1331 1025 1539 1059 miserabilem
1563 1034 1591 1059 et
1615 1026 1791 1060 luctuosam

1041 1072 1297 1116 satisfactionem,
1320 1074 1375 1108 tibi
1394 1075 1452 1108 iam
1476 1075 1558 1108 ‹lirto
1584 1075 1791 1120 Sicenolpho,

1040 1133 1134 1167 quem
1157 1121 1225 1156 loco
1250 1122 1334 1157 illius
1355 1123 1468 1158 deiecti
1492 1136 1527 1158 ac
1548 1126 1689 1159 scelerati
1707 1124 1793 1159 Gre-

1040 1171 1130 1216 gorii,
1158 1171 1278 1206 abbatis
1299 1173 1456 1208 immerito
1483 1174 1555 1208 dicti
1580 1186 1638 1208 nec
1660 1175 1719 1208 iam
1738 1173 1789 1208 di-

1041 1220 1149 1261 cendi,
1172 1221 1386 1256 ordinavimus
1414 1224 1495 1257 iuxta
1528 1224 1688 1269 petitionis
1717 1232 1787 1258 tuae

1039 1277 1202 1310 tenorem,
1230 1272 1454 1306 confirmamus
1480 1285 1516 1306 ex
1544 1273 1665 1319 integro
1693 1285 1789 1320 prae-

1039 1318 1131 1353 fatam
1157 1319 1312 1355 abbatiam
1334 1320 1366 1355 S.
1391 1321 1528 1368 Sophiae
1550 1334 1620 1356 cum
1635 1323 1790 1364 ecclesiis,

1039 1369 1200 1411 curtibus,
1235 1370 1326 1414 villis,
1355 1371 1520 1411 casalibus,
1548 1372 1660 1413 vineis,
1688 1373 1790 1413 terriS,

1038 1419 1152 1459 servis,
1174 1431 1210 1454 ac
1228 1420 1360 1460 ancillis,
1383 1420 1592 1467 omnibusque
1614 1421 1788 1456 mobilibus

1039 1468 1085 1502 vel
1106 1469 1321 1504 immobilibus
1342 1470 1379 1504 ad
1396 1482 1429 1504 se
1451 1471 1530 1504 iuste
1548 1471 1791 1517 pertinentibus,

1039 1526 1100 1552 tam
1123 1530 1178 1557 ea,
1205 1531 1285 1565 quae
1307 1519 1459 1554 hactenus
1484 1520 1647 1567 acquirere
1676 1521 1791 1568 potuit,

1039 1580 1133 1614 quam
1148 1580 1227 1615 quae
1244 1569 1393 1615 deinceps
1405 1569 1599 1614 liberalitate,
1612 1570 1791 1615 collatione,

1039 1618 1104 1652 sive
1118 1618 1324 1652 concessione
1345 1618 1558 1666 quorumlibet
1573 1620 1790 1666 religiosorum

1042 1667 1204 1701 hominum
1229 1668 1341 1714 poterit
1362 1668 1512 1715 adipisci,
1534 1677 1628 1716 atque
1661 1681 1790 1716 prorsus

1040 1728 1259 1763 quaecumque
1273 1729 1421 1752 concessa
1432 1725 1506 1752 sunt
1521 1718 1575 1757 illi,
1587 1719 1789 1753 corroborata

1042 1766 1164 1812 piorum
1184 1766 1409 1813 imperatorum
1434 1767 1479 1802 vel
1500 1768 1679 1815 principum
1698 1780 1790 1814 prae-

1040 1816 1153 1862 ceptis,
1176 1823 1229 1849 aut
1250 1816 1479 1862 chirographis.
1502 1817 1666 1852 Praeterea
1682 1818 1791 1852 autho-

1041 1865 1130 1899 ritate
1152 1866 1340 1911 apostolicae
1363 1866 1449 1900 sedis
1476 1880 1622 1901 romanae
1645 1868 1792 1902 concedi-

1041 1927 1111 1948 mus
1138 1926 1173 1948 ac
1190 1914 1414 1950 confirmamus
1436 1916 1489 1950 tibi
1517 1917 1642 1964 tuisque
1657 1929 1789 1951 succes-

1041 1963 1165 1998 soribus
1187 1963 1217 1998 in
1241 1973 1427 2011 perpetuum
1443 1977 1554 2001 omnes
1576 1967 1606 2000 in
1630 1967 1787 2012 integrum

1041 2013 1217 2048 oblationes
1243 2014 1382 2048 vivorum
1405 2027 1441 2049 ac
1462 2015 1791 2063 defunctorum,quae

1041 2063 1154 2097 amodo
1172 2063 1322 2109 deinceps
1339 2063 1398 2111 ipsi
1419 2065 1609 2100 monasterio
1624 2066 1670 2100 vel
1688 2066 1793 2100 eccle-

1042 2113 1097 2146 siis
1111 2112 1171 2146 illis
1185 2112 1338 2148 subiectis
1350 2125 1365 2148 a
1379 2114 1633 2161 quibuscumque
1647 2115 1792 2162 personis

1042 2161 1132 2196 datae
1158 2161 1291 2196 fuerint:
1327 2163 1481 2210 liceatque
1516 2165 1592 2210 ipsis
1626 2164 1793 2199 monachis

1042 2224 1078 2244 ex
1101 2211 1210 2246 eadem
1238 2214 1482 2258 congregatione
1505 2213 1619 2260 eligere
1646 2214 1792 2248 abbatem
1820 2226 2002 2251 ..annosum-uo

1042 2260 1113 2299 sibi,
1136 2261 1159 2294 si
1184 2260 1261 2295 inibi
1282 2262 1430 2296 idoneum
1454 2263 1491 2297 ad
1512 2263 1572 2297 hoc
1595 2264 1732 2297 osticium
1748 2264 1793 2297 in·
1819 2272 1886 2294 »³⁶⁰⁸
1924 2270 2001 2284 ΨΜ·

1044 2311 1200 2344 venerint:
1228 2310 1277 2344 sin
1297 2311 1383 2351 alias,
1402 2313 1624 2359 undecumque
1647 2321 1791 2360 possunt,
1819 2301 1910 2361 222]OE
1950 2343 1999 2357 „nm

1044 2359 1172 2405 dignum
1197 2368 1349 2395 rectorem
1373 2361 1431 2395 sibi
1447 2362 1574 2408 eligant,
1588 2371 1619 2396 et
1640 2371 1795 2410 perpetuo
1819 2356 1918 2397 imnum
1936 2372 1962 2394 aa
1979 2380 2001 2393 ,ε

1044 2416 1167 2443 maneat
1194 2409 1252 2443 iam
1277 2422 1370 2457 saepe
1397 2410 1495 2446 fatum
1524 2412 1712 2446 coenobium
1735 2411 1795 2447 sub
1829 2408 1990 2468 Ρὶηωθῗέᾞ

1043 2458 1151 2499 tutela,
1174 2471 1229 2494 seu
1252 2458 1319 2494 iure
1333 2469 1458 2495 sanctae
1475 2473 1620 2496 romanae
1635 2461 1796 2497 Ecclesiae
1819 2456 1854 2506 ⁵¹52„
1874 2454 2000 2511 {zap-,ms

1045 2507 1190 2553 liberum,
1213 2516 1242 2543 et
1268 2509 1408 2544 immune
1430 2510 1468 2544 ab
1491 2511 1576 2545 omni
1601 2510 1797 2547 subiectione
1841 2523 1976 2557 „motuque

1045 2569 1081 2591 ac
1103 2558 1175 2604 ingo
1202 2557 1403 2594 Cassinensis
1424 2561 1622 2602 monasterii;
1645 2561 1723 2595 itaut
1739 2572 1798 2596 nec
1819 2554 1922 2612 ζξςιξὲῗ
1948 2550 2003 2608 ⁴⁵:¹2¹:

1047 2619 1105 2641 vox
1127 2607 1391 2643 calumniatorum
1419 2622 1515 2656 super
1547 2610 1607 2645 hoc
1630 2611 1798 2657 recipiatur
1819 2628 1890 2649 sim.
1907 2625 2002 2646 mon-st.

1046 2655 1170 2703 aliqua,
1199 2657 1254 2691 sed
1291 2659 1419 2705 penitus
1445 2659 1598 2696 habeatur
1629 2660 1737 2697 frivola
1767 2668 1799 2696 et

1081 2713 1120 2750 (l)
1140 2713 1208 2750 Lege
1226 2716 1328 2748 falce...
1345 2718 1483 2745 deutetere.

1846 391 1971 415 Exordium.

1859 1272 2002 1296 Confirmatio

1817 1309 1926 1339 abbatiae,
1981 1313 2003 1332 et

1818 1353 1890 1368 rerum
1948 1353 1959 1367 o
1965 1353 2002 1367 m—

1817 1383 1876 1403 nium
1907 1381 1933 1403 ud
1955 1388 2002 1403 eam

1819 1417 1985 1447 pertinentium.

1820 1827 1873 1849 nem
1900 1829 1922 1848 et
1964 1825 2004 1847 ob-

1819 1862 1925 1885 lniionum
1959 1861 2005 1884 sive

1836 1899 1977 1920 donationum

1820 1935 1915 1956 oninium
1934 1932 2004 1954 ‘idem

1821 1979 1830 1993 a
1849 1969 1950 1992 fidi-tibus
1971 1969 2004 1990 111-

1821 2011 1914 2028 ctutum.

1803 2113 1805 2127 l
