2237 3127
507 309 575 343 66⁶2

458 386 552 413 mam,
589 370 633 405 vel
669 376 834 415 quousque
864 359 1020 411 parentela
1053 357 1199 404 cognosci

461 433 581 474 poterit.

249 323 300 350 An.
316 320 344 348 C.
361 319 428 349 1059

793 484 862 520 ΧΠ.

503 558 544 594 Ut
565 557 675 592 laicus,
703 565 831 588 uxorem
860 549 951 586 simul
985 556 1015 583 et
1042 544 1200 582 concubi-

463 624 532 648 nam
553 610 682 650 habens,
705 619 768 642 non
790 603 1002 640 communicet
1028 600 1199 637 Ecclesiae.

787 671 871 706 Xlll.

246 685 277 707 ne
294 681 356 704 laicis
374 686 430 702 cou-

247 718 431 777 „gussssflfflssssssm
506 744 548 779 Ut
574 742 680 777 nullus
698 741 796 776 laicus
814 738 852 774 ad
874 735 1046 784 quemlibet
1069 733 1200 780 gradum

249 789 316 812 tibus.

251 828 310 852 Laid
342 828 431 856 repom
455 797 706 834 ecclesiasticum
730 801 857 840 repente
876 797 1114 839 promoveatur,
1143 787 1199 846 uisi

252 865 278 890 ad
290 863 377 893 gradum
394 869 431 883 ec·
457 860 527 900 post
554 857 706 885 mutatum
734 847 875 881 babitum
910 844 1102 879 saecularem
1131 841 1202 899 diu.-

264 899 417 964 ῗξζῖζζᾙ
455 915 545 942 turna
566 903 802 940 conversatione
836 901 916 934 iuter
944 897 1075 933 clericos
1109 895 1200 929 fuerit

304 969 377 993 venai.
456 958 689 1006 comprobatus.

506 1013 569 1048 Vos
590 1024 663 1057 ergo
689 1010 767 1044 haec
792 1016 823 1043 et
849 1007 907 1043 alia
933 1013 1112 1040 sanctorum
1134 1002 1202 1037 Pa-

455 1076 539 1103 trum
561 1073 674 1101 statuta
698 1063 833 1097 fideliter
855 1071 885 1096 et
909 1059 1078 1095 christiana
1113 1068 1203 1092 reve-

456 1120 557 1157 rentia
578 1119 750 1158 observate,
772 1116 797 1150 si
825 1114 920 1149 vultis
941 1113 981 1148 de
1007 1119 1132 1147 sanctae
1152 1124 1203 1146 ro—

458 1186 550 1211 mane
576 1172 735 1208 Ecclesiae
756 1178 786 1205 et
807 1169 997 1217 apostolieae
1014 1167 1107 1201 'sedis
1126 1178 1202 1213 pace

457 1238 488 1265 et
514 1228 736 1264 communione
757 1233 850 1272 atque
876 1222 1096 1259 benedictione
1122 1233 1200 1267 gau·

457 1283 545 1319 dere.

671 1536 777 1563 contra
802 1527 993 1561 simoniacos.

727 1601 940 1634 SUMMARtml

461 1662 566 1694 Contra
598 1661 774 1692 simoniacos
812 1661 888 1690 iuxta
921 1666 1066 1688 canonum
1103 1660 1207 1686 statuta

501 1707 620 1736 omnino
647 1705 875 1745 procedendum.
896 1720 936 1725 -
957 1702 1053 1732 Gratis
1079 1712 1093 1731 a
1115 1702 1207 1730 simo-

500 1751 593 1781 niacis
612 1750 736 1780 ordinati
762 1750 792 1778 in
810 1758 864 1778 suo
893 1748 984 1786 gradu
1008 1750 1209 1786 permaneant.

500 1812 540 1818 —
555 1795 638 1831 Quod
660 1800 755 1825 tamen
774 1795 804 1824 in
821 1798 971 1833 posterum
992 1793 1021 1822 in
1044 1791 1208 1830 exemplum

504 1840 610 1870 adduci
628 1843 764 1878 nequeat.
792 1855 832 1860 —
858 1837 897 1867 De
924 1842 1039 1867 caetero
1065 1841 1093 1865 et
1115 1836 1210 1864 simo—

502 1885 605 1915 niacus
624 1884 774 1920 ordinans,
792 1888 819 1913 et
835 1883 961 1912 scienter
979 1881 1014 1911 ab
1033 1890 1067 1911 eo
1092 1880 1213 1910 ordina—

503 1934 566 1966 ωε,
591 1928 758 1968 privationis
787 1936 909 1967 poenam
938 1928 1097 1956 incurrant.
1115 1942 1154 1947 —
1172 1924 1212 1954 De

506 1982 577 2012 papa
592 1972 761 2008 simoniace,
775 1972 818 2001 vel
834 1971 954 2001 militari
969 1971 1095 2000 tumultu
1107 1970 1213 1999 electo.

515 2035 672 2070 Dominus
693 2046 771 2082 papa
798 2034 945 2068 Nicotaus
971 2034 1089 2081 synodo
1112 2034 1142 2067 in
1158 2033 1214 2067 ba-

466 2090 555 2125 silica
589 2088 847 2123 Constantiniana
879 2089 1084 2135 praesidem,
1118 2087 1212 2122 dixit:

467 2144 549 2190 Erga
575 2143 762 2178 simoniacos
785 2142 900 2176 nullam
925 2142 1167 2176 misericordiam
1183 2143 1213 2176 in

469 2197 621 2244 dignitate
643 2197 794 2232 servanda
816 2196 990 2230 habendam
1014 2208 1082 2231 esse
1105 2196 1217 2231 decer-

471 2252 599 2292 nimus3
626 2250 681 2286 sed
704 2251 787 2286 iuxta
809 2263 964 2286 canonum
988 2252 1166 2286 sanctiones
1187 2258 1218 2285 et

471 2305 594 2340 decreta
621 2313 799 2340 sanctorum
828 2305 954 2340 Patrum
973 2334 980 2343 ,
1007 2318 1061 2340 eos
1087 2305 1218 2340 omnino

473 2358 676 2399 damnamus,
702 2370 737 2393 ac
772 2359 976 2406 deponendos
1002 2371 1070 2394 esse
1092 2367 1220 2406 aposto-

473 2411 532 2447 lica
553 2413 734 2447 auctoritate
760 2414 930 2448 sancimus.
959 2414 1005 2448 De
1027 2415 1065 2448 iis
1091 2422 1193 2448 autem
1209 2440 1220 2458 ,

475 2466 528 2512 qui
556 2478 618 2500 non
647 2478 700 2512 per
718 2468 896 2513 pecuniam,
919 2467 972 2502 sed
996 2469 1090 2513 gratis
1111 2476 1184 2502 sunt
1204 2479 1220 2501 a

478 2519 659 2554 simoniacis
674 2520 821 2561 ordinati,
844 2522 916 2568 quia
937 2523 1080 2568 quaestio
1097 2534 1113 2556 a
1129 2523 1222 2568 longo

480 2582 621 2620 tempore
647 2582 693 2608 est
711 2574 828 2608 diutius
849 2576 1006 2616 ventilata,
1028 2588 1152 2610 omnem
1171 2588 1224 2610 no-

480 2626 555 2661 dum
583 2627 751 2662 dubietatis
769 2628 976 2673 absolvimus,
1004 2630 1041 2663 ita
1071 2638 1103 2663 nt
1128 2642 1223 2677 super

480 2679 542 2715 hoc
558 2681 693 2729 capitulo
714 2683 873 2718 neminem
894 2683 1045 2732 deinceps
1065 2684 1225 2732 ambigere

263 2169 342 2192 Contra
375 2169 444 2191 simo-

263 2205 338 2226 niacos
386 2205 445 2227 iuxta

265 2247 371 2262 canonum
397 2243 444 2262 sta-

267 2279 312 2298 tuta
355 2274 444 2298 omnino

266 2311 433 2341 procedendum,

1225 1525 1234 1981 Μ*-
1224 1439 1227 1511 -...

1040 302 1227 328 nULLARtml
1255 299 1417 323 RO-'ssANUM

1244 354 1471 401 permittamus.
1511 353 1590 393 Quia
1626 350 1719 396 igitur
1752 359 1852 395 usque
1885 347 1990 382 adbuc

1243 410 1319 444 baec
1347 414 1494 442 venenata
1519 406 1676 453 pernicies
1709 404 1859 438 hactenus
1891 402 1991 437 inole-

1243 465 1302 504 vit,
1326 471 1359 497 ut
1382 462 1431 495 vix
1453 460 1611 508 quaelibet
1633 459 1774 494 Ecclesia
1809 458 1907 492 valcat
1940 469 1991 491 re-

1245 517 1355 564 periri,
1389 527 1469 563 quae
1497 515 1555 549 boc
1578 513 1688 548 morbo
1716 525 1778 547 uon
1815 513 1854 546 sit
1886 512 1990 558 aliqua
2015 537 2021 543 .

1242 582 1280 604 ex
1304 578 1388 616 parte
1409 576 1573 616 corrupta3
1600 580 1670 607 eos,
1693 567 1746 615 qui
1771 579 1872 614 usque
1895 566 1990 601 modo

1242 623 1338 669 gratis
1359 630 1433 657 sunt
1458 634 1473 656 a
1496 621 1679 657 simoniacis
1705 621 1896 665 consecrati,
1928 633 1990 655 non

1244 686 1305 711 tam
1327 688 1459 711 censura
1487 676 1641 715 iustitiae,
1668 688 1762 723 quam
1786 676 1899 710 iutuitu
1928 675 1992 710 mi-

1242 731 1430 765 sericordiae
1457 730 1487 764 in
1510 730 1650 777 acceptis
1676 729 1842 764 ordinibus
1865 741 1992 764 manere

1244 784 1474 831 permittimus·,
1496 784 1555 818 nisi
1587 783 1665 818 sorte
1687 783 1745 818 alia
1762 784 1852 831 culpa
1875 796 1911 818 ex
1933 783 1992 818 vita

1243 852 1352 873 eorum
1375 847 1483 874 contra
1505 851 1642 873 canones
1668 838 1712 873 eis
1738 839 1859 872 existat.

1291 893 1390 927 'l'anta
1419 894 1537 940 quippe
1575 892 1683 927 talium
1721 892 1889 927 multitudo
1924 900 1993 934 est,

1244 956 1277 982 ut
1300 947 1374 981 dum
1404 948 1537 994 rigorem
1573 948 1715 982 canonici
1752 947 1866 993 vigoris
1899 958 1994 993 super

1243 1014 1298 1036 cos
1319 1013 1441 1036 servare
1470 1013 1530 1036 non
1560 1002 1735 1048 possimus,
1770 1013 1899 1035 necesse
1930 1001 1993 1045 sit,

1246 1064 1278 1090 ut
1304 1055 1534 1102 dispensatorie
1560 1055 1598 1089 ad
1621 1055 1690 1102 piae.
1715 1055 1995 1090 condescensionis

1244 1110 1383 1144 studium
1408 1117 1531 1144 nostros
1553 1109 1675 1143 animos
1701 1109 1739 1144 ad
1764 1122 1912 1156 praesens
1943 1109 1995 1144 in-

1245 1165 1410 1199 clinemus.
1438 1164 1482 1199 lta
1516 1172 1621 1199 tamen
1649 1165 1833 1199 auctoritate
1869 1172 1995 1199 sancto-

1245 1231 1313 1254 rum
1336 1220 1549 1267 apostolorum
1571 1218 1656 1253 Petri
1675 1227 1706 1253 et
1727 1218 1815 1254 Pauli
1839 1218 1996 1254 omnimo-

1244 1274 1293 1308 dis
1332 1274 1567 1313 interdicimus,
1608 1285 1647 1308 ne
1680 1273 1849 1320 aliquando
1883 1272 1997 1320 aliquis

1245 1340 1464 1363 surcessorum
1510 1336 1688 1362 nostrorum
1725 1340 1762 1362 ex
1798 1328 1855 1363 bac
1891 1337 1997 1363 nostra

1248 1383 1454 1429 permissione
1477 1382 1615 1428 regulam
1638 1382 1697 1417 sibi
1724 1382 1772 1417 vel
1794 1382 1884 1417 alicui
1906 1394 1999 1417 assu-⁶

1248 1446 1322 1478 mat,
1345 1437 1391 1471 vel
1414 1437 1580 1484 praefigat,
1603 1436 1676 1483 quia
1711 1435 1771 1471 hoc
1793 1448 1855 1470 non
1879 1443 2001 1471 aucto--

1249 1492 1322 1526 ritas
1356 1491 1557 1538 antiquorum
1600 1490 1729 1525 Patrum
1770 1489 1910 1525 iubendo
1945 1497 2000 1525 aut

1249 1546 1453 1581 concedendo
1489 1545 1718 1592 promulgavit,
1754 1544 1810 1580 sed
1847 1545 1998 1592 temporis

1250 1599 1343 1633 nimia
1379 1600 1547 1633 necessitas
1574 1599 1819 1646 permittendum
1853 1611 1869 1633 a
1904 1599 1997 1634 nobis

1250 1654 1389 1688 extorsit.
1425 1654 1472 1688 De
1494 1662 1615 1688 caetero
1643 1662 1749 1688 autem
1771 1654 1795 1688 si
1828 1654 1900 1700 quis
1922 1653 1995 1688 hinc

1251 1708 1281 1742 in
1311 1717 1470 1755 posterum
1505 1707 1542 1741 ab
1579 1719 1632 1749 eo,
1667 1719 1762 1754 quem
1789 1707 1998 1742 simoniacum

1251 1775 1320 1798 esse
1343 1774 1404 1797 non
1432 1760 1565 1803 dubitat,
1586 1774 1619 1796 se
1641 1762 1818 1796 consecrari
1842 1762 1998 1809 permise-

1252 1817 1307 1857 rit·‚
1335 1825 1363 1851 et
1395 1825 1613 1861 consecrator,
1646 1824 1677 1851 et
1710 1824 1912 1850 consecratus
1939 1827 2002 1850 non

1252 1871 1408 1918 disparem
1429 1871 1642 1905 damnationis
1668 1870 1856 1904 sententiam
1879 1869 2001 1910 subeat;

1253 1925 1308 1960 sed
1332 1934 1462 1972 uterque
1486 1925 1650 1972 depositus
1673 1923 1896 1972 poemtentiam
1921 1931 2005 1970 agat,

1254 1988 1283 2014 et
1310 1979 1448 2026 privatus
1469 1992 1485 2014 a
1514 1979 1639 2027 propria
1666 1978 1817 2025 dignitate
1849 1978 2004 2024 persistat.

1303 2033 1519 2068 Nihilominus
1545 2033 1730 2068 auctoritate
1751 2032 1922 2080 apostolica
1949 2031 2007 2067 de-

1255 2089 1432 2128 cernimus,
1463 2088 1547 2136 quod
1571 2088 1602 2122 in
1623 2087 1694 2123 aliis
1715 2086 1924 2122 conventibus
1945 2098 2006 2122 uo-

1256 2143 1328 2177 stris
1355 2142 1566 2177 decrevimus:
1597 2150 1629 2176 ut
1647 2142 1673 2177 si
1696 2142 1766 2190 quis
1789 2141 1932 2188 pecunia,
1960 2141 2007 2175 vel

1256 2197 1356 2243 gratia
1380 2197 1526 2241 bumana,
1555 2197 1600 2231 vel
1626 2196 1770 2244 populari
1803 2208 1859 2231 seu
1883 2195 2008 2230 militari

1258 2251 1408 2292 tumultu,
1430 2251 1498 2285 sine
1520 2251 1669 2285 concordi
1691 2259 1721 2285 et
1743 2250 1895 2285 canonica
1917 2249 2009 2285 elec-

1259 2305 1344 2339 tione
1366 2317 1401 2339 ac
1424 2305 1643 2340 benedictione
1662 2305 1867 2340 cardinalium
1889 2304 2011 2351 episco-

1262 2370 1386 2406 porum,
1419 2370 1455 2393 ac
1486 2358 1601 2393 deinde
1633 2359 1835 2406 sequentium
1861 2358 2009 2392 ordinum

1261 2411 1479 2458 religiosorum
1506 2413 1706 2457 clericorum,
1741 2413 1835 2448 suerit
1861 2412 2011 2459 apostoli-

1261 2477 1316 2500 cae
1337 2465 1404 2499 sedi
1427 2467 1665 2510 inthronizatus,
1688 2479 1750 2502 non
1774 2478 1852 2514 papa
1874 2466 1922 2500 vel
1939 2478 2012 2514 apo-

1263 2519 1404 2560 stolicus,
1427 2520 1480 2554 sed
1497 2521 1688 2567 apostaticus
1710 2520 1877 2561 habeatur;
1900 2519 2013 2555 liceat-

1265 2585 1325 2620 que
1347 2573 1557 2608 cardinalibus
1572 2575 1742 2622 episcopis‚
1765 2587 1837 2609 cum
1856 2574 2013 2621 religiosis

1265 2635 1295 2661 et
1316 2627 1418 2661 Deum
1446 2627 1629 2662 timentibus
1655 2629 1789 2670 clericis,
1823 2628 2013 2671 invasorem,

1266 2684 1359 2720 etiarn
1385 2697 1456 2720 cun:
1483 2686 1692 2729 anathemate,
1719 2694 1750 2723 et
1782 2686 1922 2722 humano
1953 2698 2015 2722 au-

2019 292 2073 322 An.
2087 291 2118 322 C.
2133 291 2203 323 10⁸9

2022 543 2096 567 Gratis
2105 551 2118 567 ι
2135 543 2207 567 nimo-

2021 579 2093 603 niaciu
2108 579 2206 603 ordinati

2022 616 2044 638 in
2069 623 2110 638 suo
2137 615 2207 646 gradu

2021 655 2174 684 permaneant.

2039 931 2104 961 Quod
2119 933 2194 954 temen

2039 969 2062 991 in
2079 971 2194 1000 posterum

2039 1005 2062 1027 in
2074 1004 2195 1035 exemplum

2025 1042 2209 1073 adfflueinequon.

2032 1667 2066 1690 De
2084 1669 2173 1690 caetero
2194 1669 2218 1691 ot

2033 1703 2170 1727 simoniacus
2182 1711 2218 1727 οι·-

2059 1738 2148 1770 dinmn,
2165 1741 2188 1762 et

2033 1775 2134 1798 scienter
2149 1774 2177 1798 ab
2189 1782 2216 1798 eo

2033 1810 2156 1840 ordinatus,
2169 1810 2220 1841 pri-

2032 1847 2130 1870 vationis
2146 1854 2219 1878 poena

2033 1883 2156 1906 incurrant.

2034 2049 2067 2071 ne
2083 2049 2143 2079 Papa
2154 2048 2222 2071 nimo-

2034 2084 2098 2107 uince
2115 2082 2150 2107 vel
2161 2084 2222 2108 mili-

2035 2122 2078 2144 tari
2126 2120 2220 2144 tumulto

2036 2157 2120 2181 electo.
