2237 3127
199 249 252 277 An.
280 248 308 277 C.
332 249 382 277 45⁹2

203 1559 273 1583 Quare
294 1561 385 1585 uterquc

203 1592 316 1614 damnatus
342 1595 383 1613 est⁴

207 2207 315 2228 liz-stitutio

351 2213 389 2227 (⁸ss-

206 2250 251 2264 rum
264 2242 376 2263 haeresum
383 2258 387 2263 .

239 2394 269 2415 De
295 2393 391 2414 concilio

207 2432 337 2450 auctoritate
367 2436 391 2449 n-

209 2464 318 2493 pnstulira
347 2472 372 2483 co

208 2503 257 2521 actu
289 2502 310 2520 ct

209 2535 306 2556 firmato.

338 2508 347 2521 t*
352 2508 362 2520 [1

366 2507 391 2520 n-

468 241 512 275 To

416 309 527 344 denter
549 306 712 354 apparuit,
739 305 818 340 hanc
845 316 912 339 csse
941 316 1010 339 vere
1032 314 1160 351 aposto-

417 358 505 392 licam
541 357 631 390 fidem
649 383 656 396 ,
691 368 729 388 ex
764 354 885 388 divinae
919 353 1042 400 pietatis
1076 353 1160 388 fonte

416 414 594 441 manantem
609 431 616 445 ,
644 416 738 451 quam
762 403 933 443 sinceram,
958 412 988 437 et
1012 402 1051 437 ab
1073 403 1159 437 omui

416 456 499 490 faece
519 454 613 488 totius
635 453 749 487 erroris
771 453 904 487 alienam
927 452 1022 495 (sicut
1042 452 1162 498 accepi-

415 507 494 547 mus)
511 503 738 550 praedicamus,
757 509 787 536 et
804 501 949 536 universo
965 502 1025 535 iam
1042 501 1160 536 mundo

415 553 630 588 consentiente
665 551 880 586 defendimus:
913 551 1060 585 extinctis
1095 558 1160 585 toto

415 602 489 636 orbe
523 600 738 647 dogmatibus,
773 612 853 647 qnae
887 600 934 634 vel
967 601 1161 647 praecedens

415 651 592 686 haereticus
616 663 710 685 ausus
737 657 783 684 est
811 648 943 690 inferre,
972 650 1017 683 vel
1048 649 1161 684 subse-

414 713 514 747 quens
545 699 688 734 dissimili
725 698 854 746 quidem
881 706 1078 740 commento,
1106 699 1160 734 sed

416 751 574 796 impietate
597 749 750 796 compari.

464 802 494 832 5.
519 799 595 833 Nam
624 799 703 833 sicut
730 797 893 832 Nestorius
917 809 979 832 non
1007 806 1054 832 est
1080 797 1161 832 tole-

416 856 517 892 ratus,
540 848 715 891 affirmans,
736 847 856 882 beatam
871 847 1001 882 Mariam
1024 847 1162 882 hominis

414 897 633 932 tantummodo
656 897 752 931 fnisse
775 896 977 943 genitricem,
1004 898 1057 943 qni
1081 905 1163 944 post-

417 948 543 982 modum
577 947 615 981 sit
642 959 657 980 a
679 946 784 981 Verbo
817 946 941 981 deitatis
975 954 1161 992 susceptus,

414 997 535 1031 duabus
557 996 677 1031 scilicet
699 995 817 1030 naturis
839 1004 868 1031 et
886 996 1028 1040 personis
1049 996 1162 1030 distin-

416 1048 490 1087 ctis,
513 1057 544 1081 ut
568 1058 670 1093 neque
685 1045 750 1092 ipse
773 1052 855 1079 esset
876 1045 958 1080 filius
972 1044 1042 1084 Dei,
1061 1058 1161 1091 neque

416 1109 497 1130 uuus
514 1095 660 1129 Christus
677 1095 705 1128 in
723 1103 853 1141 utraque
871 1101 992 1135 natura,
1015 1095 1068 1129 sed
1085 1094 1162 1129 alter

415 1146 628 1193 sempiternus
643 1157 679 1179 cx
702 1144 805 1188 Patre,
827 1144 903 1178 alter
919 1144 1102 1191 temporalis
1124 1156 1162 1178 ex

416 1203 512 1229 matre
535 1197 591 1238 (a):
626 1206 696 1228 cnm
721 1193 899 1239 evangelica
925 1194 1091 1228 auctoritas
1120 1194 1158 1227 ita

415 1245 553 1279 Verbum
577 1243 733 1290 praedicet
754 1255 879 1277 carnem
900 1242 1028 1287 factum,
1050 1251 1161 1277 utnon

416 1294 495 1328 dnos
529 1293 688 1331 Christos,
723 1304 780 1327 nec
813 1292 891 1327 duos
924 1292 1014 1331 filios,
1041 1293 1094 1326 sed
1131 1292 1161 1326 in

416 1356 480 1378 nno
501 1343 638 1377 Domino
659 1342 728 1376 lesu
751 1341 896 1382 Christo,
919 1350 948 1376 et
970 1341 1026 1376 Dei
1050 1350 1080 1376 et
1102 1342 1163 1376 ho-

417 1393 508 1428 minis
530 1392 620 1426 nobis
646 1391 782 1426 insinuet
812 1391 992 1431 veritatem,
1022 1399 1053 1425 ut
1085 1392 1163 1425 utri-

418 1455 516 1489 usque
538 1441 746 1481 substantiae,
775 1441 873 1481 idest,
896 1441 1043 1475 salvantis
1070 1448 1163 1487 atque

417 1492 562 1535 salvatae,
585 1503 644 1526 nec
670 1490 843 1538 proprietas
870 1491 968 1537 possit
989 1489 1138 1524 conlundi
1153 1517 1162 1534 ‚

417 1554 474 1576 nee
502 1552 633 1588 persona
656 1539 819 1586 geminari.
842 1539 931 1574 Sicut
953 1551 1026 1585 ergo
1049 1539 1163 1573 Nestu-

420 1592 484 1625 rins
511 1591 541 1624 in
570 1602 626 1624 suo
653 1590 796 1635 dogmate
829 1589 1032 1628 execrabilis,
1055 1589 1100 1623 sic
1133 1596 1163 1623 et

417 1640 573 1688 Eutyches
588 1668 596 1681 ,
619 1639 799 1673 damnatum
834 1638 906 1673 olim
930 1645 1065 1673 sectatus
1082 1651 1165 1673 erro-

418 1703 494 1730 rem,
522 1689 579 1724 alia
604 1688 787 1734 profanitate
815 1687 1050 1735 blasphemans,
1073 1700 1088 1722 a
1111 1700 1162 1722 ca—

418 1739 551 1774 tholicae
569 1737 735 1773 soliditatis
753 1749 905 1784 compage
928 1745 1086 1772 resecatus
1104 1746 1161 1777 est,

417 1790 489 1836 quia
507 1788 638 1823 indoctis
654 1787 853 1834 quibusdam,
877 1787 1072 1833 nimiumque
1091 1787 1164 1821 sim-

420 1838 552 1885 plicibus
580 1836 766 1884 persnadere
792 1837 938 1881 tentavit,
965 1836 1048 1883 quod
1077 1836 1162 1870 Ver—

363 1903 387 1915 1-
419 1889 492 1923 buin
519 1887 576 1922 Dei
608 1887 648 1921 ita
676 1887 715 1921 sit
737 1898 807 1920 caro
839 1885 971 1929 sactum,
1003 1894 1036 1920 ut
1058 1898 1160 1920 veram

418 1950 541 1973 carnem
566 1936 604 1971 de
619 1945 726 1971 ventre
739 1935 878 1982 Virginis
900 1948 962 1970 non
981 1936 1161 1982 sumpserit,

419 2000 477 2021 nec
500 1986 595 2021 nostri
619 1986 706 2021 illum
726 1985 850 2031 generis
872 1996 986 2031 corpus
1004 1984 1161 2025 habuisse3

419 2037 471 2071 sed
500 2036 668 2070 divinitatis
695 2035 764 2070 eius
798 2043 828 2070 et
854 2035 955 2069 carnis
989 2046 1047 2068 una
1081 2043 1162 2069 esset

420 2095 545 2130 natura,
573 2093 605 2119 nt
631 2098 728 2119 unum
752 2085 926 2119 Dominum
949 2093 1091 2118 nostrum
1113 2084 1163 2119 Ie-

420 2148 502 2176 sum,
529 2142 559 2170 et
579 2134 690 2169 falsum
720 2135 898 2174 homiuem,
925 2142 955 2168 et
980 2133 1082 2168 Deum
1115 2134 1164 2168 di-

421 2193 504 2219 ceret
534 2197 602 2219 csse
636 2184 824 2230 passibilem.
852 2183 943 2225 Quod
979 2196 1035 2218 nec
1068 2183 1164 2229 pietas

421 2234 510 2275 fidei,
530 2246 588 2268 nec
610 2233 686 2268 ratio
708 2233 817 2279 recipit
836 2232 1039 2267 sacramenti:
1064 2240 1163 2267 utaut

424 2284 453 2318 iu
482 2295 536 2318 sua
558 2291 665 2317 natura
690 2283 845 2329 passibilis
868 2281 958 2316 suerit
980 2282 1087 2323 deitas,
1113 2290 1164 2316 aut

422 2334 452 2368 in
471 2333 670 2379 susceptione
687 2333 821 2366 humana
836 2331 966 2366 mentita
983 2332 1022 2365 sit
1040 2332 1162 2366 veritas.

471 2385 504 2416 4.
527 2382 616 2424 Quae
637 2381 864 2416 diabolicorum
892 2393 1041 2415 sensuum
1065 2381 1166 2427 prodi-

423 2432 509 2479 giosa
535 2438 727 2476 commenta,
762 2438 867 2466 sancta
902 2442 986 2464 nnnc
1018 2430 1166 2477 Synodus

424 2481 608 2516 humilitatis
623 2490 747 2515 nostrae
761 2480 897 2527 scriptis,
911 2480 1091 2514 anctoritate
1105 2480 1167 2514 Do-

425 2530 498 2564 mini
521 2531 581 2565 mei
606 2530 773 2564 beatissimi
798 2530 879 2564 Petri
903 2529 1034 2575 apostoli
1058 2538 1087 2563 et
1106 2541 1168 2563 mc-

424 2581 483 2613 rito
500 2580 662 2621 roboratis,
690 2580 834 2626 religiosa
862 2579 1066 2614 unanimitate
1088 2590 1167 2613 con-

459 2636 497 2672 (a)
514 2637 585 2664 Ioan.
604 2637 628 2663 1.

1000 250 1100 273 BULLA
1106 251 1188 273 nimi
1211 251 1323 273 ROMAN
1329 252 1373 274 mi

1974 250 2027 279 An.
2054 249 2084 278 C.
2105 249 2157 278 452

1201 305 1341 340 sentiens
1371 305 1604 347 abominando,
1638 306 1678 341 ab
1710 307 1852 343 Ecclesia
1886 308 1943 343 Dei

1201 354 1388 400 amputavit:
1405 355 1591 389 Dioscoruxn
1615 368 1740 402 quoque
1758 357 1947 392 Alexandri-

1203 416 1276 438 num
1301 404 1330 438 in
1353 416 1408 438 sua
1434 404 1591 450 impietate
1613 413 1804 447 manentem,
1833 419 1872 442 ne
1896 407 1944 441 illa

1202 452 1354 493 Ecclesia,
1377 466 1456 500 qnae
1480 457 1560 488 inter
1581 453 1646 500 ipsa
1675 454 1837 500 Evangelii
1864 457 1947 501 prin-

1201 502 1281 548 cipia
1317 502 1441 537 beatum
1478 503 1619 538 Marcum
1657 503 1828 538 beatissimi
1862 505 1945 540 Petri

1201 552 1331 597 apostoli
1366 552 1558 599 discipulum
1592 553 1624 587 in
1656 552 1805 588 omnibus
1837 554 1946 601 utique

1201 600 1369 645 doctrinis,
1397 601 1534 636 doctoris
1556 603 1604 636 sui
1633 602 1811 648 magisterio
1833 615 1948 638 conso-

1203 659 1328 684 nantem
1356 651 1463 685 habuit
1482 651 1691 696 fundatorem⁷
1713 664 1858 699 quaeque
1885 665 1948 700 po-

1202 708 1278 741 stea,
1305 700 1527 735 recentioribus
1548 713 1564 735 a
1586 708 1690 735 nostra
1713 710 1811 736 aetate
1832 709 1949 749 tempo-

1203 749 1289 784 ribus
1315 749 1540 790 Athanasium,
1563 750 1792 796 Theophilum,
1816 758 1847 786 et
1868 764 1948 798 pro—

1202 798 1284 832 xime
1323 798 1473 846 Cyrillum
1512 799 1748 846 probatissimos
1788 801 1947 847 praesules

1204 848 1327 892 habuit,
1352 848 1508 894 indiguam
1525 849 1734 895 captivitatem
1760 850 1818 884 sub
1837 850 1947 885 haere-

1204 897 1254 932 tiei
1283 897 1497 932 dominatione
1525 906 1691 944 pateretur.
1721 898 1812 934 Unde
1834 912 1948 934 secun-

1203 946 1277 981 dum
1294 960 1438 993 magnam
1457 947 1703 982 misericordiam
1712 948 1771 983 Dei
1788 949 1948 984 universos

1203 996 1317 1031 diaboli
1335 1005 1477 1041 conatus,
1498 997 1613 1044 quibus
1627 997 1802 1032 Ecclesiam
1818 998 1945 1033 Domini

1203 1046 1389 1081 conturbare
1412 1047 1539 1081 molitus
1562 1055 1618 1088 est,
1643 1048 1789 1082 noveritis
1811 1060 1880 1083 csse
1897 1047 1944 1084 de·

1204 1103 1351 1130 structos.

1254 1156 1286 1187 5.
1309 1153 1446 1188 Reddite
1473 1154 1568 1200 igitur
1589 1155 1656 1189 Deo
1678 1155 1809 1201 gratias,
1840 1155 1948 1190 fratres

1203 1203 1373 1245 carissimi,
1395 1211 1425 1238 et
1440 1203 1566 1249 dignam
1589 1204 1757 1249 gratiarum
1780 1205 1947 1245 actionem,

1203 1262 1233 1287 et
1259 1262 1325 1287 oret
1351 1253 1514 1287 nobiscum
1543 1261 1641 1287 vestra
1669 1253 1813 1297 dileetio,
1838 1263 1870 1289 ut
1893 1254 1936 1289 fra

1205 1311 1266 1336 tres
1294 1311 1432 1345 nostros,
1459 1315 1538 1349 quos
1561 1303 1736 1349 expectatio
1766 1312 1870 1338 nostra
1892 1304 1948 1338 de-

1204 1351 1335 1393 siderat,
1359 1352 1533 1386 incolumes
1551 1366 1642 1398 quam
1669 1352 1802 1398 primum
1819 1353 1948 1388 rediisse

1204 1402 1366 1440 laetemur,
1394 1401 1484 1436 etde
1512 1402 1676 1445 omnibns⁷
1703 1414 1783 1448 quae
1811 1402 1948 1437 Domino

1204 1450 1369 1485 adiuvante
1391 1459 1463 1485 sunt
1484 1459 1585 1497 gesta,
1614 1451 1735 1495 plenius
1759 1464 1811 1486 vos
1840 1453 1948 1498 possi-

1205 1513 1275 1534 mus
1306 1500 1470 1535 instruere.
1501 1500 1580 1534 Nam
1608 1500 1732 1535 Fratrem
1760 1501 1946 1547 Iugenulum

1205 1549 1350 1584 nolumus
1378 1550 1434 1584 hac
1469 1550 1683 1596 acceptatione
1716 1550 1849 1595 tardari,
1876 1564 1947 1586 eum

1204 1599 1243 1633 ob
1266 1599 1325 1633 hoc
1346 1599 1449 1646 ipsum
1473 1600 1691 1645 properantius
1716 1612 1877 1635 remanere
1898 1601 1949 1635 ‹le-

1205 1649 1324 1689 buerit,
1353 1661 1390 1683 ne
1420 1648 1539 1683 diutius
1568 1648 1656 1683 vobis
1682 1657 1764 1684 esset
1785 1650 1945 1695 incognita

1204 1699 1344 1732 omnium
1368 1698 1495 1732 materia
1528 1698 1732 1743 gaudiorum,
1754 1711 1834 1745 quae
1858 1699 1949 1733 volu-

1205 1761 1274 1782 mus
1298 1760 1351 1793 per
1377 1760 1482 1782 curam
1510 1747 1687 1782 dilectionis
1713 1757 1832 1783 vestrae
1853 1749 1945 1783 etiam

1203 1798 1238 1831 ad
1255 1797 1363 1831 fratres
1381 1804 1503 1831 nostros
1516 1797 1684 1843 Hispaniae
1698 1798 1863 1843 episcopos
1882 1811 1948 1844 per-

1204 1848 1327 1890 venire,
1352 1856 1383 1881 ut
1405 1847 1488 1893 quod
1511 1846 1598 1880 Deus
1619 1854 1765 1892 operatus
1787 1848 1852 1886 est,
1871 1847 1946 1881 nulli

1205 1897 1302 1942 possit
1324 1908 1391 1930 esse
1415 1897 1618 1942 incognitum.
1646 1896 1719 1930 Data
1743 1895 1885 1931 kalendis
1907 1896 1949 1931 fe-

1204 1946 1336 1983 bruarii,
1360 1945 1539 1980 llerculano
1567 1945 1604 1979 V.
1628 1946 1663 1979 C.
1700 1957 1764 1979 cos.

1242 2003 1302 2032 Dat.
1324 2003 1369 2031 (lie
1387 2003 1399 2031 ·l
1419 2002 1560 2032 februarii
1579 2012 1654 2032 anno
1666 2002 1747 2032 Dom.
1761 2003 1829 2040 45⁹2,
1846 2003 1947 2043 pontis.

1204 2043 1291 2073 Leon.
1313 2052 1389 2072 anno
1406 2051 1456 2072 xii.

1992 420 2021 441 De
2040 419 2156 441 Dioscoro-

2009 1177 2144 1201 italum-1212.»

1978 1216 2003 1238 ml
2045 1215 2162 1244 episropns

1978 1253 2055 1284 quibus
2077 1250 2162 1274 urbm·

1527 2166 1624 2201 XVII.

1209 2235 1406 2280 Confirmatio
1427 2242 1547 2268 sanctae
1564 2235 1812 2268 Chalcedonensis
1833 2234 1951 2279 Synodi

1254 2286 1286 2317 in
1313 2286 1360 2322 iis,
1383 2297 1459 2328 (μιαο
1485 2286 1526 2317 ml
1551 2285 1624 2329 fidei
1643 2296 1767 2318 causant
1791 2285 1951 2328 pertinerem

1253 2341 1278 2366 et
1313 2334 1472 2367 ιΙιιυιιιαιίο
1498 2335 1677 2379 (ἰυφηᾳιιινη
1715 2334 1890 2377 Eutychidis
1926 2339 1952 2366 et

1254 2383 1408 2423 Di'oscori,
1430 2395 1592 2427 corruitque
1612 2390 1804 2417 sectatorum.

1474 2451 1594 2482 SUMMA
1600 2452 1687 2482 RIUM

1210 2509 1412 2548 Suspicionem
1431 2518 1489 2538 non
1505 2513 1638 2547 receptae
1657 2519 1671 2539 a
1688 2518 1720 2539 se
1738 2508 1954 2549 Synodiremo-

1247 2553 1293 2578 vet
1315 2548 1343 2579 S.
1365 2548 1420 2577 Leo
1442 2558 1476 2578 ex
1498 2550 1621 2587 pristino
1643 2548 1764 2578 unitatis
1785 2557 1897 2580 amore.
1913 2564 1954 2571 —

1248 2588 1286 2617 Ex·
1305 2588 1496 2626 ‹·pistolis.—
1511 2588 1687 2627 Appi-obatiu
1706 2588 1951 2617 Chalcedtmeusis

1251 2628 1368 2668 Quota.
1385 2645 1424 2650 —
1438 2628 1588 2658 Daintiatio
1613 2633 1787 2658 sectatorum
1811 2627 1954 2668 Eutjclie-
