2237 3127
148 308 199 335 Au.
228 308 255 335 (ἶ.
278 308 330 336 595

149 898 262 921 [widinen

152 1683 268 1712 l'rivilegia
287 1689 336 1703 om·

151 1720 185 1740 nia
210 1719 235 1740 al·
260 1719 334 1747 impe-

153 1755 262 1776 ratoribus

154 2057 178 2077 tit
208 2063 218 2076 a
243 2055 337 2076 Summis

174 2090 316 2112 Pontificibus

154 2134 260 2148 concessa
279 2134 337 2148 eon—
363 2118 563 2159 Innocentio,
585 2124 616 2151 et
642 2114 842 2150 sanctissimo
866 2113 985 2151 Leone.
1010 2111 1120 2157 etglo-

153 2163 275 2184 firmantur.

413 309 482 344 162

401 371 604 404 donationum.
630 383 672 390 —
693 360 882 396 Consecratio
907 360 1113 399 episcoporum

400 414 430 443 in
448 411 564 443 AEmilia
586 416 677 447 penes
706 404 838 442 archiep.
857 401 1116 442 Ravennatem—.-

402 448 588 482 Confirmatio
611 443 856 475 constitutionum
875 440 911 470 ab
930 440 1117 477 imperatori-

402 492 459 521 bus
476 498 527 528 pro
550 497 583 516 ea
600 484 732 515 Ecclesia
751 483 907 512 saetarum.
925 495 970 522 -ι
985 477 1116 507 Anatlie-

403 540 449 560 ma
466 531 567 557 contra
590 525 745 554 violatores
759 520 904 561 privilegii
920 519 1021 547 huius.

361 603 503 640 Gregorius
523 601 664 637 episcopus
700 604 795 626 servus
815 601 955 624 servorum
974 592 1030 625 Dei,
1048 591 1113 619 dile·

407 648 530 677 ctissimo
550 645 700 674 Mariniano
735 640 885 670 Ravennati
914 637 1136 673 archiepiscopo,

408 691 553 723 confratri.
574 690 682 724 filioque
710 686 863 718 carissimo,
883 685 911 712 et
934 690 983 718 per
1003 689 1063 710 eum
1086 680 1115 708 in

408 738 532 765 sanctam
554 734 737 762 Ravennatem
755 730 910 761 Ecclesiam,
932 727 1041 762 suisque
1069 722 1114 765 (1)

407 780 607 810 successoribus
630 778 659 805 in
677 777 846 813 perpetuum.

411 844 493 878 Cum
516 841 619 878 omnis
631 839 774 875 Ecclesia
788 845 967 872 sanctorum
997 832 1116 878 abipso

360 894 514 935 Domino,
536 899 566 926 et
589 890 679 925 beato
704 889 811 931 Petro,
834 894 864 921 et
882 897 898 919 a
919 891 1025 919 sancta
1054 882 1119 916 lto-

361 955 454 977 mana
483 940 637 979 Ecclesia,
658 949 751 985 qnam
772 936 841 971 Deo
862 941 989 969 auctore
1005 944 1117 978 regen-

362 992 435 1026 dam
459 989 670 1036 suscepimus,
698 986 821 1021 duxerit
848 982 1052 1031 principium,
1068 982 1117 1016 di-

361 1052 461 1085 gnum
489 1047 548 1079 est,
571 1045 604 1072 ut
623 1050 639 1072 a
654 1034 890 1071 successoribus
910 1031 1008 1075 Petri,
1031 1031 1080 1065 eui
1099 1043 1116 1066 a

362 1089 501 1124 Domino
544 1087 664 1121 dictum
706 1093 768 1119 est:
805 1082 966 1118 Confirma
1006 1080 1117 1115 fratres

360 1148 445 1178 tuos,
468 1137 601 1171 interius
625 1132 898 1175 conformationis,
927 1137 958 1164 et
980 1130 1116 1165 exterius

364 1186 595 1222 meliorationis
622 1183 694 1217 inde
728 1181 856 1227 recipiat
891 1191 1017 1226 semper
1038 1191 1117 1224 aug-

361 1243 505 1271 mentum
530 1232 703 1279 religionis,
726 1230 810 1265 unde
825 1227 1115 1263 sumsitexordium

363 1289 414 1330 (a).
442 1285 645 1330 Quapropter
667 1287 836 1326 cognoscat
853 1278 962 1313 devota
982 1276 1117 1311 fidelitas

363 1334 505 1369 omnium
540 1331 748 1379 populorum,
789 1336 850 1362 tam
889 1326 1116 1373 praesentium,

363 1395 457 1430 quam
486 1382 675 1423 futurorum,
709 1377 793 1425 qnod
830 1375 1026 1411 dilectissimi
1062 1375 1115 1408 lilii

363 1432 462 1467 nostri
485 1438 611 1466 sanctae
633 1426 826 1463 Ravennatis
860 1425 1020 1459 Ecclesiae
1047 1423 1118 1458 Ma-

362 1481 476 1516 riniani
499 1478 688 1514 venerabilis
723 1475 955 1521 archiepiscopi
990 1473 1117 1519 petitio-

365 1530 473 1571 nibus,
496 1540 554 1563 nec
594 1539 654 1561 non
679 1525 892 1572 piissimorum
915 1522 1115 1557 dominorum

364 1586 545 1614 nostrorum
573 1575 709 1611 Mauritii
733 1582 763 1609 et
791 1573 926 1607 [iliorum
954 1572 1023 1606 eius
1045 1571 1117 1605 ius-

364 1628 510 1663 sionibus
545 1632 721 1661 annuentes
752 1622 976 1657 confirmamus
1011 1620 1116 1654 onmia

368 1684 545 1722 praecepta,
568 1686 648 1721 quae
669 1686 686 1708 a
709 1672 860 1719 piissimis
875 1669 1118 1715 imperatoribus

362 1725 597 1767 Valentiniano,
620 1720 814 1761 Theodosio,
838 1719 974 1753 Arcadio
997 1725 1027 1752 et
1048 1718 1118 1752 Ho-

364 1775 466 1819 norio,
490 1785 549 1808 nec
572 1784 633 1807 non
651 1769 838 1812 Iustiniano,
857 1768 997 1811 Tiberio,
1017 1775 1047 1801 et
1064 1767 1118 1800 do-

363 1825 452 1859 mino
487 1831 595 1858 nostro
629 1819 775 1855 Mauritio
805 1818 950 1865 piissimo
982 1816 1117 1850 Caesare

363 1884 491 1920 semper
517 1871 676 1917 Augusto,
706 1868 809 1903 eidem
843 1875 969 1901 sanctae
990 1865 1118 1899 Raven-

364 1923 429 1957 nati
455 1920 618 1956 Ecclesiae
633 1925 706 1954 sunt
728 1918 818 1961 sacta,
844 1923 875 1950 et
901 1915 1018 1958 omnia,
1039 1926 1118 1961 quae

364 1983 422 2018 per
436 1970 546 2005 eadem
564 1976 729 2016 praecepta
747 1966 850 2001 cidem
869 1964 1032 1999 Ecclesiae
1046 1972 1118 1998 sunt

364 2020 525 2060 attributa,
548 2026 578 2053 et
600 2018 705 2053 omnia
727 2014 900 2063 privilegia,
918 2025 999 2060 quae
1020 2025 1036 2048 a
1052 2025 1118 2047 san-

364 2070 425 2104 ctis
458 2066 755 2116 praedecessoribus
791 2064 908 2098 nostris
935 2063 1118 2103 Innocente,

365 2167 543 2201 riesissimo
570 2165 709 2204 Gelasio,
744 2162 953 2202 Felicissimo,
975 2168 1006 2196 et
1029 2160 1120 2206 Aga—

364 2217 443 2263 lito,
479 2224 509 2250 et
535 2214 675 2261 Spiritus
709 2212 817 2247 Sancti
846 2211 966 2245 fervore
1001 2210 1120 2256 repleto

363 2264 549 2300 beatissimo
593 2262 723 2308 Pelagio
759 2261 799 2295 ob
838 2272 976 2295 amorem
1004 2259 1119 2293 summi

367 2312 596 2360 omnipotentis
621 2311 700 2355 Dei,
734 2309 898 2355 sanctique
932 2308 1121 2355 Apollinaris

368 2363 543 2409 pontilicis,
566 2369 597 2396 et
618 2358 996 2406 martyris,reverentiam
1019 2357 1120 2392 eidem

367 2412 545 2455 Ecclesiae,
571 2409 649 2454 tibi,
669 2410 796 2455 tuisque
823 2406 1060 2441 successoribus
1090 2407 1122 2440 in

365 2468 555 2508 perpetuum
578 2466 651 2494 sunt
673 2457 754 2498 data,
772 2465 802 2491 et
829 2456 976 2497 honores,
999 2464 1029 2490 et
1048 2467 1123 2502 pos-

365 2510 527 2545 sessiones
553 2520 676 2547 omnes‚
700 2518 780 2553 qnae
803 2517 859 2553 per
885 2505 995 2540 eadem
1024 2516 1123 2551 prae-

367 2568 472 2606 cepta,
495 2566 525 2592 et
548 2557 709 2604 privilegia
734 2555 869 2590 vidimus
890 2554 1039 2589 collocata
1067 2556 1122 2597 (2),

368 2616 399 2643 et
426 2607 631 2650 confirmata,
659 2606 753 2652 idque
786 2604 922 2639 maxime
945 2611 1014 2637 tuac
1042 2602 1123 2638 dile-

408 2678 447 2713 (t)
467 2677 538 2704 Suis.
577 2676 616 2713 (9)
636 2675 747 2704 Collata.
787 2674 826 2712 (a)
842 2674 905 2703 Luc.
924 2680 994 2702 xxii.
1011 2673 1055 2700 52.

952 302 1143 330 BULLAmtm
1168 300 1335 327 Romanum

1929 291 1983 320 An.
2007 291 2036 320 C.
2061 291 2113 319 595

1155 356 1272 392 ctionis
1293 367 1386 391 causa
1420 352 1656 394 confirmantes,
1691 359 1721 387 et
1755 345 1915 387 corroho-=

1155 414 1271 448 rantes,
1293 404 1379 452 quod
1412 404 1444 438 in
1471 402 1634 450 privilegio
1655 401 1715 437 SS.
1744 400 1861 436 Leonis
1881 400 1906 445 I,

1155 455 1249 490 huius
1275 453 1466 501 apostolicae
1487 451 1573 486 sedis
1595 449 1765 498 pontificis,
1794 458 1823 485 te
1836 462 1907 496 ape-

1155 504 1267 545 riente,
1289 510 1320 537 et
1345 509 1539 537 monstrante
1563 500 1748 546 reperimus.
1776 498 1907 534 Confir-

1155 553 1324 588 mationem
1347 550 1606 585 constitutionum
1624 548 1838 596 piissimorum
1854 536 1919 582 ini-l

1156 609 1334 647 pecatorum
1371 599 1430 634 snb
1465 606 1682 633 sacrosanctae
1715 596 1907 632 Ravennatis
1956 595 2113 635 Ecvlfflfw‘iu‘

1155 650 1316 685 Ecclesiae
1347 648 1467 684 ditione
1493 647 1720 688 continentem,
1749 646 1789 680 ita
1824 657 1907 680 con-
1931 631 2117 696 ῗξῑᾝωὲώῗζ

1156 700 1317 734 firmamus
1359 697 1575 744 episcopatum
1619 696 1715 730 totins
1757 694 1907 729 AEmiliae
1932 704 1989 724 ctae-

1157 748 1335 794 provinciae
1357 747 1518 782 civitatum
1547 745 1689 780 omnium
1718 745 1787 779 Deo
1817 755 1919 783 ama-1

1158 798 1269 832 bilium
1297 796 1519 843 episcoporum
1550 794 1736 836 creationes,
1763 801 1793 828 et
1827 786 1920 827 con-⁵

1156 846 1359 887 secrationes‚
1382 845 1463 879 idest
1497 843 1684 883 Sassinatis,
1712 842 1908 883 Caesenatis,

1156 894 1354 943 Foripopuli,
1376 893 1514 933 Forlivii,
1539 892 1720 935 Faventiae,
1741 892 1815 926 Feri
1833 890 1910 926 Cor-

1157 945 1244 986 nelii,
1266 943 1439 984 Bononiae,
1467 941 1618 985 Mutinae,
1633 941 1741 987 Regii,
1764 927 1922 990 Parmae,}

1157 994 1348 1036 Placentiae,
1376 992 1514 1032 Brixilli,
1548 990 1804 1031 Vicobabentiae,
1842 989 1910 1024 Ha-

1158 1042 1304 1084 driensis,
1340 1040 1575 1080 Comaclensis,
1613 1039 1810 1083 Ficodensis,
1849 1049 1909 1073 nec

1158 1104 1221 1126 non
1261 1100 1291 1127 et
1317 1090 1423 1126 omnia
1464 1089 1671 1133 monasteria,
1699 1096 1761 1123 tam
1797 1099 1910 1122 mona-

1157 1141 1289 1175 chorum
1312 1151 1471 1187 quamque
1499 1138 1725 1173 monacharum
1754 1137 1814 1171 snb
1839 1137 1908 1171 eius

1158 1190 1278 1224 ditione
1300 1189 1496 1235 degentium,
1523 1196 1617 1234 atque
1653 1187 1713 1221 sub
1736 1185 1910 1221 monastica

1157 1238 1296 1273 Domino
1329 1237 1534 1272 militantium
1557 1248 1678 1270 norma.
1698 1225 2055 1284 Conferentes'Com·sin
2089 1259 2121 1282 ⁸,-

1159 1287 1226 1327 tibi,
1250 1287 1377 1334 tuisque
1399 1284 1637 1320 successoribus
1664 1284 1815 1319 bonorem
1839 1278 1959 1329 pal-'m
1987 1268 2120 1319 munnio-

1158 1336 1189 1370 lii
1214 1336 1243 1370 in
1267 1343 1469 1383 perpetuum,
1497 1346 1553 1369 seu
1588 1345 1715 1368 omnem
1744 1332 1912 1381 pontifica-
1935 1331 1974 1355 ¹⁵⁰⁹
1993 1332 2121 1374 &chieri-

1159 1385 1219 1420 lem
1239 1388 1282 1429 (1)
1310 1383 1434 1419 decoris
1457 1395 1566 1427 usum,
1600 1383 1681 1417 sicut
1709 1382 1740 1417 in
1777 1382 1911 1429 epistola
1936 1376 2021 1399 κῦμ’

1159 1434 1213 1468 tibi
1239 1434 1420 1469 transmissa
1455 1432 1661 1468 concedendo
1703 1431 1910 1466 confirmavi-

1158 1495 1241 1525 mus,
1268 1482 1442 1517 muniendo
1480 1481 1573 1516 etiam
1609 1488 1750 1516 sanctam
1777 1480 1912 1515 Raven-

1159 1540 1263 1567 natem
1290 1532 1479 1571 Ecclesiam,
1515 1539 1556 1575 te,
1582 1537 1718 1576 tuosque
1745 1541 1913 1564 successo-

1159 1594 1208 1615 res
1230 1581 1261 1615 in
1281 1589 1468 1628 perpetuum
1485 1579 1672 1614 roboramus
1686 1590 1911 1626 permansuras

1158 1642 1269 1665 omnes
1302 1630 1498 1669 collationes,
1530 1638 1624 1676 atque
1659 1628 1912 1673 conscriptiones

1158 1679 1372 1725 quorumlibet
1399 1678 1564 1713 bominum
1583 1678 1614 1712 in
1637 1677 1747 1712 eadem
1769 1677 1913 1711 Ecclesia

1968 1478 2110 1502 Confirmatio

1937 1515 2089 1541 donationum.

1160 1729 1266 1769 factas,
1290 1729 1336 1763 rel
1353 1728 1525 1769 faciendas,
1542 1727 1606 1762 sive
1625 1726 1813 1761 donationes
1827 1725 1913 1760 cliri-

1158 1778 1332 1812 stianorum
1351 1776 1504 1821 fidelium,
1527 1776 1573 1811 vel
1597 1788 1677 1823 quae
1699 1775 1753 1823 pii,
1780 1787 1815 1810 ac
1838 1774 1914 1809 reli-

1158 1826 1236 1872 giosi
1265 1826 1411 1862 homines
1438 1826 1592 1860 hactenus
1616 1837 1672 1872 per
1708 1824 1832 1870 eulogia
1864 1825 1909 1867 (2)

1159 1887 1290 1910 suorum
1318 1883 1591 1915 testamentorum,
1620 1874 1668 1909 vel
1691 1885 1747 1921 per
1773 1872 1914 1919 quemli-

1159 1925 1211 1959 bet
1239 1924 1381 1966 modum,
1398 1925 1444 1960 vel
1468 1924 1592 1959 titulum
1615 1923 1644 1957 in
1668 1922 1780 1958 eadem
1807 1929 1915 1956 sancta

1159 1974 1341 2009 Ravennate
1367 1974 1541 2020 antiquitus
1581 1972 1769 2007 dimiserunt
1802 1970 1914 2005 Eccle-

1160 2024 1216 2064 sia,
1239 2023 1286 2058 vel
1312 2023 1342 2057 in
1368 2022 1509 2057 futurum
1531 2030 1605 2056 sunt
1628 2033 1685 2068 pro
1713 2019 1912 2055 redemtione

1160 2073 1336 2107 animarum
1358 2083 1487 2106 suarum
1515 2078 1653 2118 tempore
1666 2069 1821 2105 collaturi.
1836 2068 1925 2103 San-³

1160 2121 1274 2157 ciendo
1307 2121 1398 2156 etiam
1433 2120 1660 2156 confirmamus
1692 2125 1819 2153 sanctae
1846 2099 1925 2158 Ra-!

1162 2171 1286 2206 vennati
1308 2170 1471 2205 Ecclesiae
1493 2169 1575 2204 sicut
1598 2168 1716 2215 primae
1738 2167 1820 2201 inter
1841 2178 1915 2201 cae-

1163 2228 1244 2255 teras
1270 2227 1396 2254 sanctae
1432 2219 1526 2254 liuius
1558 2217 1720 2252 Romanae
1752 2215 1917 2251 Ecclesiae

1163 2270 1243 2304 filiae
1264 2268 1440 2304 secundum
1463 2267 1706 2303 constitutiones
1726 2264 1917 2311 Longobar-

1163 2319 1276 2353 dorum
1304 2330 1432 2364 regum,
1466 2325 1496 2352 et
1530 2316 1664 2351 aliorum
1699 2314 1916 2362 piissimorum

1163 2368 1380 2403 Romanorum
1397 2367 1634 2413 imperatorum,
1651 2372 1684 2399 ut
1705 2364 1731 2399 si
1746 2363 1914 2410 quisquam

1164 2417 1384 2465 episcoporum
1407 2428 1445 2451 ex
1483 2414 1721 2450 consecratione
1743 2412 1918 2447 Ravenna-

1164 2475 1230 2501 tum
1259 2465 1443 2513 pontificum
1465 2465 1562 2499 totius
1588 2463 1738 2498 AEmiliae
1769 2461 1918 2496 decesse-

1165 2516 1215 2557 rit,
1243 2514 1349 2550 nullus
1364 2514 1439 2555 dux,
1465 2513 1618 2553 marchio,
1643 2523 1761 2552 eomes,
1788 2519 1841 2545 ant
1860 2510 1919 2544 ali-

1972 2428 2114 2451 Con-erratio

1953 2465 2109 2495 episcoporum

1941 2502 1962 2524 in
1980 2500 2067 2523 AEmilia
2085 2508 2125 2531 pe·

1165 2566 1235 2609 quis
1259 2564 1403 2599 minister
1425 2563 1572 2610 publicus
1594 2562 1729 2608 aliquam
1754 2559 1796 2593 ibi
1826 2571 1918 2606 prae-
1941 2536 2125 2598 niisflvenssrtfizff'

1165 2614 1337 2654 dationem,
1371 2621 1423 2647 aut
1455 2611 1707 2646 contrarietatem
1737 2608 1839 2649 saciat,
1861 2608 1918 2644 sed

1200 2671 1240 2707 (t)
1256 2670 1334 2698 Forte
1350 2670 1523 2705 Pontificale's.
1561 2668 1601 2704 (2)
1622 2667 1700 2695 Forte
1718 2666 1821 2700 Elegia.

1892 2694 1895 2713 ᾗ
1909 2693 1919 2702 ι
