<?xml version="1.0" encoding="UTF-8"?>
<!DOCTYPE html PUBLIC "-//W3C//DTD XHTML 1.0 Transitional//EN"
    "http://www.w3.org/TR/xhtml1/DTD/xhtml1-transitional.dtd">
<html xmlns="http://www.w3.org/1999/xhtml" xml:lang="en" lang="en">
 <head>
  <title>
</title>
<meta http-equiv="Content-Type" content="text/html;charset=utf-8" />
  <meta name='ocr-system' content='tesseract 3.04.00' />
  <meta name='ocr-capabilities' content='ocr_page ocr_carea ocr_par ocr_line ocrx_word'/>
</head>
<body>
  <div class='ocr_page' id='page_1' title='image "./bullarumdiplomat01cath_0162.png"; bbox 0 0 2237 3127; ppageno 0'>
   <div class='ocr_carea' id='block_1_1' title="bbox 172 311 357 337">
    <p class='ocr_par' dir='ltr' id='par_1_1' title="bbox 172 311 357 337">
     <span class='ocr_line' id='line_1_1' title="bbox 172 311 357 337; baseline -0.005 0"><span class='ocrx_word' id='word_1_1' title='bbox 172 312 214 337; x_wconf 76' lang='lat' dir='ltr'><strong>An</strong></span> <span class='ocrx_word' id='word_1_2' title='bbox 256 312 284 337; x_wconf 71' lang='grc' dir='ltr'><strong>(ἶ,</strong></span> <span class='ocrx_word' id='word_1_3' title='bbox 306 311 357 337; x_wconf 68' lang='lat'><strong>522</strong></span> 
     </span>
    </p>
   </div>
   <div class='ocr_carea' id='block_1_2' title="bbox 207 506 1139 563">
    <p class='ocr_par' dir='ltr' id='par_1_2' title="bbox 207 506 1139 563">
     <span class='ocr_line' id='line_1_2' title="bbox 207 506 1139 563; baseline -0.005 -10"><span class='ocrx_word' id='word_1_4' title='bbox 207 506 235 525; x_wconf 59' lang='lat'><strong>”⁹</strong></span> <span class='ocrx_word' id='word_1_5' title='bbox 255 512 317 524; x_wconf 46' lang='grc' dir='ltr'><strong>Μ’</strong></span> <span class='ocrx_word' id='word_1_6' title='bbox 388 521 447 555; x_wconf 80' lang='lat' dir='ltr'><strong>ties</strong></span> <span class='ocrx_word' id='word_1_7' title='bbox 469 517 658 554; x_wconf 72' lang='lat' dir='ltr'><strong>universalis</strong></span> <span class='ocrx_word' id='word_1_8' title='bbox 671 516 775 563; x_wconf 87' lang='lat' dir='ltr'><strong>poscit</strong></span> <span class='ocrx_word' id='word_1_9' title='bbox 797 513 960 561; x_wconf 79' lang='lat' dir='ltr'>religionis</span> <span class='ocrx_word' id='word_1_10' title='bbox 981 524 1086 554; x_wconf 88' lang='lat' dir='ltr'><strong>causa,</strong></span> <span class='ocrx_word' id='word_1_11' title='bbox 1100 512 1139 547; x_wconf 89' lang='lat' dir='ltr'><strong>ad</strong></span> 
     </span>
    </p>
   </div>
   <div class='ocr_carea' id='block_1_3' title="bbox 174 540 355 568">
    <p class='ocr_par' dir='ltr' id='par_1_3' title="bbox 174 540 355 568">
     <span class='ocr_line' id='line_1_3' title="bbox 174 540 355 568; baseline 0 -9"><span class='ocrx_word' id='word_1_12' title='bbox 174 548 211 568; x_wconf 61' lang='lat' dir='ltr'><strong>per</strong></span> <span class='ocrx_word' id='word_1_13' title='bbox 241 540 355 560; x_wconf 70' lang='lat' dir='ltr'><strong>Salustium</strong></span> 
     </span>
    </p>
   </div>
   <div class='ocr_carea' id='block_1_4' title="bbox 174 573 304 594">
    <p class='ocr_par' dir='ltr' id='par_1_4' title="bbox 174 573 304 594">
     <span class='ocr_line' id='line_1_4' title="bbox 174 573 304 594; baseline 0.008 -1"><span class='ocrx_word' id='word_1_14' title='bbox 174 573 304 594; x_wconf 57' lang='grc' dir='ltr'><strong>ιιιὼυοηιίὶς.</strong></span> 
     </span>
    </p>
   </div>
   <div class='ocr_carea' id='block_1_5' title="bbox 176 1559 348 1584">
    <p class='ocr_par' dir='ltr' id='par_1_5' title="bbox 176 1559 348 1584">
     <span class='ocr_line' id='line_1_5' title="bbox 176 1559 348 1584; baseline 0 0"><span class='ocrx_word' id='word_1_15' title='bbox 176 1565 215 1584; x_wconf 69' lang='lat' dir='ltr'><strong>,tii</strong></span> <span class='ocrx_word' id='word_1_16' title='bbox 255 1559 272 1584; x_wconf 76' lang='lat' dir='ltr'><strong>tl</strong></span> <span class='ocrx_word' id='word_1_17' title='bbox 307 1559 320 1580; x_wconf 63' lang='grc' dir='ltr'><strong>Γ»</strong></span> <span class='ocrx_word' id='word_1_18' title='bbox 332 1565 348 1584; x_wconf 54' lang='lat'><strong>¹1</strong></span> 
     </span>
    </p>
   </div>
   <div class='ocr_carea' id='block_1_6' title="bbox 443 312 515 345">
    <p class='ocr_par' dir='ltr' id='par_1_6' title="bbox 443 312 515 345">
     <span class='ocr_line' id='line_1_6' title="bbox 443 312 515 345; baseline -0.014 0"><span class='ocrx_word' id='word_1_19' title='bbox 443 312 515 345; x_wconf 75' lang='lat'><strong>144</strong></span> 
     </span>
    </p>
   </div>
   <div class='ocr_carea' id='block_1_7' title="bbox 389 365 1142 515">
    <p class='ocr_par' dir='ltr' id='par_1_7' title="bbox 389 365 1142 515">
     <span class='ocr_line' id='line_1_7' title="bbox 391 365 1142 419; baseline -0.015 -9"><span class='ocrx_word' id='word_1_20' title='bbox 391 382 455 410; x_wconf 85' lang='lat' dir='ltr'><strong>est:</strong></span> <span class='ocrx_word' id='word_1_21' title='bbox 477 374 520 408; x_wconf 92' lang='lat' dir='ltr'><strong>ibi</strong></span> <span class='ocrx_word' id='word_1_22' title='bbox 542 370 755 419; x_wconf 89' lang='lat' dir='ltr'><strong>prohibitum,</strong></span> <span class='ocrx_word' id='word_1_23' title='bbox 776 367 817 403; x_wconf 89' lang='lat' dir='ltr'><strong>ad</strong></span> <span class='ocrx_word' id='word_1_24' title='bbox 839 365 926 414; x_wconf 88' lang='lat' dir='ltr'><strong>quod</strong></span> <span class='ocrx_word' id='word_1_25' title='bbox 948 365 1056 401; x_wconf 90' lang='lat' dir='ltr'><strong>nullus</strong></span> <span class='ocrx_word' id='word_1_26' title='bbox 1082 377 1142 400; x_wconf 92' lang='lat' dir='ltr'><strong>au-</strong></span> 
     </span>
     <span class='ocr_line' id='line_1_8' title="bbox 391 414 1142 468; baseline -0.015 -9"><span class='ocrx_word' id='word_1_27' title='bbox 391 423 463 459; x_wconf 91' lang='lat' dir='ltr'><strong>deat</strong></span> <span class='ocrx_word' id='word_1_28' title='bbox 490 421 667 468; x_wconf 86' lang='lat' dir='ltr'><strong>adspirare:</strong></span> <span class='ocrx_word' id='word_1_29' title='bbox 691 418 734 452; x_wconf 92' lang='lat' dir='ltr'><strong>ibi</strong></span> <span class='ocrx_word' id='word_1_30' title='bbox 760 427 962 457; x_wconf 86' lang='lat' dir='ltr'><strong>concessum,</strong></span> <span class='ocrx_word' id='word_1_31' title='bbox 983 414 1060 463; x_wconf 91' lang='lat' dir='ltr'><strong>quid</strong></span> <span class='ocrx_word' id='word_1_32' title='bbox 1082 414 1142 449; x_wconf 92' lang='lat' dir='ltr'><strong>de-</strong></span> 
     </span>
     <span class='ocr_line' id='line_1_9' title="bbox 389 463 1142 515; baseline -0.013 -8"><span class='ocrx_word' id='word_1_33' title='bbox 389 472 461 507; x_wconf 89' lang='lat' dir='ltr'><strong>beat</strong></span> <span class='ocrx_word' id='word_1_34' title='bbox 475 482 565 505; x_wconf 88' lang='lat' dir='ltr'><strong>mens</strong></span> <span class='ocrx_word' id='word_1_35' title='bbox 577 469 646 503; x_wconf 93' lang='lat' dir='ltr'><strong>Deo</strong></span> <span class='ocrx_word' id='word_1_36' title='bbox 661 467 814 515; x_wconf 89' lang='lat' dir='ltr'><strong>placitura</strong></span> <span class='ocrx_word' id='word_1_37' title='bbox 831 475 1042 512; x_wconf 78' lang='lat' dir='ltr'>praesumere.</span> <span class='ocrx_word' id='word_1_38' title='bbox 1055 463 1142 505; x_wconf 83' lang='lat' dir='ltr'><strong>Quo-</strong></span> 
     </span>
    </p>
   </div>
   <div class='ocr_carea' id='block_1_8' title="bbox 381 564 1140 1195">
    <p class='ocr_par' dir='ltr' id='par_1_8' title="bbox 381 564 1140 1195">
     <span class='ocr_line' id='line_1_10' title="bbox 388 564 1140 604; baseline -0.011 -1"><span class='ocrx_word' id='word_1_39' title='bbox 388 567 559 604; x_wconf 90' lang='lat' dir='ltr'><strong>concilium</strong></span> <span class='ocrx_word' id='word_1_40' title='bbox 580 574 612 601; x_wconf 91' lang='lat' dir='ltr'><strong>te</strong></span> <span class='ocrx_word' id='word_1_41' title='bbox 634 565 740 601; x_wconf 91' lang='lat' dir='ltr'><strong>cuncti</strong></span> <span class='ocrx_word' id='word_1_42' title='bbox 761 564 873 599; x_wconf 77' lang='lat' dir='ltr'><strong>fratres</strong></span> <span class='ocrx_word' id='word_1_43' title='bbox 893 569 1043 598; x_wconf 78' lang='lat' dir='ltr'><strong>evocante</strong></span> <span class='ocrx_word' id='word_1_44' title='bbox 1061 573 1140 596; x_wconf 90' lang='lat' dir='ltr'><strong>con-</strong></span> 
     </span>
     <span class='ocr_line' id='line_1_11' title="bbox 386 611 1139 661; baseline -0.009 -10"><span class='ocrx_word' id='word_1_45' title='bbox 386 617 528 653; x_wconf 75' lang='lat' dir='ltr'><strong>veniant:</strong></span> <span class='ocrx_word' id='word_1_46' title='bbox 551 623 583 651; x_wconf 85' lang='lat' dir='ltr'><strong>et</strong></span> <span class='ocrx_word' id='word_1_47' title='bbox 609 615 635 650; x_wconf 92' lang='lat' dir='ltr'><strong>si</strong></span> <span class='ocrx_word' id='word_1_48' title='bbox 662 626 743 661; x_wconf 90' lang='lat' dir='ltr'><strong>quos</strong></span> <span class='ocrx_word' id='word_1_49' title='bbox 768 625 879 648; x_wconf 88' lang='lat' dir='ltr'><strong>eorum</strong></span> <span class='ocrx_word' id='word_1_50' title='bbox 902 611 1049 658; x_wconf 88' lang='lat' dir='ltr'><strong>specialis</strong></span> <span class='ocrx_word' id='word_1_51' title='bbox 1075 622 1139 645; x_wconf 91' lang='lat' dir='ltr'><strong>ne-</strong></span> 
     </span>
     <span class='ocr_line' id='line_1_12' title="bbox 385 660 1139 713; baseline -0.009 -13"><span class='ocrx_word' id='word_1_52' title='bbox 385 666 461 712; x_wconf 86' lang='lat' dir='ltr'><strong>gotii</strong></span> <span class='ocrx_word' id='word_1_53' title='bbox 484 664 589 713; x_wconf 89' lang='lat' dir='ltr'><strong>pulsat</strong></span> <span class='ocrx_word' id='word_1_54' title='bbox 626 662 788 699; x_wconf 89' lang='lat' dir='ltr'><strong>contentio</strong></span> <span class='ocrx_word' id='word_1_55' title='bbox 803 689 813 706; x_wconf 93' lang='lat'><strong>,</strong></span> <span class='ocrx_word' id='word_1_56' title='bbox 848 661 950 707; x_wconf 83' lang='lat' dir='ltr'><strong>iurgia</strong></span> <span class='ocrx_word' id='word_1_57' title='bbox 977 660 1059 695; x_wconf 90' lang='lat' dir='ltr'><strong>inter</strong></span> <span class='ocrx_word' id='word_1_58' title='bbox 1084 671 1139 694; x_wconf 90' lang='lat' dir='ltr'><strong>eos</strong></span> 
     </span>
     <span class='ocr_line' id='line_1_13' title="bbox 385 708 1139 760; baseline -0.011 -10"><span class='ocrx_word' id='word_1_59' title='bbox 385 715 494 750; x_wconf 81' lang='lat' dir='ltr'><strong>oborta</strong></span> <span class='ocrx_word' id='word_1_60' title='bbox 516 724 697 760; x_wconf 73' lang='lat' dir='ltr'><strong>compesce,</strong></span> <span class='ocrx_word' id='word_1_61' title='bbox 724 711 868 746; x_wconf 85' lang='lat' dir='ltr'><strong>discussa</strong></span> <span class='ocrx_word' id='word_1_62' title='bbox 889 709 988 745; x_wconf 90' lang='lat' dir='ltr'><strong>sacris</strong></span> <span class='ocrx_word' id='word_1_63' title='bbox 1014 708 1139 755; x_wconf 89' lang='lat' dir='ltr'><strong>legibus</strong></span> 
     </span>
     <span class='ocr_line' id='line_1_14' title="bbox 385 757 1136 806; baseline -0.011 -7"><span class='ocrx_word' id='word_1_64' title='bbox 385 762 626 799; x_wconf 88' lang='lat' dir='ltr'><strong>determinando</strong></span> <span class='ocrx_word' id='word_1_65' title='bbox 649 761 831 796; x_wconf 88' lang='lat' dir='ltr'><strong>certamina.</strong></span> <span class='ocrx_word' id='word_1_66' title='bbox 846 757 1009 806; x_wconf 83' lang='lat' dir='ltr'>Quidquid</span> <span class='ocrx_word' id='word_1_67' title='bbox 1032 765 1136 793; x_wconf 88' lang='lat' dir='ltr'><strong>autem</strong></span> 
     </span>
     <span class='ocr_line' id='line_1_15' title="bbox 384 806 1136 859; baseline -0.011 -11"><span class='ocrx_word' id='word_1_68' title='bbox 384 813 449 848; x_wconf 87' lang='lat' dir='ltr'><strong>illis</strong></span> <span class='ocrx_word' id='word_1_69' title='bbox 475 825 532 859; x_wconf 91' lang='lat' dir='ltr'><strong>pro</strong></span> <span class='ocrx_word' id='word_1_70' title='bbox 550 811 623 855; x_wconf 84' lang='lat' dir='ltr'><strong>fide,</strong></span> <span class='ocrx_word' id='word_1_71' title='bbox 637 818 668 845; x_wconf 90' lang='lat' dir='ltr'><strong>et</strong></span> <span class='ocrx_word' id='word_1_72' title='bbox 690 809 851 845; x_wconf 77' lang='lat' dir='ltr'><strong>veteribus</strong></span> <span class='ocrx_word' id='word_1_73' title='bbox 873 807 1067 848; x_wconf 84' lang='lat' dir='ltr'><strong>constitutis,</strong></span> <span class='ocrx_word' id='word_1_74' title='bbox 1089 806 1136 841; x_wconf 78' lang='lat' dir='ltr'><strong>vel</strong></span> 
     </span>
     <span class='ocr_line' id='line_1_16' title="bbox 383 855 1138 909; baseline -0.011 -12"><span class='ocrx_word' id='word_1_75' title='bbox 383 861 515 909; x_wconf 71' lang='lat' dir='ltr'><strong>provida</strong></span> <span class='ocrx_word' id='word_1_76' title='bbox 536 859 746 907; x_wconf 75' lang='lat' dir='ltr'><strong>dispositione</strong></span> <span class='ocrx_word' id='word_1_77' title='bbox 768 857 955 905; x_wconf 77' lang='lat' dir='ltr'><strong>praecipies,</strong></span> <span class='ocrx_word' id='word_1_78' title='bbox 982 855 1030 890; x_wconf 66' lang='lat' dir='ltr'><strong>vel</strong></span> <span class='ocrx_word' id='word_1_79' title='bbox 1059 867 1138 902; x_wconf 86' lang='lat' dir='ltr'><strong>per—</strong></span> 
     </span>
     <span class='ocr_line' id='line_1_17' title="bbox 382 905 1136 947; baseline -0.011 -1"><span class='ocrx_word' id='word_1_80' title='bbox 382 923 481 946; x_wconf 86' lang='lat' dir='ltr'><strong>sonae</strong></span> <span class='ocrx_word' id='word_1_81' title='bbox 503 917 628 945; x_wconf 88' lang='lat' dir='ltr'><strong>nostrae</strong></span> <span class='ocrx_word' id='word_1_82' title='bbox 649 908 835 944; x_wconf 88' lang='lat' dir='ltr'><strong>auctoritate</strong></span> <span class='ocrx_word' id='word_1_83' title='bbox 857 905 1018 947; x_wconf 77' lang='lat' dir='ltr'><strong>formabis,</strong></span> <span class='ocrx_word' id='word_1_84' title='bbox 1040 912 1136 939; x_wconf 82' lang='lat' dir='ltr'><strong>totam</strong></span> 
     </span>
     <span class='ocr_line' id='line_1_18' title="bbox 382 953 1138 995; baseline -0.009 -1"><span class='ocrx_word' id='word_1_85' title='bbox 382 960 421 994; x_wconf 86' lang='lat' dir='ltr'><strong>ad</strong></span> <span class='ocrx_word' id='word_1_86' title='bbox 448 959 612 995; x_wconf 77' lang='lat' dir='ltr'><strong>seientiam</strong></span> <span class='ocrx_word' id='word_1_87' title='bbox 643 964 784 992; x_wconf 81' lang='lat' dir='ltr'><strong>nostram</strong></span> <span class='ocrx_word' id='word_1_88' title='bbox 811 957 980 991; x_wconf 88' lang='lat' dir='ltr'><strong>instructae</strong></span> <span class='ocrx_word' id='word_1_89' title='bbox 1008 953 1138 988; x_wconf 84' lang='lat' dir='ltr'><strong>relatio-</strong></span> 
     </span>
     <span class='ocr_line' id='line_1_19' title="bbox 382 1002 1137 1053; baseline -0.011 -9"><span class='ocrx_word' id='word_1_90' title='bbox 382 1010 434 1043; x_wconf 86' lang='lat' dir='ltr'><strong>nis</strong></span> <span class='ocrx_word' id='word_1_91' title='bbox 460 1007 659 1043; x_wconf 77' lang='lat' dir='ltr'><strong>‘ittestatione</strong></span> <span class='ocrx_word' id='word_1_92' title='bbox 681 1005 855 1053; x_wconf 78' lang='lat' dir='ltr'><strong>perveniat,</strong></span> <span class='ocrx_word' id='word_1_93' title='bbox 877 1013 911 1039; x_wconf 94' lang='lat' dir='ltr'><strong>ut</strong></span> <span class='ocrx_word' id='word_1_94' title='bbox 939 1012 1046 1038; x_wconf 90' lang='lat' dir='ltr'><strong>noster</strong></span> <span class='ocrx_word' id='word_1_95' title='bbox 1067 1002 1137 1037; x_wconf 87' lang='lat' dir='ltr'><strong>ani-</strong></span> 
     </span>
     <span class='ocr_line' id='line_1_20' title="bbox 382 1051 1137 1095; baseline -0.011 -3"><span class='ocrx_word' id='word_1_96' title='bbox 382 1070 453 1092; x_wconf 89' lang='lat' dir='ltr'><strong>mus</strong></span> <span class='ocrx_word' id='word_1_97' title='bbox 475 1057 567 1092; x_wconf 81' lang='lat' dir='ltr'><strong>offleii</strong></span> <span class='ocrx_word' id='word_1_98' title='bbox 590 1056 741 1091; x_wconf 78' lang='lat' dir='ltr'><strong>charitate</strong></span> <span class='ocrx_word' id='word_1_99' title='bbox 764 1054 840 1095; x_wconf 87' lang='lat' dir='ltr'><strong>dati,</strong></span> <span class='ocrx_word' id='word_1_100' title='bbox 868 1061 896 1088; x_wconf 86' lang='lat' dir='ltr'><strong>et</strong></span> <span class='ocrx_word' id='word_1_101' title='bbox 919 1061 993 1087; x_wconf 88' lang='lat' dir='ltr'><strong>tuus</strong></span> <span class='ocrx_word' id='word_1_102' title='bbox 1014 1051 1137 1086; x_wconf 88' lang='lat' dir='ltr'><strong>securi—</strong></span> 
     </span>
     <span class='ocr_line' id='line_1_21' title="bbox 381 1100 1137 1152; baseline -0.009 -11"><span class='ocrx_word' id='word_1_103' title='bbox 381 1115 444 1141; x_wconf 83' lang='lat' dir='ltr'><strong>tate</strong></span> <span class='ocrx_word' id='word_1_104' title='bbox 473 1105 652 1152; x_wconf 75' lang='lat' dir='ltr'><strong>perfruatur</strong></span> <span class='ocrx_word' id='word_1_105' title='bbox 677 1104 809 1150; x_wconf 84' lang='lat' dir='ltr'><strong>accepti.</strong></span> <span class='ocrx_word' id='word_1_106' title='bbox 836 1102 923 1137; x_wconf 86' lang='lat' dir='ltr'><strong>Deus</strong></span> <span class='ocrx_word' id='word_1_107' title='bbox 945 1110 975 1136; x_wconf 90' lang='lat' dir='ltr'><strong>te</strong></span> <span class='ocrx_word' id='word_1_108' title='bbox 1012 1100 1137 1135; x_wconf 89' lang='lat' dir='ltr'><strong>incolu-</strong></span> 
     </span>
     <span class='ocr_line' id='line_1_22' title="bbox 382 1151 999 1195; baseline -0.008 -6"><span class='ocrx_word' id='word_1_109' title='bbox 382 1167 469 1189; x_wconf 84' lang='lat' dir='ltr'><strong>mem</strong></span> <span class='ocrx_word' id='word_1_110' title='bbox 490 1153 658 1195; x_wconf 89' lang='lat' dir='ltr'><strong>custodiat,</strong></span> <span class='ocrx_word' id='word_1_111' title='bbox 681 1153 776 1188; x_wconf 86' lang='lat' dir='ltr'><strong>frater</strong></span> <span class='ocrx_word' id='word_1_112' title='bbox 801 1151 999 1187; x_wconf 76' lang='lat' dir='ltr'><strong>charissime.</strong></span> 
     </span>
    </p>
   </div>
   <div class='ocr_carea' id='block_1_9' title="bbox 710 1242 810 1249">
    <p class='ocr_par' dir='ltr' id='par_1_9' title="bbox 710 1242 810 1249">
     <span class='ocr_line' id='line_1_23' title="bbox 710 1242 810 1249; baseline 0 0"><span class='ocrx_word' id='word_1_113' title='bbox 710 1242 810 1249; x_wconf 95' lang='lat' dir='ltr'><strong> </strong></span> 
     </span>
    </p>
   </div>
   <div class='ocr_carea' id='block_1_10' title="bbox 607 1315 912 1366">
    <p class='ocr_par' dir='ltr' id='par_1_10' title="bbox 607 1315 912 1366">
     <span class='ocr_line' id='line_1_24' title="bbox 607 1315 912 1366; baseline -0.007 0"><span class='ocrx_word' id='word_1_114' title='bbox 607 1317 643 1366; x_wconf 89' lang='lat' dir='ltr'><strong>S.</strong></span> <span class='ocrx_word' id='word_1_115' title='bbox 681 1316 864 1366; x_wconf 72' lang='lat' dir='ltr'><strong>lOANNES</strong></span> <span class='ocrx_word' id='word_1_116' title='bbox 899 1315 912 1364; x_wconf 95' lang='lat' dir='ltr'><strong>l</strong></span> 
     </span>
    </p>
   </div>
   <div class='ocr_carea' id='block_1_11' title="bbox 433 1398 1077 1493">
    <p class='ocr_par' dir='ltr' id='par_1_11' title="bbox 433 1398 1077 1493">
     <span class='ocr_line' id='line_1_25' title="bbox 673 1398 840 1429; baseline 0 -1"><span class='ocrx_word' id='word_1_117' title='bbox 673 1399 769 1429; x_wconf 75' lang='lat' dir='ltr'>I&#39;APA</span> <span class='ocrx_word' id='word_1_118' title='bbox 795 1398 840 1428; x_wconf 88' lang='lat' dir='ltr'><strong>LV</strong></span> 
     </span>
     <span class='ocr_line' id='line_1_26' title="bbox 433 1456 1077 1493; baseline -0.006 0"><span class='ocrx_word' id='word_1_119' title='bbox 433 1460 525 1493; x_wconf 80' lang='lat' dir='ltr'><strong>Anno</strong></span> <span class='ocrx_word' id='word_1_120' title='bbox 543 1469 633 1492; x_wconf 79' lang='lat' dir='ltr'><strong>aerae</strong></span> <span class='ocrx_word' id='word_1_121' title='bbox 655 1458 769 1492; x_wconf 77' lang='lat' dir='ltr'><strong>Christi</strong></span> <span class='ocrx_word' id='word_1_122' title='bbox 788 1468 896 1491; x_wconf 84' lang='lat' dir='ltr'><strong>comm.</strong></span> <span class='ocrx_word' id='word_1_123' title='bbox 919 1456 1077 1490; x_wconf 76' lang='lat' dir='ltr'><em>DXXIII.</em></span> 
     </span>
    </p>
   </div>
   <div class='ocr_carea' id='block_1_12' title="bbox 381 1533 1159 1606">
    <p class='ocr_par' dir='ltr' id='par_1_12' title="bbox 381 1533 1159 1606">
     <span class='ocr_line' id='line_1_27' title="bbox 381 1533 1159 1606; baseline -0.006 -5"><span class='ocrx_word' id='word_1_124' title='bbox 381 1533 554 1606; x_wconf 75' lang='lat' dir='ltr'><strong>loannes,</strong></span> <span class='ocrx_word' id='word_1_125' title='bbox 596 1564 723 1599; x_wconf 89' lang='lat' dir='ltr'><strong>natione</strong></span> <span class='ocrx_word' id='word_1_126' title='bbox 764 1571 896 1603; x_wconf 83' lang='lat' dir='ltr'><strong>tuscus,</strong></span> <span class='ocrx_word' id='word_1_127' title='bbox 931 1562 1014 1597; x_wconf 84' lang='lat' dir='ltr'><strong>lilius</strong></span> <span class='ocrx_word' id='word_1_128' title='bbox 1048 1560 1159 1597; x_wconf 84' lang='lat' dir='ltr'><strong>Con-¹</strong></span> 
     </span>
    </p>
   </div>
   <div class='ocr_carea' id='block_1_13' title="bbox 380 1612 1137 2187">
    <p class='ocr_par' dir='ltr' id='par_1_13' title="bbox 380 1612 1137 2187">
     <span class='ocr_line' id='line_1_28' title="bbox 380 1612 1136 1659; baseline -0.004 -11"><span class='ocrx_word' id='word_1_129' title='bbox 380 1615 485 1650; x_wconf 80' lang='lat' dir='ltr'><strong>stautii</strong></span> <span class='ocrx_word' id='word_1_130' title='bbox 502 1642 510 1655; x_wconf 87' lang='lat'><strong>,</strong></span> <span class='ocrx_word' id='word_1_131' title='bbox 538 1613 704 1648; x_wconf 78' lang='lat' dir='ltr'><strong>ordinatus</strong></span> <span class='ocrx_word' id='word_1_132' title='bbox 725 1621 772 1647; x_wconf 88' lang='lat' dir='ltr'><strong>est</strong></span> <span class='ocrx_word' id='word_1_133' title='bbox 809 1612 951 1659; x_wconf 78' lang='lat' dir='ltr'><strong>pontifex</strong></span> <span class='ocrx_word' id='word_1_134' title='bbox 979 1612 1136 1645; x_wconf 76' lang='lat' dir='ltr'><strong>maximus</strong></span> 
     </span>
     <span class='ocr_line' id='line_1_29' title="bbox 380 1660 1136 1707; baseline -0.003 -10"><span class='ocrx_word' id='word_1_135' title='bbox 380 1664 431 1699; x_wconf 86' lang='lat' dir='ltr'><strong>die</strong></span> <span class='ocrx_word' id='word_1_136' title='bbox 458 1663 620 1698; x_wconf 84' lang='lat' dir='ltr'><strong>dominica</strong></span> <span class='ocrx_word' id='word_1_137' title='bbox 650 1664 695 1695; x_wconf 77' lang='lat'><strong>15</strong></span> <span class='ocrx_word' id='word_1_138' title='bbox 716 1662 842 1707; x_wconf 83' lang='lat' dir='ltr'><strong>augusti</strong></span> <span class='ocrx_word' id='word_1_139' title='bbox 869 1661 943 1695; x_wconf 89' lang='lat' dir='ltr'><strong>anui</strong></span> <span class='ocrx_word' id='word_1_140' title='bbox 968 1662 1050 1695; x_wconf 71' lang='lat'><strong>525.</strong></span> <span class='ocrx_word' id='word_1_141' title='bbox 1074 1660 1136 1695; x_wconf 86' lang='lat' dir='ltr'><strong>Se—</strong></span> 
     </span>
     <span class='ocr_line' id='line_1_30' title="bbox 380 1710 1136 1753; baseline -0.005 -6"><span class='ocrx_word' id='word_1_142' title='bbox 380 1713 426 1747; x_wconf 84' lang='lat' dir='ltr'><strong>dit</strong></span> <span class='ocrx_word' id='word_1_143' title='bbox 459 1724 559 1747; x_wconf 83' lang='lat' dir='ltr'><strong>annos</strong></span> <span class='ocrx_word' id='word_1_144' title='bbox 586 1723 624 1751; x_wconf 91' lang='lat'><strong>11,</strong></span> <span class='ocrx_word' id='word_1_145' title='bbox 647 1722 748 1745; x_wconf 80' lang='lat' dir='ltr'><strong>mens.</strong></span> <span class='ocrx_word' id='word_1_146' title='bbox 776 1722 824 1748; x_wconf 80' lang='lat' dir='ltr'><strong>lx,</strong></span> <span class='ocrx_word' id='word_1_147' title='bbox 852 1710 920 1744; x_wconf 86' lang='lat' dir='ltr'><strong>dies</strong></span> <span class='ocrx_word' id='word_1_148' title='bbox 942 1722 962 1743; x_wconf 78' lang='lat' dir='ltr'>v</span> <span class='ocrx_word' id='word_1_149' title='bbox 995 1713 1038 1753; x_wconf 83' lang='lat' dir='ltr'><strong>(l)</strong></span> <span class='ocrx_word' id='word_1_150' title='bbox 1076 1710 1136 1743; x_wconf 89' lang='lat' dir='ltr'><strong>sub</strong></span> 
     </span>
     <span class='ocr_line' id='line_1_31' title="bbox 381 1759 1135 1807; baseline -0.003 -13"><span class='ocrx_word' id='word_1_151' title='bbox 381 1762 500 1796; x_wconf 79' lang='lat' dir='ltr'><strong>lustino</strong></span> <span class='ocrx_word' id='word_1_152' title='bbox 523 1761 711 1807; x_wconf 77' lang='lat' dir='ltr'><strong>imperatore</strong></span> <span class='ocrx_word' id='word_1_153' title='bbox 729 1786 736 1799; x_wconf 94' lang='lat'><strong>,</strong></span> <span class='ocrx_word' id='word_1_154' title='bbox 773 1767 803 1793; x_wconf 87' lang='lat' dir='ltr'><strong>et</strong></span> <span class='ocrx_word' id='word_1_155' title='bbox 831 1759 1032 1793; x_wconf 73' lang='lat' dir='ltr'><strong>Tlieotlorico</strong></span> <span class='ocrx_word' id='word_1_156' title='bbox 1063 1770 1135 1804; x_wconf 84' lang='lat' dir='ltr'><strong>rege</strong></span> 
     </span>
     <span class='ocr_line' id='line_1_32' title="bbox 383 1807 1136 1854; baseline -0.004 -10"><span class='ocrx_word' id='word_1_157' title='bbox 383 1824 394 1844; x_wconf 74' lang='grc' dir='ltr'>ι</span> <span class='ocrx_word' id='word_1_158' title='bbox 415 1810 584 1846; x_wconf 81' lang='lat' dir='ltr'><strong>consulatu</strong></span> <span class='ocrx_word' id='word_1_159' title='bbox 619 1808 731 1843; x_wconf 88' lang='lat' dir='ltr'><strong>Iustini</strong></span> <span class='ocrx_word' id='word_1_160' title='bbox 755 1808 839 1854; x_wconf 80' lang='lat' dir='ltr'><strong>Aug.</strong></span> <span class='ocrx_word' id='word_1_161' title='bbox 864 1808 891 1842; x_wconf 94' lang='lat' dir='ltr'><strong>ll</strong></span> <span class='ocrx_word' id='word_1_162' title='bbox 917 1816 947 1842; x_wconf 88' lang='lat' dir='ltr'><strong>et</strong></span> <span class='ocrx_word' id='word_1_163' title='bbox 978 1807 1136 1854; x_wconf 83' lang='lat' dir='ltr'><strong>Opilionis</strong></span> 
     </span>
     <span class='ocr_line' id='line_1_33' title="bbox 381 1856 1134 1905; baseline -0.004 -12"><span class='ocrx_word' id='word_1_164' title='bbox 381 1860 416 1893; x_wconf 76' lang='lat' dir='ltr'><strong>ad</strong></span> <span class='ocrx_word' id='word_1_165' title='bbox 438 1871 503 1894; x_wconf 85' lang='lat' dir='ltr'><strong>cos.</strong></span> <span class='ocrx_word' id='word_1_166' title='bbox 527 1858 693 1905; x_wconf 63' lang='lat' dir='ltr'><strong>Olybriuin</strong></span> <span class='ocrx_word' id='word_1_167' title='bbox 720 1858 789 1891; x_wconf 83' lang='lat' dir='ltr'><strong>sine</strong></span> <span class='ocrx_word' id='word_1_168' title='bbox 811 1857 940 1903; x_wconf 78' lang='lat' dir='ltr'><strong>collega.</strong></span> <span class='ocrx_word' id='word_1_169' title='bbox 961 1856 1134 1902; x_wconf 81' lang='lat' dir='ltr'><strong>Postquam</strong></span> 
     </span>
     <span class='ocr_line' id='line_1_34' title="bbox 381 1906 1135 1953; baseline -0.005 -10"><span class='ocrx_word' id='word_1_170' title='bbox 381 1908 579 1943; x_wconf 77' lang='lat' dir='ltr'><strong>ordinaverat</strong></span> <span class='ocrx_word' id='word_1_171' title='bbox 623 1907 793 1953; x_wconf 83' lang='lat' dir='ltr'><strong>episcopos</strong></span> <span class='ocrx_word' id='word_1_172' title='bbox 827 1918 884 1953; x_wconf 84' lang='lat' dir='ltr'><strong>per</strong></span> <span class='ocrx_word' id='word_1_173' title='bbox 919 1906 1040 1940; x_wconf 70' lang='lat' dir='ltr'><strong>diversi</strong></span> <span class='ocrx_word' id='word_1_174' title='bbox 1069 1906 1135 1940; x_wconf 84' lang='lat' dir='ltr'><strong>loca</strong></span> 
     </span>
     <span class='ocr_line' id='line_1_35' title="bbox 381 1955 1137 2003; baseline -0.005 -11"><span class='ocrx_word' id='word_1_175' title='bbox 381 1957 574 2003; x_wconf 77' lang='lat' dir='ltr'><strong>quindecim,</strong></span> <span class='ocrx_word' id='word_1_176' title='bbox 597 1956 768 1991; x_wconf 76' lang='lat' dir='ltr'><strong>defunctus</strong></span> <span class='ocrx_word' id='word_1_177' title='bbox 789 1955 1018 1990; x_wconf 75' lang='lat' dir='ltr'><strong>estRavennae</strong></span> <span class='ocrx_word' id='word_1_178' title='bbox 1035 1955 1064 1988; x_wconf 88' lang='lat' dir='ltr'><strong>in</strong></span> <span class='ocrx_word' id='word_1_179' title='bbox 1079 1967 1137 1989; x_wconf 87' lang='lat' dir='ltr'><strong>cu-</strong></span> 
     </span>
     <span class='ocr_line' id='line_1_36' title="bbox 381 2004 1136 2050; baseline -0.004 -9"><span class='ocrx_word' id='word_1_180' title='bbox 381 2006 480 2041; x_wconf 85' lang='lat' dir='ltr'><strong>stodia</strong></span> <span class='ocrx_word' id='word_1_181' title='bbox 505 2010 548 2040; x_wconf 45' lang='lat'><strong>115</strong></span> <span class='ocrx_word' id='word_1_182' title='bbox 573 2005 632 2039; x_wconf 80' lang='lat' dir='ltr'><strong>kal.</strong></span> <span class='ocrx_word' id='word_1_183' title='bbox 657 2005 771 2045; x_wconf 89' lang='lat' dir='ltr'><strong>iunias,</strong></span> <span class='ocrx_word' id='word_1_184' title='bbox 787 2004 878 2039; x_wconf 88' lang='lat' dir='ltr'><strong>cuius</strong></span> <span class='ocrx_word' id='word_1_185' title='bbox 900 2016 1016 2050; x_wconf 81' lang='lat' dir='ltr'><strong>corpus</strong></span> <span class='ocrx_word' id='word_1_186' title='bbox 1033 2012 1136 2038; x_wconf 88' lang='lat' dir='ltr'><strong>trans-</strong></span> 
     </span>
     <span class='ocr_line' id='line_1_37' title="bbox 382 2053 1137 2100; baseline -0.003 -11"><span class='ocrx_word' id='word_1_187' title='bbox 382 2057 479 2089; x_wconf 85' lang='lat' dir='ltr'><strong>latum</strong></span> <span class='ocrx_word' id='word_1_188' title='bbox 507 2054 546 2089; x_wconf 89' lang='lat' dir='ltr'><strong>de</strong></span> <span class='ocrx_word' id='word_1_189' title='bbox 568 2054 732 2097; x_wconf 74' lang='lat' dir='ltr'><strong>Ravenna,</strong></span> <span class='ocrx_word' id='word_1_190' title='bbox 755 2053 914 2100; x_wconf 87' lang='lat' dir='ltr'><strong>sepultum</strong></span> <span class='ocrx_word' id='word_1_191' title='bbox 938 2061 985 2087; x_wconf 86' lang='lat' dir='ltr'><strong>est</strong></span> <span class='ocrx_word' id='word_1_192' title='bbox 1019 2054 1049 2087; x_wconf 91' lang='lat' dir='ltr'><strong>in</strong></span> <span class='ocrx_word' id='word_1_193' title='bbox 1087 2053 1137 2087; x_wconf 86' lang='lat' dir='ltr'><strong>ba-</strong></span> 
     </span>
     <span class='ocr_line' id='line_1_38' title="bbox 383 2101 1135 2150; baseline -0.004 -12"><span class='ocrx_word' id='word_1_194' title='bbox 383 2105 471 2139; x_wconf 84' lang='lat' dir='ltr'><strong>silica</strong></span> <span class='ocrx_word' id='word_1_195' title='bbox 498 2103 536 2138; x_wconf 88' lang='lat' dir='ltr'><strong>B.</strong></span> <span class='ocrx_word' id='word_1_196' title='bbox 565 2103 650 2137; x_wconf 77' lang='lat' dir='ltr'><strong>Petri</strong></span> <span class='ocrx_word' id='word_1_197' title='bbox 683 2103 816 2150; x_wconf 85' lang='lat' dir='ltr'><strong>apostoli</strong></span> <span class='ocrx_word' id='word_1_198' title='bbox 850 2103 909 2136; x_wconf 88' lang='lat' dir='ltr'><strong>suh</strong></span> <span class='ocrx_word' id='word_1_199' title='bbox 937 2101 989 2136; x_wconf 87' lang='lat' dir='ltr'><strong>die</strong></span> <span class='ocrx_word' id='word_1_200' title='bbox 1018 2103 1038 2135; x_wconf 81' lang='lat'>6</span> <span class='ocrx_word' id='word_1_201' title='bbox 1075 2101 1135 2136; x_wconf 79' lang='lat' dir='ltr'><strong>kal.</strong></span> 
     </span>
     <span class='ocr_line' id='line_1_39' title="bbox 382 2150 1135 2187; baseline -0.004 0"><span class='ocrx_word' id='word_1_202' title='bbox 382 2154 484 2187; x_wconf 81' lang='lat' dir='ltr'><strong>iunias</strong></span> <span class='ocrx_word' id='word_1_203' title='bbox 507 2164 589 2187; x_wconf 89' lang='lat' dir='ltr'><strong>anno</strong></span> <span class='ocrx_word' id='word_1_204' title='bbox 613 2154 695 2186; x_wconf 72' lang='lat'><strong>5213.</strong></span> <span class='ocrx_word' id='word_1_205' title='bbox 731 2151 859 2186; x_wconf 72' lang='lat' dir='ltr'><strong>Vacatit</strong></span> <span class='ocrx_word' id='word_1_206' title='bbox 881 2151 973 2186; x_wconf 81' lang='lat' dir='ltr'><strong>sedes</strong></span> <span class='ocrx_word' id='word_1_207' title='bbox 995 2150 1064 2186; x_wconf 87' lang='lat' dir='ltr'><strong>dics</strong></span> <span class='ocrx_word' id='word_1_208' title='bbox 1090 2163 1135 2185; x_wconf 77' lang='grc' dir='ltr'><strong>ιν.</strong></span> 
     </span>
    </p>
   </div>
   <div class='ocr_carea' id='block_1_14' title="bbox 382 2221 1139 2711">
    <p class='ocr_par' dir='ltr' id='par_1_14' title="bbox 382 2221 1139 2711">
     <span class='ocr_line' id='line_1_40' title="bbox 417 2221 1135 2257; baseline 0 -10"><span class='ocrx_word' id='word_1_209' title='bbox 417 2223 455 2257; x_wconf 84' lang='lat'><strong>(1)</strong></span> <span class='ocrx_word' id='word_1_210' title='bbox 477 2223 505 2248; x_wconf 89' lang='lat' dir='ltr'><strong>In</strong></span> <span class='ocrx_word' id='word_1_211' title='bbox 535 2222 739 2256; x_wconf 77' lang='lat' dir='ltr'><strong>quamplurimis</strong></span> <span class='ocrx_word' id='word_1_212' title='bbox 764 2221 900 2248; x_wconf 81' lang='lat' dir='ltr'><strong>codicibus</strong></span> <span class='ocrx_word' id='word_1_213' title='bbox 932 2222 1111 2248; x_wconf 72' lang='lat' dir='ltr'><strong>Anastasianis</strong></span> <span class='ocrx_word' id='word_1_214' title='bbox 1129 2241 1135 2252; x_wconf 88' lang='lat'><strong>,</strong></span> 
     </span>
     <span class='ocr_line' id='line_1_41' title="bbox 382 2256 1137 2292; baseline -0.003 -8"><span class='ocrx_word' id='word_1_215' title='bbox 382 2259 473 2292; x_wconf 63' lang='lat' dir='ltr'><strong>Regio,</strong></span> <span class='ocrx_word' id='word_1_216' title='bbox 492 2257 636 2288; x_wconf 81' lang='lat' dir='ltr'><strong>Mazarino,</strong></span> <span class='ocrx_word' id='word_1_217' title='bbox 654 2257 770 2283; x_wconf 86' lang='lat' dir='ltr'><strong>Thuauis</strong></span> <span class='ocrx_word' id='word_1_218' title='bbox 786 2257 901 2288; x_wconf 73' lang='lat' dir='ltr'><strong>(luobus,</strong></span> <span class='ocrx_word' id='word_1_219' title='bbox 920 2257 1054 2288; x_wconf 77' lang='lat' dir='ltr'><strong>Palatino,</strong></span> <span class='ocrx_word' id='word_1_220' title='bbox 1082 2256 1137 2283; x_wconf 77' lang='lat' dir='ltr'><strong>Va—</strong></span> 
     </span>
     <span class='ocr_line' id='line_1_42' title="bbox 383 2292 1137 2326; baseline -0.001 -8"><span class='ocrx_word' id='word_1_221' title='bbox 383 2299 481 2323; x_wconf 81' lang='lat' dir='ltr'><strong>ticano,</strong></span> <span class='ocrx_word' id='word_1_222' title='bbox 503 2292 671 2326; x_wconf 74' lang='lat' dir='ltr'><strong>Bergomensi</strong></span> <span class='ocrx_word' id='word_1_223' title='bbox 693 2296 798 2325; x_wconf 76' lang='lat' dir='ltr'><strong>praeter</strong></span> <span class='ocrx_word' id='word_1_224' title='bbox 824 2300 907 2318; x_wconf 80' lang='lat' dir='ltr'><strong>annos</strong></span> <span class='ocrx_word' id='word_1_225' title='bbox 938 2299 956 2317; x_wconf 89' lang='grc' dir='ltr'><strong>ιι</strong></span> <span class='ocrx_word' id='word_1_226' title='bbox 984 2292 1137 2318; x_wconf 80' lang='lat' dir='ltr'><strong>tribuuntur</strong></span> 
     </span>
     <span class='ocr_line' id='line_1_43' title="bbox 383 2327 1137 2358; baseline -0.001 -4"><span class='ocrx_word' id='word_1_227' title='bbox 383 2328 488 2354; x_wconf 78' lang='lat' dir='ltr'><strong>loannis</strong></span> <span class='ocrx_word' id='word_1_228' title='bbox 505 2335 589 2353; x_wconf 84' lang='lat' dir='ltr'><strong>mens.</strong></span> <span class='ocrx_word' id='word_1_229' title='bbox 608 2335 666 2358; x_wconf 70' lang='lat' dir='ltr'><strong>viu,</strong></span> <span class='ocrx_word' id='word_1_230' title='bbox 685 2327 712 2352; x_wconf 82' lang='lat' dir='ltr'><strong>(l.</strong></span> <span class='ocrx_word' id='word_1_231' title='bbox 731 2335 787 2353; x_wconf 70' lang='lat' dir='ltr'><strong>xvi.</strong></span> <span class='ocrx_word' id='word_1_232' title='bbox 802 2327 946 2353; x_wconf 77' lang='lat' dir='ltr'><strong>Dediebus</strong></span> <span class='ocrx_word' id='word_1_233' title='bbox 956 2327 1137 2353; x_wconf 78' lang='lat' dir='ltr'><strong>difficultatem</strong></span> 
     </span>
     <span class='ocr_line' id='line_1_44' title="bbox 384 2362 1138 2395; baseline -0.001 -6"><span class='ocrx_word' id='word_1_234' title='bbox 384 2372 435 2389; x_wconf 78' lang='lat' dir='ltr'><strong>non</strong></span> <span class='ocrx_word' id='word_1_235' title='bbox 452 2362 592 2393; x_wconf 82' lang='lat' dir='ltr'><strong>habemus,</strong></span> <span class='ocrx_word' id='word_1_236' title='bbox 609 2369 670 2388; x_wconf 87' lang='lat' dir='ltr'><strong>cum</strong></span> <span class='ocrx_word' id='word_1_237' title='bbox 688 2362 897 2388; x_wconf 78' lang='lat' dir='ltr'><strong>numerationem</strong></span> <span class='ocrx_word' id='word_1_238' title='bbox 914 2362 1138 2395; x_wconf 77' lang='lat' dir='ltr'><strong>protraxerintad</strong></span> 
     </span>
     <span class='ocr_line' id='line_1_45' title="bbox 382 2397 1139 2431; baseline 0 -7"><span class='ocrx_word' id='word_1_239' title='bbox 382 2399 408 2424; x_wconf 85' lang='lat' dir='ltr'><strong>(l.</strong></span> <span class='ocrx_word' id='word_1_240' title='bbox 419 2398 453 2425; x_wconf 68' lang='lat'><strong>28</strong></span> <span class='ocrx_word' id='word_1_241' title='bbox 462 2397 610 2428; x_wconf 83' lang='lat' dir='ltr'><strong>maii,anno</strong></span> <span class='ocrx_word' id='word_1_242' title='bbox 627 2397 751 2431; x_wconf 51' lang='lat' dir='ltr'><strong>{iamqiio</strong></span> <span class='ocrx_word' id='word_1_243' title='bbox 767 2397 823 2423; x_wconf 83' lang='lat' dir='ltr'><strong>eius</strong></span> <span class='ocrx_word' id='word_1_244' title='bbox 839 2404 936 2431; x_wconf 81' lang='lat' dir='ltr'><strong>corpus</strong></span> <span class='ocrx_word' id='word_1_245' title='bbox 946 2398 1072 2424; x_wconf 71' lang='lat' dir='ltr'><strong>Ravenna</strong></span> <span class='ocrx_word' id='word_1_246' title='bbox 1086 2398 1139 2424; x_wconf 73' lang='lat' dir='ltr'><strong>lto-</strong></span> 
     </span>
     <span class='ocr_line' id='line_1_46' title="bbox 384 2432 1137 2466; baseline -0.001 -7"><span class='ocrx_word' id='word_1_247' title='bbox 384 2441 454 2459; x_wconf 88' lang='lat' dir='ltr'><strong>main</strong></span> <span class='ocrx_word' id='word_1_248' title='bbox 472 2433 638 2458; x_wconf 78' lang='lat' dir='ltr'><strong>translatum.</strong></span> <span class='ocrx_word' id='word_1_249' title='bbox 656 2432 706 2458; x_wconf 70' lang='lat' dir='ltr'><strong>Sed</strong></span> <span class='ocrx_word' id='word_1_250' title='bbox 724 2440 807 2466; x_wconf 84' lang='lat' dir='ltr'><strong>quare</strong></span> <span class='ocrx_word' id='word_1_251' title='bbox 824 2439 858 2458; x_wconf 89' lang='lat' dir='ltr'><strong>m.</strong></span> <span class='ocrx_word' id='word_1_252' title='bbox 874 2440 901 2457; x_wconf 77' lang='lat' dir='ltr'><strong>ix</strong></span> <span class='ocrx_word' id='word_1_253' title='bbox 914 2440 965 2458; x_wconf 91' lang='lat' dir='ltr'><strong>non</strong></span> <span class='ocrx_word' id='word_1_254' title='bbox 982 2432 1137 2466; x_wconf 75' lang='lat' dir='ltr'><strong>scripserint</strong></span> 
     </span>
     <span class='ocr_line' id='line_1_47' title="bbox 387 2468 1139 2502; baseline 0 -8"><span class='ocrx_word' id='word_1_255' title='bbox 387 2476 497 2502; x_wconf 85' lang='lat' dir='ltr'><strong>prorsus</strong></span> <span class='ocrx_word' id='word_1_256' title='bbox 517 2468 668 2501; x_wconf 77' lang='lat' dir='ltr'><strong>ignoramus</strong></span> <span class='ocrx_word' id='word_1_257' title='bbox 687 2475 748 2493; x_wconf 86' lang='lat' dir='ltr'><strong>cum</strong></span> <span class='ocrx_word' id='word_1_258' title='bbox 773 2468 937 2501; x_wconf 80' lang='lat' dir='ltr'><strong>computanti</strong></span> <span class='ocrx_word' id='word_1_259' title='bbox 962 2472 1051 2502; x_wconf 85' lang='lat' dir='ltr'><strong>pateat</strong></span> <span class='ocrx_word' id='word_1_260' title='bbox 1071 2476 1085 2493; x_wconf 88' lang='lat' dir='ltr'><strong>a</strong></span> <span class='ocrx_word' id='word_1_261' title='bbox 1108 2469 1139 2494; x_wconf 82' lang='lat'><strong>15</strong></span> 
     </span>
     <span class='ocr_line' id='line_1_48' title="bbox 383 2502 1137 2537; baseline 0.001 -9"><span class='ocrx_word' id='word_1_262' title='bbox 383 2503 486 2537; x_wconf 71' lang='lat' dir='ltr'><strong>angusti</strong></span> <span class='ocrx_word' id='word_1_263' title='bbox 502 2503 534 2529; x_wconf 88' lang='lat' dir='ltr'><strong>ad</strong></span> <span class='ocrx_word' id='word_1_264' title='bbox 555 2503 585 2528; x_wconf 81' lang='lat'><strong>15</strong></span> <span class='ocrx_word' id='word_1_265' title='bbox 602 2502 660 2528; x_wconf 87' lang='lat' dir='ltr'><strong>maii</strong></span> <span class='ocrx_word' id='word_1_266' title='bbox 673 2502 809 2536; x_wconf 74' lang='lat' dir='ltr'><strong>sequentis</strong></span> <span class='ocrx_word' id='word_1_267' title='bbox 819 2502 880 2527; x_wconf 91' lang='lat' dir='ltr'><strong>anni</strong></span> <span class='ocrx_word' id='word_1_268' title='bbox 898 2503 1030 2528; x_wconf 82' lang='lat' dir='ltr'><strong>numerari</strong></span> <span class='ocrx_word' id='word_1_269' title='bbox 1048 2510 1083 2528; x_wconf 88' lang='lat' dir='ltr'><strong>m.</strong></span> <span class='ocrx_word' id='word_1_270' title='bbox 1097 2511 1137 2535; x_wconf 77' lang='lat' dir='ltr'><strong>ix,</strong></span> 
     </span>
     <span class='ocr_line' id='line_1_49' title="bbox 382 2537 1137 2572; baseline 0.001 -8"><span class='ocrx_word' id='word_1_271' title='bbox 382 2544 406 2564; x_wconf 74' lang='lat' dir='ltr'><strong>et</strong></span> <span class='ocrx_word' id='word_1_272' title='bbox 425 2544 513 2564; x_wconf 88' lang='lat' dir='ltr'><strong>tamen</strong></span> <span class='ocrx_word' id='word_1_273' title='bbox 530 2538 585 2572; x_wconf 69' lang='lat' dir='ltr'><strong>ipse</strong></span> <span class='ocrx_word' id='word_1_274' title='bbox 602 2537 633 2563; x_wconf 91' lang='lat' dir='ltr'><strong>V.</strong></span> <span class='ocrx_word' id='word_1_275' title='bbox 651 2538 690 2563; x_wconf 92' lang='lat' dir='ltr'><strong>Cl.</strong></span> <span class='ocrx_word' id='word_1_276' title='bbox 713 2537 871 2563; x_wconf 83' lang='lat' dir='ltr'><strong>Blanchinus</strong></span> <span class='ocrx_word' id='word_1_277' title='bbox 887 2537 998 2564; x_wconf 80' lang='lat' dir='ltr'><strong>fortasse</strong></span> <span class='ocrx_word' id='word_1_278' title='bbox 1017 2538 1065 2564; x_wconf 84' lang='lat' dir='ltr'><strong>hoc</strong></span> <span class='ocrx_word' id='word_1_279' title='bbox 1085 2546 1137 2565; x_wconf 92' lang='lat' dir='ltr'><strong>nou</strong></span> 
     </span>
     <span class='ocr_line' id='line_1_50' title="bbox 384 2573 1139 2606; baseline 0.003 -9"><span class='ocrx_word' id='word_1_280' title='bbox 384 2574 526 2599; x_wconf 59' lang='grc' dir='ltr'><strong>Δκιιόιῑοιιε</strong></span> <span class='ocrx_word' id='word_1_281' title='bbox 544 2574 568 2598; x_wconf 90' lang='lat' dir='ltr'><strong>in</strong></span> <span class='ocrx_word' id='word_1_282' title='bbox 586 2573 690 2603; x_wconf 56' lang='lat' dir='ltr'><strong>Anast„</strong></span> <span class='ocrx_word' id='word_1_283' title='bbox 710 2577 729 2598; x_wconf 88' lang='lat' dir='ltr'><strong>t.</strong></span> <span class='ocrx_word' id='word_1_284' title='bbox 749 2580 789 2604; x_wconf 86' lang='grc' dir='ltr'>ιιι,</span> <span class='ocrx_word' id='word_1_285' title='bbox 813 2580 872 2606; x_wconf 78' lang='lat' dir='ltr'><strong>pag.</strong></span> <span class='ocrx_word' id='word_1_286' title='bbox 899 2573 962 2603; x_wconf 59' lang='lat' dir='ltr'><strong>filit),</strong></span> <span class='ocrx_word' id='word_1_287' title='bbox 993 2577 1080 2599; x_wconf 75' lang='lat' dir='ltr'><strong>notata</strong></span> <span class='ocrx_word' id='word_1_288' title='bbox 1107 2573 1139 2599; x_wconf 88' lang='lat' dir='ltr'><strong>‹le</strong></span> 
     </span>
     <span class='ocr_line' id='line_1_51' title="bbox 385 2607 1138 2641; baseline 0.003 -9"><span class='ocrx_word' id='word_1_289' title='bbox 385 2609 478 2634; x_wconf 65' lang='lat' dir='ltr'><strong>:liebus</strong></span> <span class='ocrx_word' id='word_1_290' title='bbox 498 2607 644 2633; x_wconf 76' lang='lat' dir='ltr'><strong>differentia</strong></span> <span class='ocrx_word' id='word_1_291' title='bbox 668 2607 748 2633; x_wconf 83' lang='lat' dir='ltr'><strong>dicit:</strong></span> <span class='ocrx_word' id='word_1_292' title='bbox 767 2622 797 2626; x_wconf 90' lang='lat'>—</span> <span class='ocrx_word' id='word_1_293' title='bbox 819 2607 885 2633; x_wconf 87' lang='lat' dir='ltr'><strong>Sunt</strong></span> <span class='ocrx_word' id='word_1_294' title='bbox 904 2607 982 2641; x_wconf 68' lang='lat' dir='ltr'><strong>igitur</strong></span> <span class='ocrx_word' id='word_1_295' title='bbox 1005 2616 1098 2633; x_wconf 68' lang='lat' dir='ltr'><strong>revera</strong></span> <span class='ocrx_word' id='word_1_296' title='bbox 1125 2616 1138 2634; x_wconf 84' lang='lat' dir='ltr'><strong>a</strong></span> 
     </span>
     <span class='ocr_line' id='line_1_52' title="bbox 385 2642 1137 2676; baseline 0.005 -10"><span class='ocrx_word' id='word_1_297' title='bbox 385 2644 426 2668; x_wconf 70' lang='lat' dir='ltr'><strong>iht-</strong></span> <span class='ocrx_word' id='word_1_298' title='bbox 441 2643 614 2668; x_wconf 67' lang='lat' dir='ltr'><strong>ordinationis</strong></span> <span class='ocrx_word' id='word_1_299' title='bbox 634 2642 664 2668; x_wconf 79' lang='lat'><strong>¹5</strong></span> <span class='ocrx_word' id='word_1_300' title='bbox 684 2643 787 2676; x_wconf 65' lang='lat' dir='ltr'><strong>augusti</strong></span> <span class='ocrx_word' id='word_1_301' title='bbox 813 2643 912 2668; x_wconf 66' lang='lat' dir='ltr'><strong>5252n1</strong></span> <span class='ocrx_word' id='word_1_302' title='bbox 931 2642 1001 2669; x_wconf 73' lang='lat' dir='ltr'><strong>diem</strong></span> <span class='ocrx_word' id='word_1_303' title='bbox 1026 2644 1057 2670; x_wconf 78' lang='lat' dir='ltr'><strong>ts</strong></span> <span class='ocrx_word' id='word_1_304' title='bbox 1077 2643 1137 2670; x_wconf 79' lang='lat' dir='ltr'><strong>maii</strong></span> 
     </span>
     <span class='ocr_line' id='line_1_53' title="bbox 386 2678 945 2711; baseline 0.004 -8"><span class='ocrx_word' id='word_1_305' title='bbox 386 2678 435 2703; x_wconf 68' lang='lat'><strong>{220</strong></span> <span class='ocrx_word' id='word_1_306' title='bbox 455 2683 518 2710; x_wconf 67' lang='lat' dir='ltr'><strong>etc„</strong></span> <span class='ocrx_word' id='word_1_307' title='bbox 536 2678 598 2705; x_wconf 79' lang='lat' dir='ltr'><strong>anni</strong></span> <span class='ocrx_word' id='word_1_308' title='bbox 615 2685 645 2711; x_wconf 87' lang='grc' dir='ltr'><strong>ιι,</strong></span> <span class='ocrx_word' id='word_1_309' title='bbox 663 2686 748 2705; x_wconf 82' lang='lat' dir='ltr'><strong>mens.</strong></span> <span class='ocrx_word' id='word_1_310' title='bbox 767 2685 827 2711; x_wconf 80' lang='lat' dir='ltr'><strong>vui,</strong></span> <span class='ocrx_word' id='word_1_311' title='bbox 843 2678 900 2705; x_wconf 79' lang='lat' dir='ltr'><strong>dies</strong></span> <span class='ocrx_word' id='word_1_312' title='bbox 917 2685 945 2705; x_wconf 78' lang='lat' dir='ltr'><strong>v.</strong></span> 
     </span>
    </p>
   </div>
   <div class='ocr_carea' id='block_1_15' title="bbox 1328 265 1341 278">
    <p class='ocr_par' dir='ltr' id='par_1_15' title="bbox 1328 265 1341 278">
     <span class='ocr_line' id='line_1_54' title="bbox 1328 265 1341 278; baseline 0 0"><span class='ocrx_word' id='word_1_313' title='bbox 1328 265 1341 278; x_wconf 65' lang='lat' dir='ltr'>k</span> 
     </span>
    </p>
   </div>
   <div class='ocr_carea' id='block_1_16' title="bbox 1013 311 1397 336">
    <p class='ocr_par' dir='ltr' id='par_1_16' title="bbox 1013 311 1397 336">
     <span class='ocr_line' id='line_1_55' title="bbox 1013 311 1397 336; baseline -0.005 0"><span class='ocrx_word' id='word_1_314' title='bbox 1013 312 1205 336; x_wconf 71' lang='lat' dir='ltr'><strong>BULLARmM</strong></span> <span class='ocrx_word' id='word_1_315' title='bbox 1231 311 1397 335; x_wconf 71' lang='lat' dir='ltr'>ROMANUM</span> 
     </span>
    </p>
   </div>
   <div class='ocr_carea' id='block_1_17' title="bbox 1405 361 1712 414">
    <p class='ocr_par' dir='ltr' id='par_1_17' title="bbox 1405 361 1712 414">
     <span class='ocr_line' id='line_1_56' title="bbox 1405 361 1712 414; baseline -0.013 0"><span class='ocrx_word' id='word_1_316' title='bbox 1405 365 1441 414; x_wconf 87' lang='lat' dir='ltr'><strong>S.</strong></span> <span class='ocrx_word' id='word_1_317' title='bbox 1478 361 1633 413; x_wconf 81' lang='lat' dir='ltr'><strong>FELlX</strong></span> <span class='ocrx_word' id='word_1_318' title='bbox 1666 361 1712 411; x_wconf 86' lang='lat'><strong>111</strong></span> 
     </span>
    </p>
   </div>
   <div class='ocr_carea' id='block_1_18' title="bbox 1229 442 1883 538">
    <p class='ocr_par' dir='ltr' id='par_1_18' title="bbox 1229 442 1883 538">
     <span class='ocr_line' id='line_1_57' title="bbox 1289 442 1827 481; baseline -0.006 -5"><span class='ocrx_word' id='word_1_319' title='bbox 1289 445 1418 476; x_wconf 88' lang='lat' dir='ltr'>DICTUS</span> <span class='ocrx_word' id='word_1_320' title='bbox 1440 443 1621 481; x_wconf 72' lang='lat' dir='ltr'><strong>QUARTUS,</strong></span> <span class='ocrx_word' id='word_1_321' title='bbox 1642 443 1735 473; x_wconf 80' lang='lat' dir='ltr'>PAPA</span> <span class='ocrx_word' id='word_1_322' title='bbox 1758 442 1827 473; x_wconf 87' lang='lat' dir='ltr'><strong>Lvl.</strong></span> 
     </span>
     <span class='ocr_line' id='line_1_58' title="bbox 1229 501 1883 538; baseline -0.006 0"><span class='ocrx_word' id='word_1_323' title='bbox 1229 505 1323 538; x_wconf 84' lang='lat' dir='ltr'><strong>Anno</strong></span> <span class='ocrx_word' id='word_1_324' title='bbox 1344 515 1435 538; x_wconf 81' lang='lat' dir='ltr'><strong>aerae</strong></span> <span class='ocrx_word' id='word_1_325' title='bbox 1458 502 1574 536; x_wconf 75' lang='lat' dir='ltr'><strong>Christi</strong></span> <span class='ocrx_word' id='word_1_326' title='bbox 1592 513 1700 535; x_wconf 85' lang='lat' dir='ltr'><strong>comm.</strong></span> <span class='ocrx_word' id='word_1_327' title='bbox 1728 501 1883 534; x_wconf 64' lang='lat' dir='ltr'><strong>Dxn&#39;l.</strong></span> 
     </span>
    </p>
   </div>
   <div class='ocr_carea' id='block_1_19' title="bbox 1178 582 1936 1238">
    <p class='ocr_par' dir='ltr' id='par_1_19' title="bbox 1178 582 1936 1238">
     <span class='ocr_line' id='line_1_59' title="bbox 1181 582 1932 657; baseline -0.005 -7"><span class='ocrx_word' id='word_1_328' title='bbox 1181 582 1301 657; x_wconf 78' lang='lat' dir='ltr'><strong>Felix,</strong></span> <span class='ocrx_word' id='word_1_329' title='bbox 1324 615 1452 650; x_wconf 86' lang='lat' dir='ltr'><strong>natione</strong></span> <span class='ocrx_word' id='word_1_330' title='bbox 1487 613 1644 653; x_wconf 78' lang='lat' dir='ltr'><strong>samnius,</strong></span> <span class='ocrx_word' id='word_1_331' title='bbox 1672 610 1757 647; x_wconf 88' lang='lat' dir='ltr'><strong>filius</strong></span> <span class='ocrx_word' id='word_1_332' title='bbox 1779 611 1932 652; x_wconf 89' lang='lat' dir='ltr'><strong>Castorii,</strong></span> 
     </span>
     <span class='ocr_line' id='line_1_60' title="bbox 1180 660 1935 700; baseline -0.003 -2"><span class='ocrx_word' id='word_1_333' title='bbox 1180 665 1343 700; x_wconf 84' lang='lat' dir='ltr'><strong>ordinatus</strong></span> <span class='ocrx_word' id='word_1_334' title='bbox 1360 664 1411 698; x_wconf 90' lang='lat' dir='ltr'><strong>die</strong></span> <span class='ocrx_word' id='word_1_335' title='bbox 1429 663 1588 697; x_wconf 87' lang='lat' dir='ltr'><strong>dominica</strong></span> <span class='ocrx_word' id='word_1_336' title='bbox 1610 665 1633 695; x_wconf 77' lang='lat'>4</span> <span class='ocrx_word' id='word_1_337' title='bbox 1667 660 1739 696; x_wconf 94' lang='lat' dir='ltr'><strong>idus</strong></span> <span class='ocrx_word' id='word_1_338' title='bbox 1759 660 1827 696; x_wconf 93' lang='lat' dir='ltr'><strong>iulii</strong></span> <span class='ocrx_word' id='word_1_339' title='bbox 1850 673 1935 696; x_wconf 87' lang='lat' dir='ltr'><strong>anno</strong></span> 
     </span>
     <span class='ocr_line' id='line_1_61' title="bbox 1181 709 1934 754; baseline -0.004 -6"><span class='ocrx_word' id='word_1_340' title='bbox 1181 715 1268 753; x_wconf 74' lang='lat'><strong>5⁵26,</strong></span> <span class='ocrx_word' id='word_1_341' title='bbox 1295 713 1376 748; x_wconf 89' lang='lat' dir='ltr'><strong>sedit</strong></span> <span class='ocrx_word' id='word_1_342' title='bbox 1398 724 1499 747; x_wconf 88' lang='lat' dir='ltr'><strong>annos</strong></span> <span class='ocrx_word' id='word_1_343' title='bbox 1521 723 1568 751; x_wconf 79' lang='grc' dir='ltr'><strong>ιν,</strong></span> <span class='ocrx_word' id='word_1_344' title='bbox 1594 721 1697 745; x_wconf 88' lang='lat' dir='ltr'><strong>mens.</strong></span> <span class='ocrx_word' id='word_1_345' title='bbox 1719 722 1758 754; x_wconf 90' lang='lat'><strong>11,</strong></span> <span class='ocrx_word' id='word_1_346' title='bbox 1780 709 1848 745; x_wconf 92' lang='lat' dir='ltr'><strong>dies</strong></span> <span class='ocrx_word' id='word_1_347' title='bbox 1869 722 1934 745; x_wconf 83' lang='lat' dir='ltr'><strong>xul</strong></span> 
     </span>
     <span class='ocr_line' id='line_1_62' title="bbox 1179 758 1935 807; baseline -0.005 -10"><span class='ocrx_word' id='word_1_348' title='bbox 1179 763 1239 797; x_wconf 91' lang='lat' dir='ltr'><strong>sub</strong></span> <span class='ocrx_word' id='word_1_349' title='bbox 1271 762 1446 797; x_wconf 90' lang='lat' dir='ltr'><strong>Iustiniano</strong></span> <span class='ocrx_word' id='word_1_350' title='bbox 1485 761 1656 807; x_wconf 83' lang='lat' dir='ltr'><strong>Augusto,</strong></span> <span class='ocrx_word' id='word_1_351' title='bbox 1684 767 1715 795; x_wconf 91' lang='lat' dir='ltr'><strong>et</strong></span> <span class='ocrx_word' id='word_1_352' title='bbox 1752 758 1935 794; x_wconf 84' lang='lat' dir='ltr'><strong>Athalarico</strong></span> 
     </span>
     <span class='ocr_line' id='line_1_63' title="bbox 1181 807 1935 857; baseline -0.005 -11"><span class='ocrx_word' id='word_1_353' title='bbox 1181 823 1252 857; x_wconf 85' lang='lat' dir='ltr'><strong>rege</strong></span> <span class='ocrx_word' id='word_1_354' title='bbox 1286 823 1303 846; x_wconf 91' lang='lat' dir='ltr'><strong>a</strong></span> <span class='ocrx_word' id='word_1_355' title='bbox 1338 823 1403 845; x_wconf 90' lang='lat' dir='ltr'><strong>cos.</strong></span> <span class='ocrx_word' id='word_1_356' title='bbox 1436 809 1591 845; x_wconf 88' lang='lat' dir='ltr'><strong>Mavortio</strong></span> <span class='ocrx_word' id='word_1_357' title='bbox 1626 808 1695 844; x_wconf 89' lang='lat' dir='ltr'><strong>sine</strong></span> <span class='ocrx_word' id='word_1_358' title='bbox 1733 808 1855 854; x_wconf 82' lang='lat' dir='ltr'><strong>collega</strong></span> <span class='ocrx_word' id='word_1_359' title='bbox 1895 807 1935 842; x_wconf 91' lang='lat' dir='ltr'><strong>ad</strong></span> 
     </span>
     <span class='ocr_line' id='line_1_64' title="bbox 1179 856 1936 907; baseline -0.004 -13"><span class='ocrx_word' id='word_1_360' title='bbox 1179 860 1387 907; x_wconf 87' lang='lat' dir='ltr'><strong>Lampadium</strong></span> <span class='ocrx_word' id='word_1_361' title='bbox 1405 886 1413 900; x_wconf 84' lang='lat'><strong>,</strong></span> <span class='ocrx_word' id='word_1_362' title='bbox 1441 868 1472 894; x_wconf 90' lang='lat' dir='ltr'><strong>et</strong></span> <span class='ocrx_word' id='word_1_363' title='bbox 1498 858 1646 894; x_wconf 78' lang='lat' dir='ltr'><strong>Orestem</strong></span> <span class='ocrx_word' id='word_1_364' title='bbox 1668 869 1749 892; x_wconf 85' lang='lat' dir='ltr'><strong>coss.</strong></span> <span class='ocrx_word' id='word_1_365' title='bbox 1772 856 1864 892; x_wconf 88' lang='lat' dir='ltr'><strong>Fecit</strong></span> <span class='ocrx_word' id='word_1_366' title='bbox 1883 869 1936 892; x_wconf 87' lang='lat' dir='ltr'><strong>or·-</strong></span> 
     </span>
     <span class='ocr_line' id='line_1_65' title="bbox 1179 906 1935 955; baseline -0.004 -12"><span class='ocrx_word' id='word_1_367' title='bbox 1179 909 1358 944; x_wconf 90' lang='lat' dir='ltr'><strong>dinationes</strong></span> <span class='ocrx_word' id='word_1_368' title='bbox 1380 909 1459 943; x_wconf 91' lang='lat' dir='ltr'><strong>duas</strong></span> <span class='ocrx_word' id='word_1_369' title='bbox 1480 920 1537 955; x_wconf 86' lang='lat' dir='ltr'><strong>per</strong></span> <span class='ocrx_word' id='word_1_370' title='bbox 1563 919 1690 942; x_wconf 87' lang='lat' dir='ltr'><strong>menses</strong></span> <span class='ocrx_word' id='word_1_371' title='bbox 1726 906 1875 941; x_wconf 84' lang='lat' dir='ltr'><strong>februarii</strong></span> <span class='ocrx_word' id='word_1_372' title='bbox 1904 915 1935 940; x_wconf 89' lang='lat' dir='ltr'><strong>et</strong></span> 
     </span>
     <span class='ocr_line' id='line_1_66' title="bbox 1179 955 1936 1005; baseline -0.004 -13"><span class='ocrx_word' id='word_1_373' title='bbox 1179 958 1282 993; x_wconf 90' lang='lat' dir='ltr'><strong>martii</strong></span> <span class='ocrx_word' id='word_1_374' title='bbox 1306 957 1563 1005; x_wconf 74' lang='lat' dir='ltr'><strong>presbyterorum</strong></span> <span class='ocrx_word' id='word_1_375' title='bbox 1585 955 1817 1003; x_wconf 83' lang='lat' dir='ltr'><strong>quinquaginta</strong></span> <span class='ocrx_word' id='word_1_376' title='bbox 1839 955 1936 1002; x_wconf 88' lang='lat' dir='ltr'><strong>quin-</strong></span> 
     </span>
     <span class='ocr_line' id='line_1_67' title="bbox 1179 1005 1936 1053; baseline -0.004 -12"><span class='ocrx_word' id='word_1_377' title='bbox 1179 1019 1251 1053; x_wconf 87' lang='lat' dir='ltr'><strong>que,</strong></span> <span class='ocrx_word' id='word_1_378' title='bbox 1265 1007 1473 1042; x_wconf 88' lang='lat' dir='ltr'><strong>diaconorum</strong></span> <span class='ocrx_word' id='word_1_379' title='bbox 1488 1014 1641 1053; x_wconf 86' lang='lat' dir='ltr'><strong>quatuor:</strong></span> <span class='ocrx_word' id='word_1_380' title='bbox 1667 1005 1838 1052; x_wconf 88' lang='lat' dir='ltr'><strong>episcopos</strong></span> <span class='ocrx_word' id='word_1_381' title='bbox 1861 1016 1936 1039; x_wconf 88' lang='lat' dir='ltr'><strong>vero</strong></span> 
     </span>
     <span class='ocr_line' id='line_1_68' title="bbox 1178 1054 1935 1103; baseline -0.005 -12"><span class='ocrx_word' id='word_1_382' title='bbox 1178 1068 1235 1103; x_wconf 90' lang='lat' dir='ltr'><strong>per</strong></span> <span class='ocrx_word' id='word_1_383' title='bbox 1261 1056 1384 1091; x_wconf 84' lang='lat' dir='ltr'><strong>diversa</strong></span> <span class='ocrx_word' id='word_1_384' title='bbox 1410 1056 1478 1090; x_wconf 89' lang='lat' dir='ltr'><strong>loca</strong></span> <span class='ocrx_word' id='word_1_385' title='bbox 1515 1055 1631 1090; x_wconf 89' lang='lat' dir='ltr'><strong>creavit</strong></span> <span class='ocrx_word' id='word_1_386' title='bbox 1664 1065 1798 1089; x_wconf 89' lang='lat' dir='ltr'><strong>numero</strong></span> <span class='ocrx_word' id='word_1_387' title='bbox 1826 1054 1935 1099; x_wconf 84' lang='lat' dir='ltr'><strong>viginti</strong></span> 
     </span>
     <span class='ocr_line' id='line_1_69' title="bbox 1179 1103 1936 1149; baseline -0.001 -11"><span class='ocrx_word' id='word_1_388' title='bbox 1179 1117 1304 1140; x_wconf 79' lang='lat' dir='ltr'><strong>novem.</strong></span> <span class='ocrx_word' id='word_1_389' title='bbox 1327 1103 1414 1140; x_wconf 87' lang='lat' dir='ltr'><strong>Obiit</strong></span> <span class='ocrx_word' id='word_1_390' title='bbox 1438 1106 1485 1139; x_wconf 76' lang='lat'><strong>25</strong></span> <span class='ocrx_word' id='word_1_391' title='bbox 1507 1103 1697 1149; x_wconf 77' lang='lat' dir='ltr'><strong>septembris</strong></span> <span class='ocrx_word' id='word_1_392' title='bbox 1729 1115 1814 1138; x_wconf 90' lang='lat' dir='ltr'><strong>auno</strong></span> <span class='ocrx_word' id='word_1_393' title='bbox 1852 1104 1936 1145; x_wconf 77' lang='lat'><strong>550,</strong></span> 
     </span>
     <span class='ocr_line' id='line_1_70' title="bbox 1178 1152 1936 1201; baseline -0.004 -13"><span class='ocrx_word' id='word_1_394' title='bbox 1178 1155 1385 1201; x_wconf 85' lang='lat' dir='ltr'><strong>sepultusque</strong></span> <span class='ocrx_word' id='word_1_395' title='bbox 1411 1162 1458 1188; x_wconf 86' lang='lat' dir='ltr'><strong>est</strong></span> <span class='ocrx_word' id='word_1_396' title='bbox 1475 1154 1504 1187; x_wconf 89' lang='lat' dir='ltr'><strong>in</strong></span> <span class='ocrx_word' id='word_1_397' title='bbox 1526 1153 1662 1188; x_wconf 85' lang='lat' dir='ltr'><strong>Basilica</strong></span> <span class='ocrx_word' id='word_1_398' title='bbox 1683 1152 1721 1187; x_wconf 89' lang='lat' dir='ltr'><strong>B.</strong></span> <span class='ocrx_word' id='word_1_399' title='bbox 1742 1152 1827 1187; x_wconf 82' lang='lat' dir='ltr'><strong>Petri</strong></span> <span class='ocrx_word' id='word_1_400' title='bbox 1850 1164 1936 1198; x_wconf 87' lang='lat' dir='ltr'><strong>apo—</strong></span> 
     </span>
     <span class='ocr_line' id='line_1_71' title="bbox 1178 1200 1936 1238; baseline -0.004 0"><span class='ocrx_word' id='word_1_401' title='bbox 1178 1203 1250 1238; x_wconf 86' lang='lat' dir='ltr'><strong>stoli</strong></span> <span class='ocrx_word' id='word_1_402' title='bbox 1270 1207 1292 1238; x_wconf 78' lang='lat'><strong>4</strong></span> <span class='ocrx_word' id='word_1_403' title='bbox 1311 1204 1382 1238; x_wconf 89' lang='lat' dir='ltr'><strong>idus</strong></span> <span class='ocrx_word' id='word_1_404' title='bbox 1397 1202 1546 1238; x_wconf 82' lang='lat' dir='ltr'><strong>octobris.</strong></span> <span class='ocrx_word' id='word_1_405' title='bbox 1561 1201 1796 1237; x_wconf 77' lang='lat' dir='ltr'><strong>Vacavitsedes</strong></span> <span class='ocrx_word' id='word_1_406' title='bbox 1807 1200 1936 1236; x_wconf 80' lang='lat' dir='ltr'><strong>diesin.</strong></span> 
     </span>
    </p>
   </div>
   <div class='ocr_carea' id='block_1_20' title="bbox 1363 1401 1749 1522">
    <p class='ocr_par' dir='ltr' id='par_1_20' title="bbox 1363 1401 1749 1522">
     <span class='ocr_line' id='line_1_72' title="bbox 1363 1401 1749 1452; baseline -0.003 -1"><span class='ocrx_word' id='word_1_407' title='bbox 1363 1402 1398 1452; x_wconf 80' lang='lat' dir='ltr'><strong>S.</strong></span> <span class='ocrx_word' id='word_1_408' title='bbox 1436 1401 1688 1451; x_wconf 69' lang='lat' dir='ltr'>RONIFACIUS</span> <span class='ocrx_word' id='word_1_409' title='bbox 1720 1401 1749 1450; x_wconf 92' lang='lat' dir='ltr'><strong>ll</strong></span> 
     </span>
     <span class='ocr_line' id='line_1_73' title="bbox 1457 1492 1663 1522; baseline 0 0"><span class='ocrx_word' id='word_1_410' title='bbox 1457 1493 1552 1522; x_wconf 66' lang='lat' dir='ltr'><strong>nint</strong></span> <span class='ocrx_word' id='word_1_411' title='bbox 1581 1492 1663 1522; x_wconf 75' lang='lat' dir='ltr'><strong>Lvu.</strong></span> 
     </span>
    </p>
   </div>
   <div class='ocr_carea' id='block_1_21' title="bbox 1235 1560 1878 1594">
    <p class='ocr_par' dir='ltr' id='par_1_21' title="bbox 1235 1560 1878 1594">
     <span class='ocr_line' id='line_1_74' title="bbox 1235 1560 1878 1594; baseline 0 -1"><span class='ocrx_word' id='word_1_412' title='bbox 1235 1563 1327 1594; x_wconf 74' lang='lat' dir='ltr'><strong>Anno</strong></span> <span class='ocrx_word' id='word_1_413' title='bbox 1349 1571 1438 1594; x_wconf 79' lang='lat' dir='ltr'><strong>aerae</strong></span> <span class='ocrx_word' id='word_1_414' title='bbox 1464 1560 1579 1593; x_wconf 72' lang='lat' dir='ltr'><strong>Christi</strong></span> <span class='ocrx_word' id='word_1_415' title='bbox 1603 1571 1712 1593; x_wconf 81' lang='lat' dir='ltr'><strong>comm.</strong></span> <span class='ocrx_word' id='word_1_416' title='bbox 1741 1560 1878 1593; x_wconf 74' lang='lat' dir='ltr'><strong>DXXX.</strong></span> 
     </span>
    </p>
   </div>
   <div class='ocr_carea' id='block_1_22' title="bbox 1177 1644 1937 2699">
    <p class='ocr_par' dir='ltr' id='par_1_22' title="bbox 1177 1644 1936 2160">
     <span class='ocr_line' id='line_1_75' title="bbox 1180 1644 1935 1723; baseline -0.003 -4"><span class='ocrx_word' id='word_1_417' title='bbox 1180 1644 1387 1723; x_wconf 70' lang='lat' dir='ltr'><strong>Bonisaeius</strong></span> <span class='ocrx_word' id='word_1_418' title='bbox 1397 1682 1935 1723; x_wconf 82' lang='lat' dir='ltr'><strong>dictuslunior,natioueromanus,</strong></span> 
     </span>
     <span class='ocr_line' id='line_1_76' title="bbox 1179 1731 1935 1779; baseline 0 -13"><span class='ocrx_word' id='word_1_419' title='bbox 1179 1733 1262 1768; x_wconf 84' lang='lat' dir='ltr'><strong>filius</strong></span> <span class='ocrx_word' id='word_1_420' title='bbox 1280 1732 1450 1779; x_wconf 87' lang='lat' dir='ltr'><strong>Sigibuldi,</strong></span> <span class='ocrx_word' id='word_1_421' title='bbox 1467 1732 1586 1767; x_wconf 83' lang='lat' dir='ltr'><strong>electus</strong></span> <span class='ocrx_word' id='word_1_422' title='bbox 1604 1731 1654 1767; x_wconf 90' lang='lat' dir='ltr'><strong>die</strong></span> <span class='ocrx_word' id='word_1_423' title='bbox 1669 1735 1715 1767; x_wconf 76' lang='lat'><strong>28</strong></span> <span class='ocrx_word' id='word_1_424' title='bbox 1731 1731 1935 1778; x_wconf 77' lang='lat' dir='ltr'><strong>septembris,</strong></span> 
     </span>
     <span class='ocr_line' id='line_1_77' title="bbox 1178 1780 1936 1829; baseline -0.003 -13"><span class='ocrx_word' id='word_1_425' title='bbox 1178 1790 1208 1816; x_wconf 85' lang='lat' dir='ltr'><strong>et</strong></span> <span class='ocrx_word' id='word_1_426' title='bbox 1242 1781 1387 1829; x_wconf 89' lang='lat' dir='ltr'><strong>sequenti</strong></span> <span class='ocrx_word' id='word_1_427' title='bbox 1418 1781 1471 1816; x_wconf 91' lang='lat' dir='ltr'><strong>die</strong></span> <span class='ocrx_word' id='word_1_428' title='bbox 1497 1780 1655 1816; x_wconf 84' lang='lat' dir='ltr'><strong>dominica</strong></span> <span class='ocrx_word' id='word_1_429' title='bbox 1688 1781 1855 1816; x_wconf 87' lang='lat' dir='ltr'><strong>ordinatus</strong></span> <span class='ocrx_word' id='word_1_430' title='bbox 1888 1789 1936 1816; x_wconf 87' lang='lat' dir='ltr'><strong>est</strong></span> 
     </span>
     <span class='ocr_line' id='line_1_78' title="bbox 1179 1829 1932 1878; baseline -0.003 -12"><span class='ocrx_word' id='word_1_431' title='bbox 1179 1843 1328 1866; x_wconf 87' lang='lat' dir='ltr'><strong>romanus</strong></span> <span class='ocrx_word' id='word_1_432' title='bbox 1344 1830 1485 1878; x_wconf 85' lang='lat' dir='ltr'><strong>pontifex</strong></span> <span class='ocrx_word' id='word_1_433' title='bbox 1494 1841 1579 1864; x_wconf 92' lang='lat' dir='ltr'><strong>anno</strong></span> <span class='ocrx_word' id='word_1_434' title='bbox 1591 1832 1672 1865; x_wconf 80' lang='lat'><strong>550.</strong></span> <span class='ocrx_word' id='word_1_435' title='bbox 1682 1829 1773 1865; x_wconf 90' lang='lat' dir='ltr'><strong>Sedit</strong></span> <span class='ocrx_word' id='word_1_436' title='bbox 1787 1841 1932 1873; x_wconf 84' lang='lat' dir='ltr'><strong>annosn,</strong></span> 
     </span>
     <span class='ocr_line' id='line_1_79' title="bbox 1179 1878 1935 1926; baseline -0.001 -12"><span class='ocrx_word' id='word_1_437' title='bbox 1179 1880 1246 1916; x_wconf 86' lang='lat' dir='ltr'><strong>dies</strong></span> <span class='ocrx_word' id='word_1_438' title='bbox 1268 1892 1363 1924; x_wconf 72' lang='lat' dir='ltr'><strong>xxvt,</strong></span> <span class='ocrx_word' id='word_1_439' title='bbox 1385 1879 1445 1914; x_wconf 89' lang='lat' dir='ltr'><strong>sub</strong></span> <span class='ocrx_word' id='word_1_440' title='bbox 1477 1879 1653 1914; x_wconf 85' lang='lat' dir='ltr'><strong>Iustiniauo</strong></span> <span class='ocrx_word' id='word_1_441' title='bbox 1679 1879 1762 1926; x_wconf 82' lang='lat' dir='ltr'><strong>Aug.</strong></span> <span class='ocrx_word' id='word_1_442' title='bbox 1786 1887 1817 1914; x_wconf 90' lang='lat' dir='ltr'><strong>et</strong></span> <span class='ocrx_word' id='word_1_443' title='bbox 1836 1878 1935 1914; x_wconf 89' lang='lat' dir='ltr'><strong>Atha·</strong></span> 
     </span>
     <span class='ocr_line' id='line_1_80' title="bbox 1178 1927 1935 1975; baseline -0.003 -11"><span class='ocrx_word' id='word_1_444' title='bbox 1178 1929 1275 1964; x_wconf 85' lang='lat' dir='ltr'><strong>larico</strong></span> <span class='ocrx_word' id='word_1_445' title='bbox 1302 1941 1376 1975; x_wconf 87' lang='lat' dir='ltr'><strong>rege</strong></span> <span class='ocrx_word' id='word_1_446' title='bbox 1398 1940 1481 1963; x_wconf 90' lang='lat' dir='ltr'><strong>anno</strong></span> <span class='ocrx_word' id='word_1_447' title='bbox 1499 1940 1523 1972; x_wconf 89' lang='lat'><strong>1,</strong></span> <span class='ocrx_word' id='word_1_448' title='bbox 1545 1935 1575 1963; x_wconf 91' lang='lat' dir='ltr'><strong>et</strong></span> <span class='ocrx_word' id='word_1_449' title='bbox 1593 1940 1619 1962; x_wconf 92' lang='lat'><strong>11</strong></span> <span class='ocrx_word' id='word_1_450' title='bbox 1642 1937 1713 1975; x_wconf 91' lang='lat' dir='ltr'><strong>post</strong></span> <span class='ocrx_word' id='word_1_451' title='bbox 1734 1927 1935 1963; x_wconf 87' lang='lat' dir='ltr'><strong>consulatum</strong></span> 
     </span>
     <span class='ocr_line' id='line_1_81' title="bbox 1177 1976 1936 2025; baseline -0.001 -13"><span class='ocrx_word' id='word_1_452' title='bbox 1177 1978 1342 2025; x_wconf 85' lang='lat' dir='ltr'><strong>Lampadii</strong></span> <span class='ocrx_word' id='word_1_453' title='bbox 1363 1985 1394 2013; x_wconf 86' lang='lat' dir='ltr'><strong>et</strong></span> <span class='ocrx_word' id='word_1_454' title='bbox 1406 1977 1539 2012; x_wconf 86' lang='lat' dir='ltr'><strong>Orestis.</strong></span> <span class='ocrx_word' id='word_1_455' title='bbox 1559 1976 1709 2012; x_wconf 89' lang='lat' dir='ltr'><strong>Obiitdie</strong></span> <span class='ocrx_word' id='word_1_456' title='bbox 1722 1979 1768 2012; x_wconf 75' lang='lat'><strong>25</strong></span> <span class='ocrx_word' id='word_1_457' title='bbox 1784 1976 1936 2016; x_wconf 85' lang='lat' dir='ltr'><strong>octobris,</strong></span> 
     </span>
     <span class='ocr_line' id='line_1_82' title="bbox 1178 2025 1936 2073; baseline -0.001 -12"><span class='ocrx_word' id='word_1_458' title='bbox 1178 2039 1261 2062; x_wconf 89' lang='lat' dir='ltr'><strong>anno</strong></span> <span class='ocrx_word' id='word_1_459' title='bbox 1290 2028 1373 2067; x_wconf 71' lang='lat'><strong>552,</strong></span> <span class='ocrx_word' id='word_1_460' title='bbox 1405 2027 1613 2073; x_wconf 86' lang='lat' dir='ltr'><strong>sepultusque</strong></span> <span class='ocrx_word' id='word_1_461' title='bbox 1648 2035 1696 2061; x_wconf 89' lang='lat' dir='ltr'><strong>est</strong></span> <span class='ocrx_word' id='word_1_462' title='bbox 1733 2026 1764 2060; x_wconf 88' lang='lat' dir='ltr'><strong>in</strong></span> <span class='ocrx_word' id='word_1_463' title='bbox 1805 2025 1936 2061; x_wconf 89' lang='lat' dir='ltr'><strong>basilica</strong></span> 
     </span>
     <span class='ocr_line' id='line_1_83' title="bbox 1178 2074 1935 2122; baseline -0.001 -12"><span class='ocrx_word' id='word_1_464' title='bbox 1178 2076 1216 2110; x_wconf 90' lang='lat' dir='ltr'><strong>B.</strong></span> <span class='ocrx_word' id='word_1_465' title='bbox 1238 2076 1324 2111; x_wconf 88' lang='lat' dir='ltr'><strong>Petri</strong></span> <span class='ocrx_word' id='word_1_466' title='bbox 1351 2075 1497 2122; x_wconf 87' lang='lat' dir='ltr'><strong>apostoli.</strong></span> <span class='ocrx_word' id='word_1_467' title='bbox 1525 2074 1653 2110; x_wconf 76' lang='lat' dir='ltr'><strong>vacavit</strong></span> <span class='ocrx_word' id='word_1_468' title='bbox 1674 2074 1767 2111; x_wconf 89' lang='lat' dir='ltr'><strong>sedes</strong></span> <span class='ocrx_word' id='word_1_469' title='bbox 1797 2086 1890 2110; x_wconf 88' lang='lat' dir='ltr'><strong>meus</strong></span> <span class='ocrx_word' id='word_1_470' title='bbox 1912 2087 1935 2115; x_wconf 86' lang='lat'><strong>1,</strong></span> 
     </span>
     <span class='ocr_line' id='line_1_84' title="bbox 1180 2125 1348 2160; baseline -0.006 -1"><span class='ocrx_word' id='word_1_471' title='bbox 1180 2125 1247 2160; x_wconf 86' lang='lat' dir='ltr'><strong>dies</strong></span> <span class='ocrx_word' id='word_1_472' title='bbox 1264 2136 1348 2159; x_wconf 77' lang='lat' dir='ltr'><strong>xvn.</strong></span> 
     </span>
    </p>

    <p class='ocr_par' dir='ltr' id='par_1_23' title="bbox 1228 2172 1890 2220">
     <span class='ocr_line' id='line_1_85' title="bbox 1228 2172 1890 2220; baseline -0.005 -11"><span class='ocrx_word' id='word_1_473' title='bbox 1228 2173 1375 2209; x_wconf 86' lang='lat' dir='ltr'><strong>Schisma</strong></span> <span class='ocrx_word' id='word_1_474' title='bbox 1401 2179 1525 2207; x_wconf 85' lang='lat' dir='ltr'><strong>sextum</strong></span> <span class='ocrx_word' id='word_1_475' title='bbox 1542 2172 1687 2207; x_wconf 88' lang='lat' dir='ltr'><strong>Dioscori</strong></span> <span class='ocrx_word' id='word_1_476' title='bbox 1708 2172 1890 2220; x_wconf 86' lang='lat' dir='ltr'><strong>antipapae.</strong></span> 
     </span>
    </p>

    <p class='ocr_par' dir='ltr' id='par_1_24' title="bbox 1178 2220 1937 2699">
     <span class='ocr_line' id='line_1_86' title="bbox 1228 2220 1936 2258; baseline -0.004 0"><span class='ocrx_word' id='word_1_477' title='bbox 1228 2222 1310 2258; x_wconf 90' lang='lat' dir='ltr'><strong>Cum</strong></span> <span class='ocrx_word' id='word_1_478' title='bbox 1325 2221 1491 2257; x_wconf 82' lang='lat' dir='ltr'><strong>Bonisacio</strong></span> <span class='ocrx_word' id='word_1_479' title='bbox 1502 2221 1677 2256; x_wconf 84' lang='lat' dir='ltr'><strong>Dioscorus</strong></span> <span class='ocrx_word' id='word_1_480' title='bbox 1691 2221 1856 2256; x_wconf 88' lang='lat' dir='ltr'><strong>ordinatur</strong></span> <span class='ocrx_word' id='word_1_481' title='bbox 1875 2220 1936 2255; x_wconf 84' lang='lat' dir='ltr'><strong>sub</strong></span> 
     </span>
     <span class='ocr_line' id='line_1_87' title="bbox 1178 2270 1937 2309; baseline -0.005 -2"><span class='ocrx_word' id='word_1_482' title='bbox 1178 2271 1382 2307; x_wconf 88' lang='lat' dir='ltr'><strong>contentione</strong></span> <span class='ocrx_word' id='word_1_483' title='bbox 1410 2271 1439 2305; x_wconf 88' lang='lat' dir='ltr'><strong>in</strong></span> <span class='ocrx_word' id='word_1_484' title='bbox 1462 2270 1590 2306; x_wconf 89' lang='lat' dir='ltr'><strong>basilica</strong></span> <span class='ocrx_word' id='word_1_485' title='bbox 1611 2270 1885 2309; x_wconf 87' lang='lat' dir='ltr'><strong>Constantiniana,</strong></span> <span class='ocrx_word' id='word_1_486' title='bbox 1905 2278 1937 2304; x_wconf 92' lang='lat' dir='ltr'><strong>ct</strong></span> 
     </span>
     <span class='ocr_line' id='line_1_88' title="bbox 1181 2319 1931 2356; baseline -0.003 -1"><span class='ocrx_word' id='word_1_487' title='bbox 1181 2320 1397 2356; x_wconf 85' lang='lat' dir='ltr'><strong>fuitdissentio</strong></span> <span class='ocrx_word' id='word_1_488' title='bbox 1412 2320 1443 2354; x_wconf 92' lang='lat' dir='ltr'><strong>in</strong></span> <span class='ocrx_word' id='word_1_489' title='bbox 1452 2319 1536 2355; x_wconf 89' lang='lat' dir='ltr'><strong>clero</strong></span> <span class='ocrx_word' id='word_1_490' title='bbox 1550 2327 1580 2355; x_wconf 90' lang='lat' dir='ltr'><strong>et</strong></span> <span class='ocrx_word' id='word_1_491' title='bbox 1594 2327 1705 2354; x_wconf 85' lang='lat' dir='ltr'><strong>senatu</strong></span> <span class='ocrx_word' id='word_1_492' title='bbox 1727 2319 1795 2354; x_wconf 83' lang='lat' dir='ltr'><strong>dies</strong></span> <span class='ocrx_word' id='word_1_493' title='bbox 1809 2331 1931 2354; x_wconf 74' lang='lat' dir='ltr'><strong>xxvut.</strong></span> 
     </span>
     <span class='ocr_line' id='line_1_89' title="bbox 1180 2367 1936 2405; baseline -0.004 0"><span class='ocrx_word' id='word_1_494' title='bbox 1180 2370 1262 2405; x_wconf 90' lang='lat' dir='ltr'><strong>Cum</strong></span> <span class='ocrx_word' id='word_1_495' title='bbox 1283 2368 1428 2404; x_wconf 81' lang='lat' dir='ltr'><strong>Dioscuri</strong></span> <span class='ocrx_word' id='word_1_496' title='bbox 1454 2377 1555 2404; x_wconf 89' lang='lat' dir='ltr'><strong>morte</strong></span> <span class='ocrx_word' id='word_1_497' title='bbox 1576 2369 1712 2404; x_wconf 88' lang='lat' dir='ltr'><strong>schisma</strong></span> <span class='ocrx_word' id='word_1_498' title='bbox 1736 2367 1867 2403; x_wconf 78' lang='lat' dir='ltr'><strong>feliciter</strong></span> <span class='ocrx_word' id='word_1_499' title='bbox 1879 2379 1936 2402; x_wconf 86' lang='lat' dir='ltr'><strong>ex-</strong></span> 
     </span>
     <span class='ocr_line' id='line_1_90' title="bbox 1180 2416 1934 2464; baseline -0.003 -11"><span class='ocrx_word' id='word_1_500' title='bbox 1180 2419 1313 2454; x_wconf 88' lang='lat' dir='ltr'><strong>tinctum</strong></span> <span class='ocrx_word' id='word_1_501' title='bbox 1335 2425 1392 2453; x_wconf 90' lang='lat' dir='ltr'><strong>est.</strong></span> <span class='ocrx_word' id='word_1_502' title='bbox 1416 2417 1498 2464; x_wconf 82' lang='lat' dir='ltr'><strong>Ipsis</strong></span> <span class='ocrx_word' id='word_1_503' title='bbox 1524 2417 1638 2453; x_wconf 91' lang='lat' dir='ltr'><strong>diebus</strong></span> <span class='ocrx_word' id='word_1_504' title='bbox 1658 2417 1841 2452; x_wconf 83' lang='lat' dir='ltr'><strong>Bonisacius</strong></span> <span class='ocrx_word' id='word_1_505' title='bbox 1855 2416 1934 2460; x_wconf 92' lang='lat' dir='ltr'><strong>zelo,</strong></span> 
     </span>
     <span class='ocr_line' id='line_1_91' title="bbox 1180 2465 1934 2513; baseline -0.004 -10"><span class='ocrx_word' id='word_1_506' title='bbox 1180 2476 1210 2503; x_wconf 89' lang='lat' dir='ltr'><strong>et</strong></span> <span class='ocrx_word' id='word_1_507' title='bbox 1231 2467 1304 2503; x_wconf 91' lang='lat' dir='ltr'><strong>dolo</strong></span> <span class='ocrx_word' id='word_1_508' title='bbox 1337 2467 1453 2502; x_wconf 91' lang='lat' dir='ltr'><strong>ductus</strong></span> <span class='ocrx_word' id='word_1_509' title='bbox 1484 2479 1556 2501; x_wconf 90' lang='lat' dir='ltr'><strong>cum</strong></span> <span class='ocrx_word' id='word_1_510' title='bbox 1578 2467 1689 2513; x_wconf 84' lang='lat' dir='ltr'><strong>grandi</strong></span> <span class='ocrx_word' id='word_1_511' title='bbox 1723 2465 1934 2501; x_wconf 88' lang='lat' dir='ltr'><strong>amaritudine</strong></span> 
     </span>
     <span class='ocr_line' id='line_1_92' title="bbox 1180 2514 1936 2562; baseline -0.003 -11"><span class='ocrx_word' id='word_1_512' title='bbox 1180 2517 1239 2552; x_wconf 91' lang='lat' dir='ltr'><strong>sub</strong></span> <span class='ocrx_word' id='word_1_513' title='bbox 1264 2515 1391 2551; x_wconf 87' lang='lat' dir='ltr'><strong>vinculo</strong></span> <span class='ocrx_word' id='word_1_514' title='bbox 1419 2515 1627 2551; x_wconf 87' lang='lat' dir='ltr'><strong>anathematis</strong></span> <span class='ocrx_word' id='word_1_515' title='bbox 1647 2514 1849 2562; x_wconf 85' lang='lat' dir='ltr'><strong>chirographi</strong></span> <span class='ocrx_word' id='word_1_516' title='bbox 1876 2526 1936 2550; x_wconf 92' lang='lat' dir='ltr'><strong>re-</strong></span> 
     </span>
     <span class='ocr_line' id='line_1_93' title="bbox 1181 2562 1933 2611; baseline -0.005 -10"><span class='ocrx_word' id='word_1_517' title='bbox 1181 2565 1359 2601; x_wconf 77' lang='lat' dir='ltr'><strong>conciliavit</strong></span> <span class='ocrx_word' id='word_1_518' title='bbox 1392 2564 1530 2600; x_wconf 89' lang='lat' dir='ltr'><strong>clerum:</strong></span> <span class='ocrx_word' id='word_1_519' title='bbox 1558 2576 1653 2611; x_wconf 89' lang='lat' dir='ltr'><strong>quem</strong></span> <span class='ocrx_word' id='word_1_520' title='bbox 1687 2562 1933 2611; x_wconf 85' lang='lat' dir='ltr'><strong>chirographum</strong></span> 
     </span>
     <span class='ocr_line' id='line_1_94' title="bbox 1181 2612 1934 2661; baseline -0.003 -11"><span class='ocrx_word' id='word_1_521' title='bbox 1181 2614 1318 2650; x_wconf 83' lang='lat' dir='ltr'><strong>archivio</strong></span> <span class='ocrx_word' id='word_1_522' title='bbox 1337 2614 1498 2650; x_wconf 84' lang='lat' dir='ltr'><strong>Ecclesiae</strong></span> <span class='ocrx_word' id='word_1_523' title='bbox 1520 2613 1660 2656; x_wconf 84' lang='lat' dir='ltr'><strong>reclusit,</strong></span> <span class='ocrx_word' id='word_1_524' title='bbox 1675 2613 1765 2661; x_wconf 87' lang='lat' dir='ltr'><strong>quasi</strong></span> <span class='ocrx_word' id='word_1_525' title='bbox 1778 2612 1934 2649; x_wconf 88' lang='lat' dir='ltr'><strong>damnans</strong></span> 
     </span>
     <span class='ocr_line' id='line_1_95' title="bbox 1181 2664 1383 2699; baseline 0.005 -1"><span class='ocrx_word' id='word_1_526' title='bbox 1181 2664 1383 2699; x_wconf 87' lang='lat' dir='ltr'><strong>Dioscorum.</strong></span> 
     </span>
    </p>
   </div>
   <div class='ocr_carea' id='block_1_23' title="bbox 1961 298 2060 325">
    <p class='ocr_par' dir='ltr' id='par_1_25' title="bbox 1961 298 2060 325">
     <span class='ocr_line' id='line_1_96' title="bbox 1961 298 2060 325; baseline -0.01 -1"><span class='ocrx_word' id='word_1_527' title='bbox 1961 299 2013 324; x_wconf 66' lang='lat' dir='ltr'><strong>An⁴</strong></span> <span class='ocrx_word' id='word_1_528' title='bbox 2034 298 2060 325; x_wconf 71' lang='lat'><strong>«12,</strong></span> 
     </span>
    </p>
   </div>
   <div class='ocr_carea' id='block_1_24' title="bbox 2094 297 2144 324">
    <p class='ocr_par' dir='ltr' id='par_1_26' title="bbox 2094 297 2144 324">
     <span class='ocr_line' id='line_1_97' title="bbox 2094 297 2144 324; baseline 0.02 -1"><span class='ocrx_word' id='word_1_529' title='bbox 2094 297 2144 324; x_wconf 70' lang='lat'><strong>526</strong></span> 
     </span>
    </p>
   </div>
   <div class='ocr_carea' id='block_1_25' title="bbox 1961 1660 2150 1691">
    <p class='ocr_par' dir='ltr' id='par_1_27' title="bbox 1961 1660 2150 1691">
     <span class='ocr_line' id='line_1_98' title="bbox 1961 1660 2150 1691; baseline -0.021 0"><span class='ocrx_word' id='word_1_530' title='bbox 1961 1664 2013 1691; x_wconf 77' lang='lat' dir='ltr'><strong>An.</strong></span> <span class='ocrx_word' id='word_1_531' title='bbox 2039 1660 2066 1688; x_wconf 92' lang='lat' dir='ltr'><strong>C.</strong></span> <span class='ocrx_word' id='word_1_532' title='bbox 2095 1661 2150 1688; x_wconf 75' lang='lat'><strong>530</strong></span> 
     </span>
    </p>
   </div>
  </div>
 </body>
</html>
