2237 3127
100 322 150 348 An.
173 320 200 349 C.
233 321 282 348 763

101 549 145 571 Nm?
164 549 280 570 miss-irunt

100 583 204 605 solemnia
254 584 282 605 ihi

100 618 195 641 cett-bret
241 628 283 641 nun

101 660 198 677 vocatus.

100 771 214 793 Abhatissa
233 779 285 800 puz-

101 808 129 829 §it
158 816 231 827 ‹ro-isc<
242 807 284 827 riri

103 1034 129 1055 Et
156 1033 232 1055 cleriei
266 1034 285 1055 (i

101 1069 182 1091 subditi
201 1068 286 1091 ordinm-

101 1107 175 1127 tionrs
209 1105 286 1127 susci-

103 1147 154 1169 pere
185 1148 196 1162 n
244 1149 286 1171 quo

101 1175 188 1198 libuerit
238 1178 285 1206 epi-

102 1220 181 1242 scopo.

139 1588 257 1609 Anarta-u·-

104 1629 180 1646 rnntra
199 1624 289 1653 prix-le*

104 1662 132 1690 nii
151 1661 213 1683 lwiits
235 1662 288 1683 tiu—

106 1698 197 1720 latntes.

943 311 967 334 S.
991 310 1113 333 ‘I'At'LUS
1136 311 1156 332 l.
1182 310 1230 332 ΡΡ.

315 366 388 401 libet
409 365 524 401 habere
549 366 699 401 ditionem
731 364 762 400 in
786 364 923 413 praefato
953 376 1063 399 mona-

315 421 409 455 sterio
431 420 648 468 prohibemus,
662 420 703 455 ita
716 428 760 461 ut,
780 420 839 454 nisi
855 420 893 455 ab
907 419 1062 455 abbatissa

315 474 542 521 praenominati
570 474 750 509 monasterii
774 474 866 508 fuerit
904 474 1062 514 invitatus,

314 541 373 564 nec
393 528 487 564 etiam
505 529 673 564 missarum
693 528 810 563 ibidem
829 528 1062 563 solemnitatem

313 582 470 630 quispiam
494 591 671 630 praesumat
686 583 869 618 omnimode
885 582 1064 626 celebrare,

313 649 371 672 nec
389 637 432 671 ibi
455 637 583 684 aliquod
597 636 800 671 ecclesiastici
823 636 917 671 oflicii
940 643 1064 683 praeter

312 691 488 726 abbatissae
511 691 702 726 voluntatem
725 692 838 726 audeat
860 698 1002 726 tractare.
1017 689 1063 725 De

312 745 406 780 cuius
437 746 566 793 insuper
598 746 778 780 monasterii
813 746 1064 792 uniuscuiusque

315 800 491 835 abbatissae
517 799 755 834 consecratione
781 800 891 834 sanciti
918 812 1064 835 commu-

313 855 395 890 niter
429 854 641 898 decrevimus,
668 861 703 888 ut
729 853 788 890 sibi
817 853 907 888 liceat
940 866 956 887 a
984 865 1065 900 quo-

313 921 450 957 cumque
483 916 513 944 et
547 908 585 943 de
620 918 822 955 quacumque
860 905 982 942 civitate
1010 918 1065 941 vo-

314 963 408 999 luerit
425 963 577 1011 episcopo
599 961 798 1010 consecrari,
834 961 1064 1008 cuiuscumque

312 1031 384 1054 vero
420 1017 540 1053 ordinis
573 1016 679 1052 clerici
709 1015 850 1051 eiusdem
889 1015 1064 1050 abbatissae

312 1080 435 1120 rogatu,
447 1072 592 1107 similiter
605 1084 621 1106 a
640 1081 855 1118 quocumque,
878 1078 909 1105 et
930 1069 970 1105 de
987 1082 1066 1117 qua-

314 1139 452 1175 cumque
478 1126 602 1163 civitate
638 1124 773 1160 voluerit
806 1124 976 1172 episcopus
1009 1136 1067 1159 ex-

314 1189 461 1229 petantur
487 1181 535 1216 vel
565 1188 803 1233 consecrentur,
836 1178 953 1225 quibus
974 1178 1065 1213 etiam

313 1236 472 1272 licentiam
506 1235 655 1271 concordi
688 1233 886 1268 institutione
907 1233 1068 1268 concessi-

314 1304 387 1326 mus
401 1291 540 1326 chrisma
554 1298 616 1325 tem
623 1301 697 1337 pore
710 1288 909 1335 baptismatis
921 1295 952 1322 et
960 1287 1065 1322 oleum

314 1345 354 1381 ad
375 1344 550 1380 exercenda
566 1344 672 1379 divina
693 1343 857 1392 mysteria,
880 1354 935 1377 sen
959 1342 1068 1377 cuius—

314 1399 392 1435 libet
427 1399 575 1447 spiritalis
601 1399 717 1446 negotii
741 1397 919 1432 subsidium
951 1409 966 1431 a
988 1408 1068 1444 quo-

317 1466 454 1502 cumque
488 1454 650 1501 episcopo,
681 1465 752 1487 cum
780 1464 830 1486 res
857 1451 962 1500 exigit,
988 1462 1067 1498 apo-

315 1508 424 1544 stolica
447 1508 612 1555 largitione
635 1507 806 1557 percipere,
828 1505 1068 1540 Constituentes

318 1575 376 1610 per
400 1561 495 1596 huius
521 1562 619 1597 nostri
647 1561 764 1596 decreti
792 1561 948 1607 paginam,
975 1567 1067 1606 atque

316 1616 447 1652 omnino
482 1615 724 1655 interdicentes,
753 1614 938 1654 hocnostri
969 1613 1068 1661 priri-

315 1671 392 1718 legii
420 1670 580 1706 decretum
604 1668 774 1716 infringere
802 1669 951 1703 omnihus
965 1668 1069 1703 cuius-

319 1726 397 1761 libet
430 1724 592 1760 Ecclesiae
631 1723 830 1772 praesulihus
868 1724 914 1758 vel
960 1723 1067 1758 cuius-

318 1791 456 1827 cumque
477 1778 640 1825 dignitatis
663 1778 810 1825 praeditis
835 1786 988 1825 potestate
1009 1778 1068 1811 sul»

319 1833 527 1869 anathematis
550 1832 788 1879 interpositione
810 1842 839 1867 et
854 1832 1067 1866 damnatione.

322 1888 429 1923 iudicii
457 1887 665 1922 obtestatione
691 1896 848 1921 coaeterno
872 1887 1068 1921 anathemate

308 1942 523 1990 vplectendum
563 1953 633 1976 esse
670 1952 838 1975 censemus
877 1942 1069 1989 quicumque

323 1996 567 2044 praesumpserit
590 2007 644 2042 per
670 1994 804 2042 quodvis
826 1996 999 2041 ingenium,
1022 1997 1067 2030 vel

323 2058 544 2098 argumentum
560 2058 611 2084 aut
629 2049 784 2096 exquisita
803 2051 968 2085 occasione
980 2063 1070 2098 prae—

323 2105 422 2140 sentis
443 2104 603 2139 constituti
627 2116 643 2138 a
667 2103 758 2139 nobis
792 2104 919 2151 praelati
954 2117 1071 2139 mona—

323 2160 412 2195 sterii
443 2159 577 2194 existere
612 2167 788 2194 temerator.
831 2158 908 2194 Data
935 2160 1070 2207 septimo

324 2213 472 2249 kalendas
509 2212 687 2248 novembris
726 2213 900 2259 imperante
934 2213 1070 2248 Domino

321 2269 467 2315 Angusto
483 2267 693 2303 Constantino
719 2279 736 2302 a
757 2267 824 2301 Deo
840 2276 989 2302 coronato
1011 2268 1070 2302 Ma-

321 2335 383 2369 gno
409 2322 599 2369 imperatore
632 2333 714 2356 anno
737 2321 992 2367 vigesimotertio,
1015 2324 1069 2357 sed

322 2383 352 2411 et
368 2376 476 2411 Leone
504 2376 691 2423 imperatore
719 2375 784 2410 filio
813 2376 881 2412 eius
904 2389 986 2412 auno
1009 2379 1071 2412 de-

321 2431 415 2475 cimo,
442 2429 618 2465 indictione
641 2430 751 2478 prima.

373 2487 435 2517 Dat.
452 2487 499 2517 (lie
518 2487 555 2517 26
579 2487 706 2517 octobris
726 2497 802 2517 anno
825 2488 939 2518 Domini
957 2489 1022 2527 763,

510 2536 613 2577 pontis.
637 2535 719 2565 Pauli
743 2546 818 2566 311110
836 2545 885 2567 vu.

1736 297 1756 331 ts>

1761 302 1780 332 ve

1785 299 1806 332 <at

1318 388 1565 437 STEPHANvS
1600 389 1644 437 111

1184 483 1278 514 ALIIS
1299 484 1468 519 QUARTUS
1487 484 1544 524 (l),
1567 484 1657 514 PAPA
1681 485 1773 516 XCVI.

1107 551 1197 584 Anno
1219 563 1308 585 aerae
1333 552 1446 586 Christi
1473 564 1580 586 comm.
1612 553 1854 587 DCGLXVIII.

1109 631 1304 722 Stephanus
1338 675 1401 721 111,
1437 677 1564 715 natione
1597 678 1736 718 siculus,
1776 677 1858 713 1111115

1105 728 1200 769 olivi,
1227 741 1264 764 ex
1287 729 1320 763 S.
1346 729 1383 763 R.
1407 730 1444 765 Ε.
1481 731 1665 779 presbytero
1699 732 1819 767 electus
1837 735 1857 766 ὅ

1105 782 1240 828 augusti,
1271 783 1435 819 ordinatur
1462 785 1557 820 hiduo
1581 794 1651 832 post
1676 787 1726 821 die
1753 787 1856 822 domi-

1107 836 1176 871 nica
1207 841 1224 869 7
1250 838 1366 872 mensis
1393 838 1535 874 eiusdem
1558 852 1640 874 anno
1665 843 1744 875 768.
1767 841 1858 876 Sedit

1106 889 1280 937 imperante
1301 890 1510 927 Constantino
1532 893 1734 942 Copronymo
1755 907 1856 930 annos

1107 956 1158 985 111,
1182 956 1307 979 menses
1329 957 1360 989 V,
1383 945 1449 981 dies
1466 960 1567 983 xxx-111
1593 951 1648 993 (2).
1676 949 1710 983 111
1734 949 1860 985 Latera-

1108 999 1200 1033 nensi-
1230 999 1350 1046 synodo
1385 1012 1445 1035 una
1473 1014 1546 1036 cum
1574 1002 1722 1037 Patribus
1750 1004 1860 1038 statuit

1106 1054 1161 1087 sab
1187 1055 1392 1088 anathematis
1419 1056 1600 1101 interdicto,
1623 1070 1659 1091 ne
1690 1059 1773 1092 ullus
1799 1071 1860 1092 un-

1107 1120 1201 1152 quam
1223 1117 1402 1154 praesumat
1429 1111 1591 1151 laicorum,
1619 1124 1712 1156 neque
1735 1125 1774 1146 ιω
1794 1114 1857 1146 alio

1108 1164 1230 1207 ordine,
1253 1165 1315 1197 nisi
1335 1177 1392 1210 per
1418 1167 1575 1200 distinctos
1602 1167 1720 1210 yradus
1751 1179 1860 1200 ascen-

1108 1218 1192 1261 dens,
1230 1218 1395 1258 diaconiis,
1429 1228 1483 1254 aut
1505 1222 1661 1265 presbyter
1687 1222 1860 1255 cardinalis

1107 1273 1207 1315 factus
1228 1274 1337 1316 suerit,
1361 1276 1403 1308 ad
1423 1287 1544 1308 sacrum
1571 1276 1769 1320 pontificatus
1797 1276 1861 1309 Ιιο-

1109 1338 1213 1360 norcm
1240 1339 1328 1372 posse
1352 1330 1534 1373 promoveri.
1571 1328 1660 1363 Fecit
1687 1329 1861 1364 ordinatio-

1109 1392 1182 1414 nem
1210 1392 1304 1414 unam
1329 1382 1581 1429 presbyterorum
1604 1383 1757 1430 qui-nque,
1788 1384 1860 1418 dia-

1110 1445 1264 1468 conorum
1291 1444 1426 1482 quatuor
1453 1436 1508 1480 (dc
1545 1437 1767 1484 episcoporum
1798 1451 1861 1473 nu-

1111 1499 1197 1522 mero
1224 1500 1287 1523 non
1310 1494 1469 1531 constatl3
1498 1491 1575 1525 obiit
1609 1491 1661 1526 die
1683 1493 1705 1525 ⁶2
1742 1493 1861 1527 mensis

1110 1542 1256 1577 februarii
1278 1555 1361 1579 anno
1375 1546 1455 1589 772,
1477 1544 1686 1592 sepultusque
1708 1545 1807 1580 estad
1824 1546 1858 1580 Β.

1110 1596 1250 1631 Petrum.
1280 1596 1405 1632 Vacarit
1426 1599 1518 1634 sedes
1536 1599 1606 1634 dies
1628 1612 1689 1634 vui
1713 1602 1769 1643 (5).

1146 1676 1185 1711 (l)
1203 1676 1331 1704 Defuncto
1355 1678 1478 1705 Zacharia
1503 1679 1551 1705 ΡΡ.
1574 1679 1594 1711 l,
1616 1687 1630 1706 3
1648 1680 1745 1715 populo
1770 1681 1860 1707 statim

1110 1715 1211 1742 electus
1227 1720 1267 1743 est
1293 1718 1410 1751 pontifex
1423 1739 1430 1749 ,
1457 1722 1482 1745 et
1499 1719 1524 1745 in
1550 1719 1724 1747 Lateranense
1745 1721 1862 1755 patriar-

1111 1756 1200 1782 chium
1217 1757 1351 1784 immissus
1375 1758 1526 1793 Stephanus
1553 1760 1695 1795 presbyter
1715 1769 1840 1788 romanus
1854 1781 1861 1793 ‚

1113 1796 1157 1822 uhi
1173 1796 1254 1824 biduo
1267 1805 1386 1828 manens,
1405 1799 1483 1825 tertio
1494 1799 1547 1831 die,
1566 1803 1707 1834 postquam
1718 1809 1731 1827 3
1742 1809 1791 1828 suo
1802 1809 1863 1827 sar-

1111 1840 1182 1869 gcret
1204 1844 1306 1870 somno,
1327 1846 1357 1864 ac
1376 1838 1536 1866 domesticas
1561 1848 1603 1866 res
1628 1840 1790 1875 disponeret,
1811 1849 1861 1867 su-

1113 1876 1177 1908 bito,
1194 1876 1258 1903 dum
1275 1877 1390 1910 sederet,
1404 1878 1533 1905 alienatus
1544 1879 1687 1912 obmutuit,
1705 1885 1730 1907 et
1741 1881 1862 1915 sequenti

1112 1916 1154 1941 die
1173 1916 1313 1943 defunctus
1332 1921 1387 1949 est,
1414 1921 1557 1953 antequam
1583 1921 1731 1955 susciperet
1751 1920 1861 1947 ordina-

1113 1955 1220 1982 tionem.
1239 1956 1286 1982 Hic
1302 1956 1453 1991 Stephanus
1468 1959 1577 1993 quidem
1593 1959 1626 1986 ab
1646 1961 1785 1987 Anastasio
1796 1969 1862 1995 pon-

1114 1994 1175 2021 tifex
1196 2004 1247 2022 non
1268 1996 1434 2030 nominatum
1456 1998 1512 2032 tego
1536 2003 1639 2032 tamen,
1665 2003 1692 2026 et
1707 2004 1862 2035 sequentem

1113 2036 1277 2070 Stephanum
1294 2037 1344 2063 dici
1362 2038 1408 2068 111,
1425 2041 1450 2064 et
1461 2039 1594 2065 numerari
1607 2047 1701 2074 papam
1715 2048 1788 2072 xciv,
1801 2048 1862 2067 eum

1113 2076 1211 2102 omisso
1235 2076 1319 2103 Felice
1345 2078 1367 2103 11
1394 2077 1490 2103 Liberii
1515 2082 1634 2113 tempore
1656 2080 1740 2106 electo
1759 2080 1791 2106 ad
1811 2081 1863 2107 Za-

1113 2114 1246 2147 chariam,
1266 2124 1346 2150 quem
1367 2116 1520 2151 Stephanus
1538 2119 1572 2145 111
1592 2119 1666 2146 iuxta
1683 2120 1755 2146 illum
1781 2128 1864 2147 exce-

1114 2155 1152 2189 pit
1171 2155 1196 2180 in
1213 2155 1378 2189 pontificatu,
1396 2157 1534 2191 pontifices
1551 2159 1637 2186 solum
1655 2164 1777 2187 numeret.
1798 2169 1864 2188 xcu.

1114 2195 1168 2221 Nos
1177 2199 1205 2221 ut
1214 2195 1398 2230 chronologiae
1406 2204 1454 2230 pro
1464 2196 1565 2225 viribus
1574 2199 1754 2233 consulamus,
1766 2201 1865 2236 quippe

1113 2236 1158 2270 qui
1174 2235 1285 2262 Felicem
1297 2237 1319 2262 11
1336 2244 1395 2263 cum
1408 2237 1494 2271 Pagio⁷
1512 2237 1623 2274 aliisque
1640 2240 1708 2267 inter
1726 2241 1795 2267 Petri
1806 2249 1868 2267 suc—

1113 2284 1232 2302 cessores
1254 2277 1452 2308 recensuimus,
1481 2278 1579 2304 omisso
1604 2279 1740 2314 Stephano
1765 2281 1864 2313 electo,

1113 2321 1268 2351 sequentem
1290 2317 1454 2352 Stephanum
1471 2318 1494 2344 11
1516 2318 1645 2351 dicimus,
1672 2324 1699 2346 et
1715 2320 1867 2355 pontificem

1115 2357 1313 2391 nonagesimum
1333 2363 1460 2393 quartum
1485 2367 1677 2392 numeramus,
1697 2364 1724 2386 et
1750 2360 1865 2396 Stepha-

1115 2405 1178 2423 num
1199 2397 1268 2424 hunc
1284 2398 1333 2424 ΡΡ.
1352 2406 1427 2431 xcvr,
1445 2407 1525 2434 quem
1541 2400 1583 2426 alii
1605 2403 1740 2434 quartum,
1759 2401 1868 2428 tertium

1115 2445 1163 2464 nos
1178 2438 1350 2472 appellamus.
1378 2440 1447 2467 Haec
1463 2440 1561 2467 clarius
1581 2440 1704 2466 adnotata
1721 2440 1806 2475 legere
1825 2445 1866 2467 est.

1115 2479 1141 2504 in
1158 2478 1318 2513 praefatione
1331 2499 1338 2511 ,
1365 2480 1409 2507 ubi
1429 2480 1461 2507 de
1486 2480 1654 2514 chronologia
1682 2480 1814 2515 pontificia
1832 2481 1867 2507 ab

1116 2519 1255 2546 Anastasio
1279 2520 1363 2554 edita,
1390 2529 1470 2556 quem
1496 2528 1544 2547 nos
1568 2521 1718 2555 sequimur,
1747 2520 1868 2555 pluribus

1116 2559 1281 2587 disserimus.
1321 2561 1360 2596 (9.)
1371 2561 1413 2588 Sic
1423 2561 1503 2588 habet
1515 2563 1638 2588 Anastas.
1655 2561 1754 2587 inclusa
1776 2561 1866 2588 obitus

1117 2602 1174 2634 die;
1195 2602 1234 2629 sic
1252 2609 1360 2638 quoque
1382 2602 1494 2637 Vignotii
1511 2601 1646 2636 catalogus
1662 2609 1701 2634 111,
1720 2608 1784 2628 vero
1801 2609 1863 2628 cum

1118 2643 1250 2669 nonnullis
1268 2651 1284 2670 a
1298 2642 1466 2677 chronologis
1482 2641 1559 2669 editis
1578 2641 1702 2675 catalogis
1722 2645 1826 2669 tantum
1837 2642 1865 2673 d,

1118 2690 1209 2710 xxvu.
1246 2682 1286 2719 (5)
1302 2682 1406 2710 Incluso
1426 2686 1540 2717 utroque
1559 2685 1692 2711 extremo.
