2237 3127
209 294 260 322 An.
283 293 311 321 C.
341 292 389 320 951

244 665 312 689 Exord
317 666 358 686 ium
363 681 367 686 .

241 1029 399 1052 Mamertini-um

215 1074 303 1097 PFR'VUS-

247 1525 389 1548 Confirmatio

220 1562 329 1584 bonorum
357 1569 407 1584 mo-

221 1598 321 1621 nasterii.

249 1663 284 1685 Ius
296 1659 392 1693 eligendi

223 1698 322 1720 abbatem
340 1704 409 1728 penes

224 1742 339 1757 monacos.

227 2018 286 2039 Situs
334 2026 412 2041 mona-

228 2055 299 2077 sterii.

232 2290 363 2313 Omnimoda
394 2298 418 2313 e-

234 2327 266 2349 ius
309 2327 418 2357 exemptio

233 2362 260 2385 ab
288 2362 359 2384 aliena
384 2363 418 2384 iu-

237 2398 370 2421 risdictione
397 2401 420 2421 ct

235 2434 348 2457 molestia.

262 2550 422 2573 monasterium

238 2586 363 2609 huiusmodi
410 2594 422 2609 a

240 2626 374 2648 Francorum
387 2630 423 2644 re-

239 2660 302 2691 gibus
334 2657 423 2689 privile-

241 2697 282 2727 giis
301 2694 424 2718 confirma-

465 285 550 328 ἈΜ

427 357 540 397 agapitus
561 355 771 394 episcopusservus
784 359 901 381 sorvorum
925 348 984 387 Dei,
1005 349 1099 379 tinnitu
1122 349 1177 378 reli-

466 399 530 435 gioso
559 395 635 425 aliliati
665 392 804 422 venerabilis
822 390 956 420 monasterii
977 390 1073 420 Sanctae
1093 389 1177 419 tim-ine

466 437 567 471 Virginis
585 435 625 463 nei
648 432 770 462 Geiuiricis
788 431 896 460 dominae
927 433 1036 465 nostrae,
1066 429 1126 466 quud
1145 432 1178 458 ost

464 477 532 506 sitinii
550 477 572 504 in
589 475 698 503 comitatu
717 472 809 500 Ausona
830 472 852 500 iu
875 469 935 499 t‘alle
958 469 1101 507 Riiipollrnsi
1118 470 1179 498 iuter

465 516 510 545 dun
533 515 639 550 lluuiiini;
663 517 683 542 el
703 516 751 550 pust
771 515 792 540 te
809 511 831 540 iu
850 509 931 539 euicui
953 508 1082 539 venerabili
1100 517 1177 538 mona—

464 556 534 585 sterio
553 555 597 583 tuis
610 551 779 582 successui—{bris
797 551 820 580 in
838 553 987 589 perpetuum.

475 611 633 648 Convenit
645 609 820 656 apostolico
837 606 1044 643 moderamini
1062 607 1110 653 pia
1128 619 1179 640 re-

426 664 543 710 ligione
576 659 766 708 pollentibus
790 657 937 693 benivola
959 657 1179 703 compassione

427 723 623 754 succurrere,
651 722 687 744 ac
726 709 900 756 petentium
943 708 1058 740 animis
1086 707 1179 739 alacri

428 762 595 797 devotione
633 758 785 805 impertiri
827 768 1004 791 assensum.
1040 755 1091 789 Ex
1120 755 1181 789 hoc

428 813 511 847 enim
536 810 735 858 potissimum
759 807 933 854 praemium
964 818 981 839 a
1017 806 1180 839 conditore

428 861 571 897 omnium
594 859 660 894 Deo
682 858 788 904 procul
815 855 914 890 dubio
945 867 1180 902 promeremur,

429 910 554 958 quando
578 907 766 942 venerabilia
790 906 855 940 loca
885 913 1065 952 opportune
1094 903 1182 938 orili-

431 971 499 995 nata
522 959 559 994 ad
588 959 750 992 meliorem
774 956 889 990 fuerint
910 956 979 988 sine
996 953 1093 989 dubio
1116 962 1181 987 sta-

431 1018 495 1045 tum
525 1008 686 1056 perducta.
725 1006 834 1051 lgitur,
873 1005 946 1051 quia
974 1004 1139 1050 postulatis
1167 1017 1181 1036 a

431 1059 534 1099 uobis,
550 1066 707 1105 quatenus
722 1055 938 1102 supradictum
956 1053 1181 1088 monasterium

431 1121 502 1144 cum
526 1106 674 1143 omnibus
696 1106 762 1139 suis
785 1105 874 1148 locis,
912 1103 1056 1137 videlicet
1086 1104 1184 1137 eccle-

431 1159 496 1202 siis,
506 1157 690 1206 parrochiis,
713 1156 803 1194 xillis,
827 1152 945 1197 fundis,
964 1153 1055 1191 casis,
1070 1152 1184 1187 casali-

432 1209 507 1252 bns,
531 1207 633 1249 terris,
657 1206 767 1243 vineis,
796 1204 903 1250 pratis,
928 1203 1063 1249 pascuis,
1085 1202 1184 1245 silvis,

432 1258 572 1305 garricis,
594 1257 685 1299 areis,
720 1252 907 1291 torculariis,
939 1264 1089 1298 aquarum
1117 1252 1183 1286 viis.

434 1306 625 1342 molendinis
647 1316 718 1339 cnm
751 1304 818 1337 suis
846 1302 1044 1348 caputaquis,
1067 1309 1097 1335 et
1119 1301 1185 1334 suis

435 1356 622 1404 piscatoriis,
638 1355 770 1392 cultum,
786 1361 816 1387 et
832 1351 999 1391 incultum,
1014 1351 1078 1385 sire
1093 1352 1184 1384 etiam

433 1415 464 1441 »ἱ
487 1407 517 1440 ἰιι
548 1406 598 1439 liis
620 1405 708 1447 locis,
735 1411 766 1437 et
801 1409 952 1448 quantum
974 1401 1019 1447 ‚in
1053 1400 1184 1435 circuitu

435 1457 535 1503 ipsius
558 1453 738 1489 monasterii
763 1452 877 1486 babere
900 1450 1084 1484 dinoscitur.
1108 1449 1187 1483 Cou—

437 1509 600 1540 lirmatnus
628 1502 717 1537 tobis
757 1510 816 1536 etc.
853 1499 1028 1535 Statuimus
1063 1508 1187 1541 autem,

438 1564 470 1590 ut
493 1554 621 1601 quando
648 1552 744 1586 abbas
767 1550 867 1598 ipsius
901 1549 1045 1584 coenobii
1068 1549 1106 1581 de
1131 1548 1188 1581 lioc

437 1604 564 1640 saeculo
587 1602 786 1649 migraverit,
820 1611 921 1646 neque
955 1611 972 1633 a
1005 1597 1188 1639 comitibus,

439 1666 540 1701 neque
563 1665 578 1688 a
609 1651 834 1700 qualicumque
858 1660 991 1696 persona
1015 1660 1070 1694 pro
1092 1647 1191 1695 cupi-

439 1704 544 1738 ditatis
567 1701 721 1750 pecuniae
744 1712 848 1739 causa,
871 1709 973 1744 neque
1008 1710 1063 1744 pro
1086 1697 1190 1743 quali-

439 1765 577 1799 cumque
603 1750 716 1785 favoris
738 1749 841 1783 inanis
867 1747 965 1793 gloria
988 1746 1106 1783 ibidem
1134 1746 1191 1781 ab·

439 1803 495 1839 bas
521 1803 561 1837 sit
590 1800 791 1842 constitutus,
823 1797 875 1832 sed
899 1810 915 1832 a
943 1797 1066 1831 cunctis
1094 1797 1192 1831 serris

442 1853 498 1887 Dei
527 1851 667 1886 eiusdem
691 1847 897 1896 suprascripti
919 1845 1061 1881 coenobii
1084 1858 1193 1880 seruu-

441 1902 517 1936 dum
539 1901 655 1940 Deum,
682 1908 711 1933 et
733 1898 908 1933 secundum
932 1895 1030 1930 sancti
1053 1896 1193 1929 Benedi-

442 1952 481 1986 cti
507 1951 601 1998 patris
624 1949 764 1995 regulam
784 1948 878 1992 digua
902 1958 1034 1992 persona
1062 1946 1194 1990 eligatur

442 2001 549 2036 abbas.
563 2000 666 2035 Situm
684 2008 818 2043 namque
832 2005 877 2030 est
895 1995 1108 2042 supradictum
1128 2007 1196 2028 ‹oe-

444 2051 574 2085 nobinm
595 2047 740 2083 territorii
768 2046 968 2080 Ausoueusis
980 2045 1011 2078 in
1027 2043 1104 2078 valle
1118 2044 1196 2078 Rio-

446 2099 578 2147 pollensi
613 2099 694 2132 inter
729 2097 792 2132 duo
820 2095 960 2130 flumina.
995 2093 1070 2127 Item
1103 2094 1195 2127 etiam

445 2149 666 2184 constituimus
688 2146 764 2190 tibi,
799 2145 924 2191 tuisque
961 2142 1197 2178 successoribus

446 2199 484 2234 de
505 2197 710 2245 suprascripti
746 2194 890 2230 coenobii
924 2193 1001 2228 locis
1038 2201 1067 2226 et
1099 2192 1197 2239 perti-

448 2248 561 2283 uentiis
596 2247 748 2294 primitias
775 2253 805 2279 et
840 2244 995 2283 decimas,
1024 2254 1145 2276 necnon
1168 2250 1198 2275 et

449 2299 560 2332 iterum
584 2296 772 2334 stabilimus,
795 2303 827 2328 ut
848 2293 929 2327 nulla
952 2292 1111 2339 quaelibet
1127 2303 1199 2338 per-

449 2360 524 2382 sona
548 2345 710 2381 monachis
733 2346 761 2377 in
785 2343 1000 2390 suprascripto
1016 2351 1116 2375 restro
1132 2353 1198 2375 coe-

450 2397 543 2431 nobio
573 2393 820 2430 consistentibus
850 2393 964 2426 iniuste
998 2390 1112 2425 inferre
1146 2398 1199 2424 aut

449 2446 690 2483 districtionem,
712 2453 766 2478 aut
787 2442 824 2477 ad
849 2443 998 2475 iniustam
1028 2443 1128 2486 legem
1143 2439 1200 2473 de-

453 2504 575 2542 portare
608 2507 678 2529 cum
708 2492 806 2527 laicali
834 2504 966 2538 persona
1010 2498 1198 2536 praesumat.

450 2546 529 2580 Nam
556 2545 628 2592 qnia
653 2542 869 2589 supradictum
885 2541 1112 2574 monasterium
1129 2538 1201 2573 ubi-

452 2607 587 2642 cumque
613 2606 684 2627 cuin
706 2593 774 2627 suis
800 2589 996 2638 pertinentiis
1022 2602 1038 2623 a
1060 2588 1202 2623 Franco-

455 2658 521 2679 rum
547 2643 671 2689 regibus
699 2655 754 2688 per
792 2640 947 2687 praecepti
978 2639 1122 2685 paginam
1146 2637 1202 2671 fir-

454 2706 584 2735 matum,
600 2701 630 2728 et
651 2692 819 2727 solidatum
838 2698 885 2725 est
900 2690 993 2736 regali
1007 2688 1201 2731 auctoritate,

1007 295 1107 318 mmm
1114 295 1196 317 RJI'R
1219 294 1287 316 111)ss
1302 305 1309 314 ι
1316 294 1382 315 NCM

1219 349 1260 383 ita
1282 356 1313 382 et
1335 354 1440 382 nostra
1462 345 1632 394 apostolica
1654 343 1848 385 auctoritate,
1871 351 1970 379 utsu-

1220 403 1325 449 perius
1347 402 1501 436 insertum
1517 408 1575 440 est,
1603 399 1715 434 amodo
1738 400 1767 432 in
1796 407 1884 432 antea
1903 410 1967 437 vos,

1222 457 1375 503 vestrique
1402 466 1602 490 successores
1625 453 1765 499 legaliter
1780 451 1967 498 adquisituri

1220 511 1340 544 l'ueritis
1368 510 1479 544 futuris
1507 508 1725 554 temporibus,
1761 520 1776 540 a
1812 505 1967 552 praesenti

1220 565 1342 599 decima
1365 564 1546 606 indictione,
1581 561 1718 596 inclinati
1743 559 1890 607 precibus
1917 572 1971 594 ve—

1220 619 1302 657 stris,
1325 627 1355 652 et
1378 629 1433 665 per
1445 618 1656 664 suprascripta
1669 615 1780 661 regalia
1793 622 1970 662 praecepta,

1221 681 1251 706 et
1278 672 1372 706 liuius
1410 672 1562 718 privilegii
1595 671 1728 710 seriem,
1765 677 1797 703 ut
1823 669 1971 716 superius

1222 728 1354 761 missum
1377 734 1436 769 cst,
1463 726 1493 759 in
1519 733 1706 772 perpetuum
1725 723 1823 767 vobis,
1839 724 1970 758 vestris-

1221 794 1282 828 qu»¹
1304 780 1542 815 successoribus
1564 779 1800 819 confirmamus,
1827 787 1857 813 et
1872 778 1972 814 stabi-

1222 836 1316 868 limus
1339 834 1556 873 detinendum,
1585 843 1613 868 et
1637 834 1750 868 amodo
1777 834 1974 881 dispensan-

1223 889 1312 933 dum,
1333 897 1426 934 atque
1455 888 1640 934 regendum,
1657 897 1687 922 ut
1704 888 1809 922 nullus
1822 900 1886 929 rex,
1902 887 1974 922 nul-

1224 943 1272 977 lus
1300 944 1458 989 princeps,
1482 942 1586 977 nullus
1611 955 1732 987 comes,
1756 942 1861 976 nullus
1890 953 1976 976 mar-

1224 996 1306 1041 chio,
1334 996 1441 1031 nullus
1464 997 1568 1036 iudex,
1604 1009 1706 1044 neque
1747 997 1811 1031 ulla
1849 1009 1974 1044 magna,

1226 1063 1380 1098 parvaque
1406 1064 1537 1098 persona
1572 1051 1700 1098 aliquod
1727 1052 1890 1092 dammim,
1923 1059 1975 1087 aut

1226 1106 1419 1141 invasionem
1459 1106 1489 1139 in
1525 1105 1636 1141 eoilem
1669 1105 1834 1145 coenobio,
1871 1117 1975 1152 neque

1225 1160 1289 1193 suis
1313 1161 1508 1206 pertiuentiis
1542 1172 1683 1207 uuquam
1711 1159 1812 1194 facere
1846 1172 1978 1207 praesu-

1227 1222 1298 1249 mat.
1324 1214 1385 1249 Pro
1404 1227 1466 1262 quo
1489 1215 1548 1249 suli
1571 1215 1670 1249 divini
1705 1214 1811 1249 iudicii
1839 1213 1979 1249 obtesta-

1228 1270 1323 1309 tione,
1339 1270 1546 1304 anathematis
1561 1269 1726 1303 interdicto
1742 1268 1979 1315 promulgantes

1227 1323 1438 1366 ‹li-cernimus,
1461 1331 1496 1357 ut
1512 1336 1570 1358 nec
1587 1336 1710 1370 magua,
1733 1334 1891 1370 parvaque
1906 1335 1980 1370 per-

1228 1390 1302 1412 sona
1325 1378 1449 1422 audeat,
1472 1390 1574 1425 neque
1597 1385 1777 1425 praesumat
1798 1385 1906 1412 contra
1921 1377 1980 1413 hoc

1230 1442 1370 1466 nostrum
1400 1432 1607 1478 apostolicum
1636 1433 1835 1479 privilegium
1863 1432 1893 1467 in
1921 1432 1982 1467 ali-

1229 1487 1345 1533 ‹piilius
1385 1486 1525 1532 l'rangere
1553 1489 1596 1531 (l)
1624 1488 1810 1527 tentaverit,
1844 1487 1922 1522 scirit
1946 1499 1982 1523 se

1230 1541 1289 1575 nisi
1314 1541 1488 1587 resipuerit,
1512 1541 1695 1575 auctoritate
1710 1541 1766 1576 Dei
1781 1542 1984 1589 omnipoten-

1230 1595 1281 1634 tis,
1301 1603 1330 1628 rt
1352 1596 1449 1629 sancti
1469 1595 1553 1629 Petri
1580 1596 1794 1642 apostolorum
1820 1596 1982 1643 principis,

1231 1658 1324 1696 atque
1347 1658 1463 1689 nostra,
1486 1650 1539 1696 qui
1564 1650 1633 1684 eius
1660 1649 1821 1695 fungimur
1844 1650 1984 1685 vicaria-

1233 1705 1327 1747 tione,
1350 1704 1556 1738 anatlieinatis
1574 1704 1708 1738 vinculis
1725 1703 1984 1739 indissolubiliter

1232 1770 1301 1793 esse
1324 1759 1560 1803 innodandum,
1596 1767 1626 1793 et
1659 1771 1675 1792 a
1700 1770 1795 1805 regno
1822 1757 1878 1793 Dei
1902 1758 1985 1793 alie-

1234 1813 1386 1851 nandum,
1409 1821 1439 1846 et
1461 1825 1532 1846 cum
1556 1813 1693 1857 diabolo,
1716 1822 1745 1848 et
1768 1813 1836 1848 eius
1857 1814 1985 1848 atrocis-

1234 1867 1323 1901 simis
1346 1863 1481 1913 pompis,
1510 1875 1603 1914 atque
1626 1880 1697 1901 cum
1731 1867 1806 1902 Iuda
1835 1867 1984 1903 traditore

1234 1921 1363 1958 Domini
1388 1921 1485 1955 nostri
1512 1921 1584 1955 Iesu
1611 1921 1728 1956 Christi
1743 1923 1773 1956 in
1791 1930 1920 1957 aeterno
1935 1922 1986 1957 in-

1990 264 2044 293 An.
2072 262 2103 293 C.
2122 263 2170 292 951

1991 354 2036 374 tum
2092 349 2176 373 abbati·

1991 386 2094 418 regimini
2113 394 2177 409 eom-

1979 449 1982 452 ,
1993 424 2099 447 mittitur.

2005 1234 2108 1265 Cuiquam
2151 1232 2191 1255 sub

2029 1269 2176 1293 anathematis

2005 1314 2078 1338 poena
2114 1304 2191 1328 mole-

2005 1343 2072 1366 ntium
2087 1344 2125 1365 aut
2146 1341 2192 1363 vim

2007 1377 2074 1401 ullam
2090 1377 2111 1399 ei
2123 1376 2194 1399 infor-

2007 1421 2032 1436 η
2042 1412 2193 1436 interdicitur.

1235 1975 1348 2011 cendio
1377 1975 1658 2020 concremandum,
1686 1984 1716 2010 et
1751 1976 1781 2010 in
1805 1975 1985 2022 voraginem
2015 1994 2018 1997 ·

1237 2038 1469 2076 tartareumque
1496 2029 1592 2064 cbaos
1629 2042 1751 2065 mersus
1786 2042 1858 2065 cum
1882 2029 1988 2077 impiis

1237 2084 1373 2119 deficiat.
1400 2084 1463 2126 Qui
1487 2097 1560 2119 vero
1593 2093 1711 2124 custos,
1744 2092 1775 2119 et
1807 2084 1990 2119 observator

1237 2139 1386 2179 extiterit,
1410 2138 1641 2174 benedictionis
1667 2138 1811 2185 gratiam,
1833 2146 1863 2172 et
1884 2137 1990 2173 caele—

1237 2196 1294 2229 stis
1321 2193 1538 2228 retributionis
1559 2205 1576 2227 a
1602 2194 1682 2227 iusto
1717 2192 1822 2227 iudice
1848 2191 1988 2227 Domino

1239 2257 1345 2284 nostro
1359 2248 1429 2282 lesu
1444 2247 1571 2282 Christo
1590 2247 1804 2294 multipliciter
1817 2258 1991 2293 consequa-

1239 2312 1301 2345 tur,
1323 2312 1351 2337 et
1374 2311 1454 2337 vitae
1475 2310 1621 2336 aeternae
1645 2302 1801 2349 particeps
1829 2312 1897 2334 esse
1922 2311 1990 2334 ine-

1241 2362 1353 2388 reatur.
1392 2353 1553 2399 Scriptum
1588 2364 1643 2398 per
1672 2363 1800 2385 manum
1835 2349 1990 2396 Stephani

1240 2403 1350 2438 notarii
1376 2403 1554 2447 regionarii,
1569 2410 1663 2448 atque
1684 2400 1837 2435 scriniarii
1865 2407 1991 2434 sanctae

1240 2452 1400 2487 Ecclesiae
1422 2463 1569 2485 romanae
1604 2452 1633 2484 in
1666 2462 1774 2484 mense
1809 2448 1991 2484 decembrio

1242 2515 1296 2549 per
1326 2501 1498 2535 indictione
1523 2500 1701 2547 supradicta
1735 2499 1869 2534 decima.
1903 2498 1992 2533 Bene

1241 2551 1350 2586 valete.

1262 2608 1367 2648 Script.
1384 2617 1485 2638 mense
1501 2607 1666 2637 decembris
1683 2615 1758 2635 anuo
1775 2604 1892 2635 Domini
1904 2603 1974 2642 951,

1421 2647 1524 2687 pontis.
1544 2648 1665 2687 Agapeti
1683 2656 1760 2676 anno
1777 2654 1812 2675 vr.

1279 2700 1317 2733 (l)
1334 2698 1386 2724 Sic.
