2237 3127
177 253 231 283 An.
252 252 281 282 C.
307 252 359 282 998

174 372 260 397 mettio
277 371 360 395 abbatis

174 417 243 440 penes
276 416 359 432 mnua-

173 445 236 469 thos.

174 563 261 585 Poenae
280 564 358 584 contra

173 598 347 621 inobservatos.

171 1952 225 1982 An.
255 1951 284 1981 C.
305 1952 358 1980 999

438 251 508 283 476

387 314 483 349 tionis
509 312 640 359 gradum
659 311 822 358 suscipere
839 310 1022 357 ubicunque
1039 310 1139 345 rolue-
1180 310 1269 345 Obiit
1291 311 1343 345 die
1359 313 1398 345 11
1426 310 1595 346 maiianno
1620 313 1726 353 1005,
1749 318 1780 346 et

389 364 461 398 rint.
503 361 642 396 Abbates
690 372 826 406 namque
877 360 929 406 qni
964 360 1136 394 consecrati

388 420 481 447 erunt
497 411 536 445 de
559 411 625 457 ipsa
648 408 895 455 congregatione
908 421 980 442 cum
1003 408 1138 443 consilio

387 460 518 495 fratrum
542 459 753 493 communiter
774 457 942 503 eligantur,
965 464 995 492 et
1010 457 1048 491 ad
1064 470 1136 492 eum

386 508 634 544 consecrandum
648 518 884 553 quemcumque
899 506 1055 541 voluerint
1067 506 1137 553 epi-

385 570 516 605 scopum
539 556 703 591 advocent.
723 556 755 590 Si
780 556 851 602 quis
872 563 978 590 autem
1002 563 1137 590 temera-

385 607 432 642 rio
454 619 546 645 ausu,
573 605 656 652 qnod
682 605 747 640 lieri
776 617 839 638 non
861 604 1033 648 credimus,
1052 617 1137 640 con—-

385 665 431 690 tra
453 655 547 690 liuius
571 662 695 689 nostrae
716 654 906 700 apostolicae
921 654 1137 689 confirmatio-

385 705 435 739 nis
457 705 571 740 seriem
593 704 699 738 venire
721 711 775 738 ant
801 715 892 749 agere
926 704 1136 750 temptaverit,

384 754 462 789 sciat
479 766 513 788 se
540 752 660 788 domini
688 752 785 787 nostri
807 752 1021 799 apostolorum
1048 753 1137 799 priu-

384 804 464 850 cipis
485 803 570 837 Petri
597 802 806 836 anathematis
828 801 955 836 vinculo
979 801 1131 836 innodan-

384 852 472 896 dum,
499 859 530 886 et
556 863 627 886 cum
655 851 792 891 diabolo,
814 857 845 885 et
871 850 941 885 eius
963 851 1077 885 atrocis
1093 854 1136 895 (1)

384 900 512 949 pompis
533 908 626 947 atque
648 912 720 935 cum
743 899 819 934 Iuda
842 899 990 934 traditore
1005 899 1135 934 Domini

383 959 414 986 et
428 950 600 985 Salvatoris
624 949 722 984 nostri
744 949 816 983 lesu
839 948 960 983 Christi
980 949 1009 982 in
1033 958 1136 984 aeter-

383 1012 461 1034 num
489 999 593 1043 ignem
615 997 897 1038 concremandum,
925 998 1086 1044 simulque
1103 999 1134 1033 in

383 1049 534 1094 voragine
549 1056 746 1094 tartareoque
760 1048 855 1081 chaos
868 1046 1047 1082 demersum
1063 1060 1134 1082 cnm

383 1097 490 1144 impiis
511 1097 735 1132 deficiendum.
769 1096 831 1138 Qui
856 1108 928 1131 vero
963 1105 1070 1131 custos
1105 1105 1135 1131 et

383 1147 565 1182 observator
593 1147 687 1180 huius
703 1146 799 1181 nostri
819 1146 971 1192 privilegii
988 1146 1133 1186 extiterit,

383 1195 616 1231 benedictionis
642 1195 784 1241 gratiam,
807 1203 837 1229 et
857 1195 952 1229 vitam
975 1203 1134 1229 aeternam

384 1257 402 1281 a
438 1245 576 1280 Domino
620 1252 842 1291 consequatur.
876 1244 1037 1290 Scriptum
1081 1256 1136 1291 per

384 1306 515 1329 manum
543 1293 628 1328 Petri
651 1294 762 1328 notarii
791 1302 819 1327 ct
843 1294 983 1327 scrinarii
1010 1302 1136 1328 sanctae

384 1355 533 1378 romanae
567 1343 729 1378 Ecclesiae
765 1342 796 1376 in
832 1355 940 1377 mense
967 1343 1073 1389 aprilis
1107 1350 1136 1377 et

383 1392 558 1427 indictione
581 1392 760 1426 undecima.

434 1453 539 1494 Script.
563 1462 664 1483 mense
683 1453 768 1492 aprili
788 1462 863 1482 anno
885 1452 1002 1482 Domini
1021 1454 1087 1490 998,

559 1502 661 1542 pontif.
684 1501 816 1540 Gregorii
835 1510 911 1531 anno
933 1510 963 1531 11.

614 1670 847 1719 SILVESTER
882 1670 911 1718 ll

661 1756 755 1786 [him
774 1756 867 1786 CXLII

381 1820 474 1855 Αηηο
497 1830 588 1854 aerae
610 1819 724 1853 Clu-isa
750 1831 858 1853 comm.
883 1819 1135 1853 DCCCCXCIX.

385 1893 590 1974 Gerhertus‚
613 1933 740 1968 natione
754 1933 946 1979 Aquitanas,
961 1933 1137 1967 monachus

381 1983 413 2017 in
436 1983 619 2030 Aquitania,
661 1995 735 2017 mox
769 1983 866 2017 abbas
900 1983 1068 2017 Bohiensis
1105 1983 1136 2016 in

380 2031 479 2073 Italia,
508 2032 561 2079 qui
596 2044 613 2066 a
648 2032 822 2066 Rhemensi
848 2032 1136 2079 archiepiscopatu,

381 2093 476 2128 quem
505 2082 670 2121 invaserat,
692 2081 819 2116 Ioannis
856 2081 916 2115 XV
951 2081 1137 2115 anctoritate

381 2130 544 2177 depositus
571 2130 682 2170 fuerat,
713 2129 913 2177 postmodum
943 2142 959 2164 a
982 2130 1137 2176 Gregorio

380 2178 634 2214 Ravennatensis
657 2180 913 2226 archiepiscopus
936 2179 1054 2222 dietus,
1088 2179 1138 2212 in-

381 2228 575 2263 thronizatus
604 2236 651 2263 est
674 2240 824 2263 romanus
846 2228 986 2275 pontifex
1010 2228 1061 2262 die
1079 2228 1138 2262 do-

380 2278 498 2312 minica
521 2282 541 2311 2
571 2278 691 2312 mensis
723 2278 832 2324 aprilis
858 2290 941 2312 anno
964 2280 1047 2317 999,
1086 2277 1138 2311 di-

380 2334 514 2373 ctusque
537 2326 690 2361 Silvester
711 2327 807 2361 huius
826 2327 965 2361 nominis
993 2326 1031 2360 ΙΙ.
1048 2326 1139 2360 Sedit

380 2387 481 2410 annos
504 2388 549 2415 iv,
573 2388 715 2410 mensem
739 2389 762 2416 ι,
790 2376 857 2410 <lies
878 2388 916 2410 ix
943 2378 988 2419 β.)
1008 2384 1139 2422 temp0÷

382 2425 471 2459 ribus
492 2425 602 2459 Basilii
638 2434 667 2459 et
696 2425 896 2460 Constantini
921 2425 951 2458 in
995 2424 1137 2465 Oriente,

381 2472 520 2509 Othonis
548 2475 592 2509 Ill
627 2474 656 2508 in
691 2474 862 2509 Occidente
897 2474 1136 2521 imperatorum.

416 2544 455 2579 (l)
475 2544 558 2571 Sociis
573 2547 692 2571 restitnit
714 2546 848 2576 Bolanus,
866 2546 958 2570 melius
984 2553 1046 2570 *vero
1062 2547 1137 2570 atro-

380 2584 502 2610 cissimis.
541 2585 579 2619 (2)
597 2585 721 2612 Unanimi
740 2586 795 2612 l‘ero
811 2585 1001 2620 catalogorum,
1027 2584 1138 2611 chroni-

380 2630 527 2660 COI'ulanO
543 2632 684 2652 COHSCHSU·

973 257 1164 280 BULLARIUM
1186 257 1206 280 R
1213 257 1355 280 OMANUM

1837 310 1934 346 ostri-

1180 360 1230 394 die
1256 360 1401 405 sepultus
1429 368 1476 394 est
1503 360 1662 394 Laterani.
1692 323 1934 396 Vacavitpsedes

1180 409 1247 444 dies
1270 421 1379 443 xxxni
1399 411 1459 454 (l).

1543 534 1567 569 I.

1179 607 1352 640 Abbati'bas
1378 607 1580 640 Fulclensibus
1616 607 1665 640 ius
1687 607 1842 650 primatus
1862 618 1932 640 cum

1227 657 1377 699 facultate
1398 657 1531 700 synodos
1558 656 1691 689 habendi
1715 657 1927 701 confirmatam

1227 706 1327 749 eisque
1349 717 1430 738 more
1449 705 1658 749 episcoporwn
1680 706 1722 738 ad
1742 706 1842 738 sedem
1859 717 1930 749 apo-

1227 755 1365 787 stolicam
1376 755 1556 799 appellandi
1569 754 1689 787 licencia
1704 755 1851 788 tribuitur
1866 755 1928 797 (2).

1229 805 1313 845 (Alia
1324 804 1393 836 ltaic
1411 805 1594 837 monasterio
1611 815 1751 837 concessa
1760 804 1928 848 privilcqia

1227 854 1284 896 leq.
1310 854 1339 885 in
1354 853 1399 885 Io.
1425 853 1512 886 XIII
1527 859 1621 886 const.
1637 851 1837 887 Desiderium
1856 859 1925 891 ecc„

1227 903 1291 935 dat.
1320 914 1402 935 aimo
1430 904 1502 935 968
1539 903 1572 935 ¹in
1598 903 1740 945 Agyapeto
1767 902 1813 943 II,
1837 902 1927 936 Ioan.

1232 951 1326 993 Vm,
1342 952 1497 995 Stephano
1521 951 1567 991 ΙΙ,
1595 958 1620 984 el
1643 952 1819 985 Zachariae
1836 958 1930 985 const.

1226 999 1385 1041 Quoniam
1409 1011 1535 1046 semper
1548 1008 1613 1041 ela,
1636 1001 1699 1033 dal.
1722 1012 1805 1033 atino
1832 998 1931 1044 754).

1449 1068 1635 1099 SUMMARIU
1641 1069 1663 1098 M

1177 1130 1343 1160 Exordium.
1374 1148 1415 1153 —
1444 1130 1634 1161 Confirmatio
1663 1130 1883 1169 privilegiorum
1917 1139 1932 1160 a

1218 1171 1342 1200 summis
1361 1170 1463 1209 pontif.
1490 1179 1712 1200 concessorum.
1735 1187 1776 1192 —
1801 1169 1932 1200 Abbates

1217 1210 1380 1240 Fuldenses
1408 1220 1422 1239 a
1452 1210 1513 1240 sola
1542 1211 1611 1239 sede
1635 1209 1795 1248 apostolica
1822 1219 1932 1239 conse-

1217 1251 1330 1280 crandi.
1353 1267 1392 1272 —
1414 1250 1461 1279 lus
1480 1250 1646 1289 primatiale
1673 1253 1701 1279 et
1723 1250 1852 1287 synodos
1885 1258 1935 1279 vo-

1218 1290 1315 1319 candi.
1334 1307 1374 1312 —
1391 1289 1506 1319 Nemini
1524 1290 1609 1319 liceat
1638 1289 1804 1319 inconsulto
1828 1288 1934 1319 abbate

1218 1339 1300 1359 sacra
1321 1329 1429 1359 hahere
1452 1330 1486 1358 ad
1512 1329 1682 1359 monasterii
1702 1328 1864 1368 principale
1890 1329 1932 1358 al-

1218 1373 1288 1399 tare.
1309 1386 1349 1391 ——
1366 1369 1574 1399 Monasterinm
1598 1369 1655 1397 soli
1673 1368 1852 1407 apostolieae
1869 1368 1934 1398 sedi

1219 1409 1395 1438 subiectum.
1417 1426 1457 1430 —
1478 1409 1606 1437 Ahhates
1629 1408 1664 1437 ab
1685 1408 1739 1438 hac
1761 1408 1859 1437 solum
1883 1407 1933 1437 iu-

1218 1449 1346 1478 dicandi.
1367 1465 1407 1470 —
1428 1448 1476 1477 Ins
1496 1448 1663 1487 appellandi
1681 1448 1717 1477 ad
1740 1448 1840 1477 sedem
1863 1455 1936 1486 apo-

1219 1489 1361 1518 stolicam.
1384 1504 1424 1510 —
1446 1488 1522 1517 Usus
1546 1488 1747 1517 sandaliorum
1770 1492 1798 1517 et
1824 1487 1936 1516 dalma-

1220 1528 1304 1556 ticae.
1335 1544 1375 1549 —
1410 1527 1489 1557 Dona
1526 1532 1554 1557 et
1584 1527 1716 1557 decimae
1752 1526 1934 1556 monasterio

1219 1568 1339 1597 omnino
1366 1567 1492 1597 debitae.
1514 1583 1554 1589 --
1574 1567 1736 1596 Anathema
1760 1571 1861 1596 contra
1889 1565 1936 1596 in-

1220 1607 1419 1636 observantes.

1179 1667 1287 1697 Silrrster
1304 1668 1423 1706 episcopus
1440 1677 1517 1697 servm
1538 1676 1655 1697 senonim
1672 1666 1724 1705 Dei,
1745 1667 1897 1697 dilectissimo
1911 1667 1936 1697 in

1218 1708 1315 1736 Domino
1334 1709 1382 1737 lilio
1399 1707 1544 1737 Erkanhaldo
1560 1708 1692 1736 monasterii
1708 1707 1935 1737 Salvalorisssomini

1220 1748 1289 1776 inntri
1316 1748 1364 1776 lrsn
1395 1748 1478 1777 Christi
1500 1747 1626 1776 venerabili
1653 1746 1746 1783 abbati,
1773 1750 1796 1776 et
1817 1755 1858 1786 per
1882 1755 1935 1776 eum

1220 1788 1289 1825 ipsius
1303 1787 1473 1817 stit-cesserimus
1492 1788 1513 1816 in
1529 1790 1678 1826 perpetuum.

1230 1844 1385 1878 Pontilicii
1414 1845 1513 1879 nostri
1529 1856 1603 1878 cura
1627 1856 1684 1878 nos
1701 1851 1790 1890 urget
1812 1851 1937 1879 sancta-

1182 1906 1250 1927 rum
1277 1894 1418 1928 omninm
1434 1894 1491 1928 Dei
1510 1893 1721 1928 E‹·clesiai·11m
1746 1893 1935 1927 utilitatibus

1181 1942 1298 1981 sarcre,
1329 1955 1365 1977 ac
1404 1943 1580 1977 secundnm
1613 1942 1698 1989 qnod
1726 1953 1936 1989 unaquaeque

1182 1992 1211 2025 in
1242 1993 1371 2038 proprio
1394 2000 1477 2026 statu
1504 2004 1650 2026 mansura
1680 1991 1731 2034 sit,
1756 2003 1934 2037 congruum

1180 2040 1226 2074 eis
1255 2041 1413 2086 impertire
1448 2041 1645 2085 sull'ragium.
1668 2040 1740 2081 Quo
1767 2040 1861 2081 circa,
1884 2039 1935 2074 di-

1182 2089 1352 2124 lectissime
1385 2090 1440 2130 iili,
1468 2091 1574 2124 onmia
1601 2101 1682 2136 quae
1703 2101 1720 2124 a
1748 2089 1935 2136 praedeces-

1182 2139 1306 2172 sorihns
1330 2140 1443 2173 nostris
1465 2139 1532 2173 inre
1554 2151 1589 2172 ac
1612 2138 1843 2173 rationabiliter
1869 2149 1935 2184 po-

1180 2188 1313 2222 stulasse
1337 2188 1391 2221 risi
1415 2196 1491 2222 sunt
1510 2188 1771 2234 praedecessores
1797 2187 1855 2231 tui,
1877 2187 1933 2221 tibi

1182 2237 1305 2283 tuisque
1327 2237 1563 2271 successoribus
1591 2245 1744 2283 perpetuo
1765 2236 1934 2270 confirma-

1182 2298 1262 2319 mus.
1286 2285 1511 2319 Monasterinm
1540 2298 1614 2330 ergo
1648 2285 1820 2329 Fnldense,
1848 2284 1933 2332 qno-j

1181 2335 1286 2369 Sancti
1309 2335 1465 2369 Bonil'acii
1490 2335 1643 2369 vocabulo
1671 2335 1756 2380 viget
1776 2334 1934 2369 constitu-

1181 2391 1247 2417 tum
1283 2384 1313 2417 in
1341 2384 1410 2418 loco
1437 2384 1489 2430 qni
1522 2384 1639 2418 dicitur
1671 2383 1825 2424 Boconia‚
1860 2394 1934 2430 erga

1182 2433 1281 2479 ripam
1318 2433 1458 2467 fluminis
1497 2432 1653 2472 Fnlilaha,
1676 2444 1748 2467 cum
1784 2431 1935 2466 omnibus

1181 2482 1280 2526 cellis,
1307 2482 1464 2526 ecclesiis,
1497 2481 1641 2516 curtibus
1673 2493 1708 2516 ac
1740 2481 1862 2516 cunctis
1895 2480 1934 2515 ad

1217 2542 1256 2578 (l)
1275 2543 1318 2569 Sic
1333 2542 1427 2577 legitur
1447 2543 1473 2569 in
1498 2550 1547 2569 vni
1570 2551 1602 2568 ex
1619 2541 1709 2569 Critic.
1726 2542 1822 2568 Baron.
1849 2540 1932 2576 praef.

1180 2582 1313 2616 catalogis.
1351 2582 1390 2616 (2)
1408 2582 1446 2607 Ex
1462 2582 1583 2608 authent.
1601 2581 1684 2608 edidit
1710 2581 1781 2608 Frid.
1799 2580 1934 2608 Schaunat

1180 2622 1248 2649 inter
1265 2621 1369 2649 urobat.
1387 2622 1471 2649 dioec.
1492 2626 1519 2649 et
1538 2621 1675 2649 monarch.
1693 2621 1805 2648 Fulden.

1958 232 2013 261 An.
2034 223 2063 261 c.
2092 230 2145 260 999

1994 1863 2121 1888 Exordium.

1988 2085 2132 2109 Confirmatio

1970 2121 2137 2152 privilegiorum

1961 2173 1974 2189 a
1984 2167 2079 2188 Summis
2088 2167 2149 2188 Pou-

1961 2201 1996 2223 tif.
2027 2209 2149 2225 concena-

1961 2246 2019 2262 rum.
