<?xml version="1.0" encoding="UTF-8"?>
<!DOCTYPE html PUBLIC "-//W3C//DTD XHTML 1.0 Transitional//EN"
    "http://www.w3.org/TR/xhtml1/DTD/xhtml1-transitional.dtd">
<html xmlns="http://www.w3.org/1999/xhtml" xml:lang="en" lang="en">
 <head>
  <title>
</title>
<meta http-equiv="Content-Type" content="text/html;charset=utf-8" />
  <meta name='ocr-system' content='tesseract 3.04.00' />
  <meta name='ocr-capabilities' content='ocr_page ocr_carea ocr_par ocr_line ocrx_word'/>
</head>
<body>
  <div class='ocr_page' id='page_1' title='image "./bullarumdiplomat01cath_0648.png"; bbox 0 0 2237 3127; ppageno 0'>
   <div class='ocr_carea' id='block_1_1' title="bbox 182 319 359 348">
    <p class='ocr_par' dir='ltr' id='par_1_1' title="bbox 182 319 359 348">
     <span class='ocr_line' id='line_1_1' title="bbox 182 319 359 348; baseline -0.006 -1"><span class='ocrx_word' id='word_1_1' title='bbox 182 321 232 348; x_wconf 78' lang='lat' dir='ltr'>An.</span> <span class='ocrx_word' id='word_1_2' title='bbox 252 319 281 346; x_wconf 89' lang='lat' dir='ltr'>C.</span> <span class='ocrx_word' id='word_1_3' title='bbox 298 319 359 347; x_wconf 82' lang='lat'>1051</span> 
     </span>
    </p>
   </div>
   <div class='ocr_carea' id='block_1_2' title="bbox 443 306 512 335">
    <p class='ocr_par' dir='ltr' id='par_1_2' title="bbox 443 306 512 335">
     <span class='ocr_line' id='line_1_2' title="bbox 443 306 512 335; baseline 0 0"><span class='ocrx_word' id='word_1_4' title='bbox 443 306 512 335; x_wconf 72' lang='lat' dir='ltr'>GI‘L’</span> 
     </span>
    </p>
   </div>
   <div class='ocr_carea' id='block_1_3' title="bbox 386 360 1137 2645">
    <p class='ocr_par' dir='ltr' id='par_1_3' title="bbox 386 360 1137 2645">
     <span class='ocr_line' id='line_1_3' title="bbox 391 360 1135 411; baseline -0.015 -8"><span class='ocrx_word' id='word_1_5' title='bbox 391 370 499 407; x_wconf 74' lang='lat' dir='ltr'>stiunt,</span> <span class='ocrx_word' id='word_1_6' title='bbox 535 365 589 401; x_wconf 84' lang='lat' dir='ltr'>scd</span> <span class='ocrx_word' id='word_1_7' title='bbox 617 375 714 411; x_wconf 82' lang='lat' dir='ltr'>ipsam</span> <span class='ocrx_word' id='word_1_8' title='bbox 744 370 873 397; x_wconf 85' lang='lat' dir='ltr'>matrem</span> <span class='ocrx_word' id='word_1_9' title='bbox 901 373 988 395; x_wconf 88' lang='lat' dir='ltr'>suam</span> <span class='ocrx_word' id='word_1_10' title='bbox 1024 360 1135 394; x_wconf 85' lang='lat' dir='ltr'>Eccle-</span> 
     </span>
     <span class='ocr_line' id='line_1_4' title="bbox 391 408 1136 460; baseline -0.013 -9"><span class='ocrx_word' id='word_1_11' title='bbox 391 418 481 460; x_wconf 83' lang='lat' dir='ltr'>siam,</span> <span class='ocrx_word' id='word_1_12' title='bbox 509 415 539 449; x_wconf 89' lang='lat' dir='ltr'>in</span> <span class='ocrx_word' id='word_1_13' title='bbox 566 426 625 460; x_wconf 89' lang='lat' dir='ltr'>qua</span> <span class='ocrx_word' id='word_1_14' title='bbox 652 425 689 447; x_wconf 86' lang='lat' dir='ltr'>ex</span> <span class='ocrx_word' id='word_1_15' title='bbox 716 424 796 458; x_wconf 91' lang='lat' dir='ltr'>aqua</span> <span class='ocrx_word' id='word_1_16' title='bbox 818 419 849 445; x_wconf 90' lang='lat' dir='ltr'>et</span> <span class='ocrx_word' id='word_1_17' title='bbox 869 410 991 456; x_wconf 86' lang='lat' dir='ltr'>Spiritu</span> <span class='ocrx_word' id='word_1_18' title='bbox 1019 408 1136 442; x_wconf 86' lang='lat' dir='ltr'>Sancto</span> 
     </span>
     <span class='ocr_line' id='line_1_5' title="bbox 391 457 1137 505; baseline -0.013 -5"><span class='ocrx_word' id='word_1_19' title='bbox 391 463 560 505; x_wconf 59' lang='lat' dir='ltr'>regenerati</span> <span class='ocrx_word' id='word_1_20' title='bbox 583 469 666 501; x_wconf 80' lang='lat' dir='ltr'>sunt,</span> <span class='ocrx_word' id='word_1_21' title='bbox 690 468 723 495; x_wconf 92' lang='lat' dir='ltr'>ut</span> <span class='ocrx_word' id='word_1_22' title='bbox 749 461 923 505; x_wconf 87' lang='lat' dir='ltr'>viperinum</span> <span class='ocrx_word' id='word_1_23' title='bbox 951 470 1053 504; x_wconf 80' lang='lat' dir='ltr'>genus</span> <span class='ocrx_word' id='word_1_24' title='bbox 1075 457 1137 491; x_wconf 91' lang='lat' dir='ltr'>dis-</span> 
     </span>
     <span class='ocr_line' id='line_1_6' title="bbox 389 501 1135 559; baseline -0.012 -11"><span class='ocrx_word' id='word_1_25' title='bbox 389 501 491 559; x_wconf 72' lang='lat' dir='ltr'>sipare</span> <span class='ocrx_word' id='word_1_26' title='bbox 512 510 730 546; x_wconf 80' lang='lat' dir='ltr'>contendunt?</span> <span class='ocrx_word' id='word_1_27' title='bbox 763 509 827 542; x_wconf 90' lang='lat' dir='ltr'>Etsi</span> <span class='ocrx_word' id='word_1_28' title='bbox 867 507 951 542; x_wconf 85' lang='lat' dir='ltr'>enim</span> <span class='ocrx_word' id='word_1_29' title='bbox 989 505 1135 540; x_wconf 74' lang='lat' dir='ltr'>sacerdos</span> 
     </span>
     <span class='ocr_line' id='line_1_7' title="bbox 388 555 1136 608; baseline -0.011 -13"><span class='ocrx_word' id='word_1_30' title='bbox 388 561 521 608; x_wconf 81' lang='lat' dir='ltr'><strong>quilibet</strong></span> <span class='ocrx_word' id='word_1_31' title='bbox 549 572 584 593; x_wconf 83' lang='lat' dir='ltr'>ex</span> <span class='ocrx_word' id='word_1_32' title='bbox 614 559 721 593; x_wconf 84' lang='lat' dir='ltr'>debito</span> <span class='ocrx_word' id='word_1_33' title='bbox 755 558 910 591; x_wconf 89' lang='lat' dir='ltr'>humanae</span> <span class='ocrx_word' id='word_1_34' title='bbox 945 555 1136 590; x_wconf 85' lang='lat' dir='ltr'>conditionis</span> 
     </span>
     <span class='ocr_line' id='line_1_8' title="bbox 388 606 1135 657; baseline -0.011 -13"><span class='ocrx_word' id='word_1_35' title='bbox 388 611 476 653; x_wconf 83' lang='lat' dir='ltr'>obiit,</span> <span class='ocrx_word' id='word_1_36' title='bbox 499 608 553 643; x_wconf 86' lang='lat' dir='ltr'>sed</span> <span class='ocrx_word' id='word_1_37' title='bbox 573 608 728 649; x_wconf 66' lang='lat' dir='ltr'>(jin-istus,</span> <span class='ocrx_word' id='word_1_38' title='bbox 750 607 802 653; x_wconf 86' lang='lat' dir='ltr'>qui</span> <span class='ocrx_word' id='word_1_39' title='bbox 825 606 1000 639; x_wconf 89' lang='lat' dir='ltr'>animarum</span> <span class='ocrx_word' id='word_1_40' title='bbox 1019 613 1135 657; x_wconf 84' lang='lat' dir='ltr'>nostra-</span> 
     </span>
     <span class='ocr_line' id='line_1_9' title="bbox 388 653 1135 703; baseline -0.011 -10"><span class='ocrx_word' id='word_1_41' title='bbox 388 671 455 693; x_wconf 91' lang='lat' dir='ltr'>rum</span> <span class='ocrx_word' id='word_1_42' title='bbox 479 658 647 703; x_wconf 85' lang='lat' dir='ltr'>episcopus</span> <span class='ocrx_word' id='word_1_43' title='bbox 673 665 730 693; x_wconf 79' lang='lat' dir='ltr'>est,</span> <span class='ocrx_word' id='word_1_44' title='bbox 753 668 791 689; x_wconf 85' lang='lat' dir='ltr'>ex</span> <span class='ocrx_word' id='word_1_45' title='bbox 817 655 929 688; x_wconf 85' lang='lat' dir='ltr'>virtute</span> <span class='ocrx_word' id='word_1_46' title='bbox 965 653 1135 686; x_wconf 79' lang='lat' dir='ltr'>divinitatis</span> 
     </span>
     <span class='ocr_line' id='line_1_10' title="bbox 388 701 1136 741; baseline -0.009 1"><span class='ocrx_word' id='word_1_47' title='bbox 388 708 417 741; x_wconf 88' lang='lat' dir='ltr'>in</span> <span class='ocrx_word' id='word_1_48' title='bbox 441 715 601 741; x_wconf 86' lang='lat' dir='ltr'>aeternum</span> <span class='ocrx_word' id='word_1_49' title='bbox 624 705 708 738; x_wconf 68' lang='lat' dir='ltr'>vivit.</span> <span class='ocrx_word' id='word_1_50' title='bbox 737 704 826 738; x_wconf 86' lang='lat' dir='ltr'>Sicut</span> <span class='ocrx_word' id='word_1_51' title='bbox 847 704 931 737; x_wconf 89' lang='lat' dir='ltr'>euim</span> <span class='ocrx_word' id='word_1_52' title='bbox 954 701 1136 736; x_wconf 84' lang='lat' dir='ltr'>Paulusdi-</span> 
     </span>
     <span class='ocr_line' id='line_1_11' title="bbox 387 752 1135 790; baseline -0.009 0"><span class='ocrx_word' id='word_1_53' title='bbox 387 757 445 790; x_wconf 89' lang='lat' dir='ltr'>cit:</span> <span class='ocrx_word' id='word_1_54' title='bbox 471 755 581 789; x_wconf 87' lang='lat' dir='ltr'>Plures</span> <span class='ocrx_word' id='word_1_55' title='bbox 606 754 676 788; x_wconf 86' lang='lat' dir='ltr'>sacti</span> <span class='ocrx_word' id='word_1_56' title='bbox 699 761 770 787; x_wconf 89' lang='lat' dir='ltr'>sunt</span> <span class='ocrx_word' id='word_1_57' title='bbox 805 752 983 787; x_wconf 75' lang='lat' dir='ltr'>sacerdotes</span> <span class='ocrx_word' id='word_1_58' title='bbox 1017 763 1135 784; x_wconf 87' lang='lat' dir='ltr'>secun-</span> 
     </span>
     <span class='ocr_line' id='line_1_12' title="bbox 388 800 1135 849; baseline -0.008 -11"><span class='ocrx_word' id='word_1_59' title='bbox 388 805 464 839; x_wconf 89' lang='lat' dir='ltr'>dum</span> <span class='ocrx_word' id='word_1_60' title='bbox 492 804 606 849; x_wconf 74' lang='lat' dir='ltr'>legem,</span> <span class='ocrx_word' id='word_1_61' title='bbox 632 815 669 837; x_wconf 94' lang='lat' dir='ltr'>eo</span> <span class='ocrx_word' id='word_1_62' title='bbox 696 803 778 849; x_wconf 87' lang='lat' dir='ltr'>quod</span> <span class='ocrx_word' id='word_1_63' title='bbox 802 810 900 836; x_wconf 88' lang='lat' dir='ltr'>morte</span> <span class='ocrx_word' id='word_1_64' title='bbox 930 800 1135 847; x_wconf 82' lang='lat' dir='ltr'>prohiberen-</span> 
     </span>
     <span class='ocr_line' id='line_1_13' title="bbox 387 848 1133 899; baseline -0.007 -12"><span class='ocrx_word' id='word_1_65' title='bbox 387 861 437 887; x_wconf 89' lang='lat' dir='ltr'>tur</span> <span class='ocrx_word' id='word_1_66' title='bbox 469 864 662 899; x_wconf 86' lang='lat' dir='ltr'>permanere.</span> <span class='ocrx_word' id='word_1_67' title='bbox 689 851 777 885; x_wconf 85' lang='lat' dir='ltr'>lesus</span> <span class='ocrx_word' id='word_1_68' title='bbox 811 858 913 884; x_wconf 89' lang='lat' dir='ltr'>autem</span> <span class='ocrx_word' id='word_1_69' title='bbox 933 877 941 889; x_wconf 76' lang='lat'>,</span> <span class='ocrx_word' id='word_1_70' title='bbox 977 861 1014 883; x_wconf 84' lang='lat' dir='ltr'>eo</span> <span class='ocrx_word' id='word_1_71' title='bbox 1050 848 1133 895; x_wconf 89' lang='lat' dir='ltr'>quod</span> 
     </span>
     <span class='ocr_line' id='line_1_14' title="bbox 388 898 1135 945; baseline -0.007 -9"><span class='ocrx_word' id='word_1_72' title='bbox 388 910 511 936; x_wconf 86' lang='lat' dir='ltr'>maneat</span> <span class='ocrx_word' id='word_1_73' title='bbox 545 902 574 935; x_wconf 90' lang='lat' dir='ltr'>in</span> <span class='ocrx_word' id='word_1_74' title='bbox 604 908 788 942; x_wconf 77' lang='lat' dir='ltr'>aeternum,</span> <span class='ocrx_word' id='word_1_75' title='bbox 818 900 1044 945; x_wconf 87' lang='lat' dir='ltr'>sempiternum</span> <span class='ocrx_word' id='word_1_76' title='bbox 1079 898 1135 931; x_wconf 89' lang='lat' dir='ltr'>ba-</span> 
     </span>
     <span class='ocr_line' id='line_1_15' title="bbox 387 948 1135 993; baseline -0.008 -8"><span class='ocrx_word' id='word_1_77' title='bbox 387 951 439 985; x_wconf 91' lang='lat' dir='ltr'>bet</span> <span class='ocrx_word' id='word_1_78' title='bbox 463 950 672 985; x_wconf 74' lang='lat' dir='ltr'>sacerdotium</span> <span class='ocrx_word' id='word_1_79' title='bbox 695 953 746 993; x_wconf 60' lang='lat' dir='ltr'>ta).</span> <span class='ocrx_word' id='word_1_80' title='bbox 768 949 868 983; x_wconf 88' lang='lat' dir='ltr'>Deum</span> <span class='ocrx_word' id='word_1_81' title='bbox 901 960 976 991; x_wconf 75' lang='lat' dir='ltr'>ergo</span> <span class='ocrx_word' id='word_1_82' title='bbox 999 948 1135 981; x_wconf 85' lang='lat' dir='ltr'>inbono-</span> 
     </span>
     <span class='ocr_line' id='line_1_16' title="bbox 388 996 1135 1044; baseline -0.007 -10"><span class='ocrx_word' id='word_1_83' title='bbox 388 1011 456 1034; x_wconf 85' lang='lat' dir='ltr'>rare</span> <span class='ocrx_word' id='word_1_84' title='bbox 491 998 789 1044; x_wconf 75' lang='lat' dir='ltr'>convincitur‚q11i</span> <span class='ocrx_word' id='word_1_85' title='bbox 830 998 948 1031; x_wconf 81' lang='lat' dir='ltr'>mortali</span> <span class='ocrx_word' id='word_1_86' title='bbox 986 996 1135 1042; x_wconf 81' lang='lat' dir='ltr'>episcopo</span> 
     </span>
     <span class='ocr_line' id='line_1_17' title="bbox 386 1045 1135 1093; baseline -0.004 -12"><span class='ocrx_word' id='word_1_87' title='bbox 386 1049 522 1087; x_wconf 74' lang='lat' dir='ltr'>vivente,</span> <span class='ocrx_word' id='word_1_88' title='bbox 563 1056 683 1081; x_wconf 88' lang='lat' dir='ltr'>terrena</span> <span class='ocrx_word' id='word_1_89' title='bbox 726 1059 851 1093; x_wconf 81' lang='lat' dir='ltr'>pressus</span> <span class='ocrx_word' id='word_1_90' title='bbox 884 1046 1069 1083; x_wconf 69' lang='lat' dir='ltr'>formidine,</span> <span class='ocrx_word' id='word_1_91' title='bbox 1098 1045 1135 1078; x_wconf 90' lang='lat' dir='ltr'>ab</span> 
     </span>
     <span class='ocr_line' id='line_1_18' title="bbox 386 1094 1135 1135; baseline -0.003 -5"><span class='ocrx_word' id='word_1_92' title='bbox 386 1097 548 1131; x_wconf 73' lang='lat' dir='ltr'>Ecclesiae</span> <span class='ocrx_word' id='word_1_93' title='bbox 575 1109 608 1130; x_wconf 89' lang='lat' dir='ltr'>se</span> <span class='ocrx_word' id='word_1_94' title='bbox 638 1097 773 1131; x_wconf 72' lang='lat' dir='ltr'>laesione</span> <span class='ocrx_word' id='word_1_95' title='bbox 800 1095 958 1135; x_wconf 78' lang='lat' dir='ltr'>coliibuit·,</span> <span class='ocrx_word' id='word_1_96' title='bbox 987 1094 1135 1128; x_wconf 74' lang='lat' dir='ltr'>defuneto</span> 
     </span>
     <span class='ocr_line' id='line_1_19' title="bbox 386 1144 1135 1190; baseline -0.005 -10"><span class='ocrx_word' id='word_1_97' title='bbox 386 1154 489 1180; x_wconf 86' lang='lat' dir='ltr'>autem</span> <span class='ocrx_word' id='word_1_98' title='bbox 517 1158 565 1185; x_wconf 82' lang='lat' dir='ltr'>eo,</span> <span class='ocrx_word' id='word_1_99' title='bbox 592 1145 629 1179; x_wconf 80' lang='lat' dir='ltr'>ad</span> <span class='ocrx_word' id='word_1_100' title='bbox 666 1146 808 1179; x_wconf 86' lang='lat' dir='ltr'>iniuriam</span> <span class='ocrx_word' id='word_1_101' title='bbox 836 1144 951 1178; x_wconf 83' lang='lat' dir='ltr'>Christi</span> <span class='ocrx_word' id='word_1_102' title='bbox 980 1144 1033 1190; x_wconf 87' lang='lat' dir='ltr'>qui</span> <span class='ocrx_word' id='word_1_103' title='bbox 1074 1144 1135 1176; x_wconf 92' lang='lat' dir='ltr'>im-</span> 
     </span>
     <span class='ocr_line' id='line_1_20' title="bbox 387 1193 1134 1240; baseline -0.005 -12"><span class='ocrx_word' id='word_1_104' title='bbox 387 1194 526 1229; x_wconf 86' lang='lat' dir='ltr'>mortalis</span> <span class='ocrx_word' id='word_1_105' title='bbox 553 1194 713 1229; x_wconf 75' lang='lat' dir='ltr'>Ecclesiae</span> <span class='ocrx_word' id='word_1_106' title='bbox 740 1206 876 1240; x_wconf 88' lang='lat' dir='ltr'>sponsus</span> <span class='ocrx_word' id='word_1_107' title='bbox 898 1202 955 1231; x_wconf 75' lang='lat' dir='ltr'>est,</span> <span class='ocrx_word' id='word_1_108' title='bbox 983 1193 1022 1226; x_wconf 86' lang='lat' dir='ltr'>sel</span> <span class='ocrx_word' id='word_1_109' title='bbox 1059 1193 1134 1232; x_wconf 75' lang='lat' dir='ltr'>odii,</span> 
     </span>
     <span class='ocr_line' id='line_1_21' title="bbox 386 1242 1134 1289; baseline -0.003 -12"><span class='ocrx_word' id='word_1_110' title='bbox 386 1251 416 1277; x_wconf 90' lang='lat' dir='ltr'>et</span> <span class='ocrx_word' id='word_1_111' title='bbox 446 1245 526 1277; x_wconf 83' lang='lat' dir='ltr'>virus</span> <span class='ocrx_word' id='word_1_112' title='bbox 550 1243 696 1281; x_wconf 80' lang='lat' dir='ltr'>malitiae,</span> <span class='ocrx_word' id='word_1_113' title='bbox 719 1243 803 1289; x_wconf 81' lang='lat' dir='ltr'>qnod</span> <span class='ocrx_word' id='word_1_114' title='bbox 839 1252 968 1277; x_wconf 81' lang='lat' dir='ltr'>eatenus</span> <span class='ocrx_word' id='word_1_115' title='bbox 995 1242 1134 1275; x_wconf 80' lang='lat' dir='ltr'>occulta-</span> 
     </span>
     <span class='ocr_line' id='line_1_22' title="bbox 386 1292 1134 1337; baseline -0.001 -11"><span class='ocrx_word' id='word_1_116' title='bbox 386 1292 437 1327; x_wconf 89' lang='lat' dir='ltr'>bat</span> <span class='ocrx_word' id='word_1_117' title='bbox 457 1320 465 1333; x_wconf 74' lang='grc'><em>,</em></span> <span class='ocrx_word' id='word_1_118' title='bbox 501 1292 642 1326; x_wconf 81' lang='lat' dir='ltr'>effundit.</span> <span class='ocrx_word' id='word_1_119' title='bbox 677 1292 717 1326; x_wconf 88' lang='lat' dir='ltr'>Et</span> <span class='ocrx_word' id='word_1_120' title='bbox 745 1293 873 1326; x_wconf 84' lang='lat' dir='ltr'>sortasse</span> <span class='ocrx_word' id='word_1_121' title='bbox 908 1293 1077 1337; x_wconf 82' lang='lat' dir='ltr'>episcopus</span> <span class='ocrx_word' id='word_1_122' title='bbox 1104 1293 1134 1325; x_wconf 88' lang='lat' dir='ltr'>in</span> 
     </span>
     <span class='ocr_line' id='line_1_23' title="bbox 386 1340 1134 1388; baseline -0.003 -13"><span class='ocrx_word' id='word_1_123' title='bbox 386 1342 447 1375; x_wconf 87' lang='lat' dir='ltr'>vita</span> <span class='ocrx_word' id='word_1_124' title='bbox 488 1354 541 1375; x_wconf 87' lang='lat' dir='ltr'>sua</span> <span class='ocrx_word' id='word_1_125' title='bbox 582 1342 716 1388; x_wconf 87' lang='lat' dir='ltr'>aliquem</span> <span class='ocrx_word' id='word_1_126' title='bbox 759 1341 863 1380; x_wconf 79' lang='lat' dir='ltr'>laesit;</span> <span class='ocrx_word' id='word_1_127' title='bbox 890 1341 944 1374; x_wconf 88' lang='lat' dir='ltr'>sed</span> <span class='ocrx_word' id='word_1_128' title='bbox 976 1340 1134 1382; x_wconf 68' lang='lat' dir='ltr'>Cin-isius,</span> 
     </span>
     <span class='ocr_line' id='line_1_24' title="bbox 388 1389 1134 1436; baseline -0.003 -12"><span class='ocrx_word' id='word_1_129' title='bbox 388 1391 443 1436; x_wconf 91' lang='lat' dir='ltr'>qui</span> <span class='ocrx_word' id='word_1_130' title='bbox 466 1390 625 1424; x_wconf 75' lang='lat' dir='ltr'>Ecclesiae</span> <span class='ocrx_word' id='word_1_131' title='bbox 663 1398 769 1424; x_wconf 89' lang='lat' dir='ltr'>custos</span> <span class='ocrx_word' id='word_1_132' title='bbox 802 1390 930 1424; x_wconf 87' lang='lat' dir='ltr'>relictus</span> <span class='ocrx_word' id='word_1_133' title='bbox 963 1398 1026 1426; x_wconf 83' lang='lat' dir='ltr'>est,</span> <span class='ocrx_word' id='word_1_134' title='bbox 1058 1389 1134 1435; x_wconf 80' lang='lat' dir='ltr'>qnid</span> 
     </span>
     <span class='ocr_line' id='line_1_25' title="bbox 390 1439 1132 1486; baseline -0.001 -13"><span class='ocrx_word' id='word_1_135' title='bbox 390 1440 550 1486; x_wconf 75' lang='lat' dir='ltr'>peccavit?</span> <span class='ocrx_word' id='word_1_136' title='bbox 572 1440 604 1473; x_wconf 83' lang='lat' dir='ltr'>Si</span> <span class='ocrx_word' id='word_1_137' title='bbox 628 1451 701 1485; x_wconf 74' lang='lat' dir='ltr'>ergo</span> <span class='ocrx_word' id='word_1_138' title='bbox 726 1439 780 1479; x_wconf 75' lang='lat' dir='ltr'>illi,</span> <span class='ocrx_word' id='word_1_139' title='bbox 802 1439 853 1485; x_wconf 93' lang='lat' dir='ltr'>qui</span> <span class='ocrx_word' id='word_1_140' title='bbox 877 1439 994 1479; x_wconf 73' lang='lat' dir='ltr'>nocuit,</span> <span class='ocrx_word' id='word_1_141' title='bbox 1018 1440 1132 1472; x_wconf 86' lang='lat' dir='ltr'>malum</span> 
     </span>
     <span class='ocr_line' id='line_1_26' title="bbox 389 1488 1135 1534; baseline 0.001 -13"><span class='ocrx_word' id='word_1_142' title='bbox 389 1500 446 1534; x_wconf 90' lang='lat' dir='ltr'>pro</span> <span class='ocrx_word' id='word_1_143' title='bbox 481 1489 560 1522; x_wconf 91' lang='lat' dir='ltr'>malo</span> <span class='ocrx_word' id='word_1_144' title='bbox 583 1500 645 1522; x_wconf 89' lang='lat' dir='ltr'>non</span> <span class='ocrx_word' id='word_1_145' title='bbox 669 1488 827 1528; x_wconf 75' lang='lat' dir='ltr'>redditur3</span> <span class='ocrx_word' id='word_1_146' title='bbox 856 1488 905 1522; x_wconf 89' lang='lat' dir='ltr'>cui</span> <span class='ocrx_word' id='word_1_147' title='bbox 934 1490 978 1530; x_wconf 78' lang='lat' dir='ltr'>(l)</span> <span class='ocrx_word' id='word_1_148' title='bbox 1008 1496 1135 1522; x_wconf 82' lang='lat' dir='ltr'>aeterno</span> 
     </span>
     <span class='ocr_line' id='line_1_27' title="bbox 389 1537 1133 1583; baseline -0.001 -12"><span class='ocrx_word' id='word_1_149' title='bbox 389 1537 533 1571; x_wconf 83' lang='lat' dir='ltr'>Pontifici</span> <span class='ocrx_word' id='word_1_150' title='bbox 551 1537 602 1583; x_wconf 88' lang='lat' dir='ltr'>qui</span> <span class='ocrx_word' id='word_1_151' title='bbox 627 1537 717 1571; x_wconf 92' lang='lat' dir='ltr'>nobis</span> <span class='ocrx_word' id='word_1_152' title='bbox 740 1537 818 1571; x_wconf 88' lang='lat' dir='ltr'>bona</span> <span class='ocrx_word' id='word_1_153' title='bbox 843 1549 896 1582; x_wconf 91' lang='lat' dir='ltr'>pro</span> <span class='ocrx_word' id='word_1_154' title='bbox 917 1537 1005 1570; x_wconf 79' lang='lat' dir='ltr'>malis</span> <span class='ocrx_word' id='word_1_155' title='bbox 1029 1537 1133 1570; x_wconf 86' lang='lat' dir='ltr'>reddi-</span> 
     </span>
     <span class='ocr_line' id='line_1_28' title="bbox 389 1585 1132 1624; baseline 0.001 -5"><span class='ocrx_word' id='word_1_156' title='bbox 389 1585 449 1624; x_wconf 76' lang='lat' dir='ltr'>dit,</span> <span class='ocrx_word' id='word_1_157' title='bbox 466 1586 636 1620; x_wconf 75' lang='lat' dir='ltr'>reverentia</span> <span class='ocrx_word' id='word_1_158' title='bbox 660 1599 719 1619; x_wconf 92' lang='lat' dir='ltr'>non</span> <span class='ocrx_word' id='word_1_159' title='bbox 739 1585 892 1620; x_wconf 80' lang='lat' dir='ltr'>liabetur?</span> <span class='ocrx_word' id='word_1_160' title='bbox 910 1585 1132 1620; x_wconf 67' lang='lat' dir='ltr'>Verumtamen</span> 
     </span>
     <span class='ocr_line' id='line_1_29' title="bbox 389 1634 1132 1681; baseline 0 -13"><span class='ocrx_word' id='word_1_161' title='bbox 389 1635 413 1668; x_wconf 91' lang='lat' dir='ltr'>si</span> <span class='ocrx_word' id='word_1_162' title='bbox 436 1634 592 1669; x_wconf 78' lang='lat' dir='ltr'>Ecclesiae</span> <span class='ocrx_word' id='word_1_163' title='bbox 606 1635 719 1681; x_wconf 88' lang='lat' dir='ltr'>praedo</span> <span class='ocrx_word' id='word_1_164' title='bbox 733 1635 791 1669; x_wconf 91' lang='lat' dir='ltr'>Dei</span> <span class='ocrx_word' id='word_1_165' title='bbox 814 1635 911 1668; x_wconf 84' lang='lat' dir='ltr'>silium</span> <span class='ocrx_word' id='word_1_166' title='bbox 926 1635 1132 1669; x_wconf 70' lang='lat' dir='ltr'>immortalem</span> 
     </span>
     <span class='ocr_line' id='line_1_30' title="bbox 388 1683 1133 1730; baseline 0 -13"><span class='ocrx_word' id='word_1_167' title='bbox 388 1683 497 1729; x_wconf 87' lang='lat' dir='ltr'>procul</span> <span class='ocrx_word' id='word_1_168' title='bbox 521 1683 615 1717; x_wconf 90' lang='lat' dir='ltr'>dubio</span> <span class='ocrx_word' id='word_1_169' title='bbox 639 1684 815 1730; x_wconf 82' lang='lat' dir='ltr'>pontificem</span> <span class='ocrx_word' id='word_1_170' title='bbox 844 1683 974 1728; x_wconf 71' lang='lat' dir='ltr'>videret,</span> <span class='ocrx_word' id='word_1_171' title='bbox 1007 1684 1032 1718; x_wconf 86' lang='lat' dir='ltr'>si</span> <span class='ocrx_word' id='word_1_172' title='bbox 1064 1697 1133 1718; x_wconf 80' lang='lat' dir='ltr'>eum</span> 
     </span>
     <span class='ocr_line' id='line_1_31' title="bbox 391 1732 1135 1779; baseline 0.003 -14"><span class='ocrx_word' id='word_1_173' title='bbox 391 1732 508 1778; x_wconf 85' lang='lat' dir='ltr'>ubique</span> <span class='ocrx_word' id='word_1_174' title='bbox 531 1741 724 1778; x_wconf 74' lang='lat' dir='ltr'>praesentem</span> <span class='ocrx_word' id='word_1_175' title='bbox 745 1733 847 1767; x_wconf 80' lang='lat' dir='ltr'>onmia</span> <span class='ocrx_word' id='word_1_176' title='bbox 869 1745 971 1772; x_wconf 68' lang='lat' dir='ltr'>nosse,</span> <span class='ocrx_word' id='word_1_177' title='bbox 989 1745 1025 1766; x_wconf 88' lang='lat' dir='ltr'>ac</span> <span class='ocrx_word' id='word_1_178' title='bbox 1045 1746 1135 1779; x_wconf 83' lang='lat' dir='ltr'>posse</span> 
     </span>
     <span class='ocr_line' id='line_1_32' title="bbox 390 1781 1135 1824; baseline 0.003 -10"><span class='ocrx_word' id='word_1_179' title='bbox 390 1781 614 1824; x_wconf 72' lang='lat' dir='ltr'>consideraret,</span> <span class='ocrx_word' id='word_1_180' title='bbox 637 1794 739 1815; x_wconf 85' lang='lat' dir='ltr'>coram</span> <span class='ocrx_word' id='word_1_181' title='bbox 761 1782 828 1816; x_wconf 85' lang='lat' dir='ltr'>eius</span> <span class='ocrx_word' id='word_1_182' title='bbox 850 1782 949 1816; x_wconf 86' lang='lat' dir='ltr'>oculis</span> <span class='ocrx_word' id='word_1_183' title='bbox 971 1782 1135 1816; x_wconf 81' lang='lat' dir='ltr'>admittere</span> 
     </span>
     <span class='ocr_line' id='line_1_33' title="bbox 388 1830 1133 1876; baseline 0.003 -13"><span class='ocrx_word' id='word_1_184' title='bbox 388 1837 448 1863; x_wconf 87' lang='lat' dir='ltr'>tam</span> <span class='ocrx_word' id='word_1_185' title='bbox 478 1830 620 1875; x_wconf 69' lang='lat' dir='ltr'>impium,</span> <span class='ocrx_word' id='word_1_186' title='bbox 644 1838 703 1864; x_wconf 89' lang='lat' dir='ltr'>tam</span> <span class='ocrx_word' id='word_1_187' title='bbox 728 1832 914 1876; x_wconf 74' lang='lat' dir='ltr'>sarrilegum</span> <span class='ocrx_word' id='word_1_188' title='bbox 934 1831 1053 1865; x_wconf 78' lang='lat' dir='ltr'>lacinus</span> <span class='ocrx_word' id='word_1_189' title='bbox 1072 1844 1133 1865; x_wconf 92' lang='lat' dir='ltr'>non</span> 
     </span>
     <span class='ocr_line' id='line_1_34' title="bbox 388 1878 1134 1926; baseline 0.003 -14"><span class='ocrx_word' id='word_1_190' title='bbox 388 1878 526 1912; x_wconf 81' lang='lat' dir='ltr'>auderet.</span> <span class='ocrx_word' id='word_1_191' title='bbox 550 1879 611 1913; x_wconf 80' lang='lat' dir='ltr'>Sed</span> <span class='ocrx_word' id='word_1_192' title='bbox 627 1891 695 1913; x_wconf 78' lang='lat' dir='ltr'>vere</span> <span class='ocrx_word' id='word_1_193' title='bbox 719 1879 748 1913; x_wconf 93' lang='lat' dir='ltr'>in</span> <span class='ocrx_word' id='word_1_194' title='bbox 773 1880 824 1913; x_wconf 89' lang='lat' dir='ltr'>illo</span> <span class='ocrx_word' id='word_1_195' title='bbox 846 1880 1033 1926; x_wconf 63' lang='lat' dir='ltr'>completur,</span> <span class='ocrx_word' id='word_1_196' title='bbox 1050 1880 1134 1926; x_wconf 87' lang='lat' dir='ltr'>quod</span> 
     </span>
     <span class='ocr_line' id='line_1_35' title="bbox 388 1927 1136 1975; baseline 0.004 -15"><span class='ocrx_word' id='word_1_197' title='bbox 388 1939 444 1973; x_wconf 93' lang='lat' dir='ltr'>per</span> <span class='ocrx_word' id='word_1_198' title='bbox 478 1927 673 1961; x_wconf 85' lang='lat' dir='ltr'>Psalmistam</span> <span class='ocrx_word' id='word_1_199' title='bbox 705 1928 837 1962; x_wconf 86' lang='lat' dir='ltr'>dicitur:</span> <span class='ocrx_word' id='word_1_200' title='bbox 870 1929 954 1963; x_wconf 86' lang='lat' dir='ltr'>Dixit</span> <span class='ocrx_word' id='word_1_201' title='bbox 983 1930 1136 1975; x_wconf 85' lang='lat' dir='ltr'>insipiens</span> 
     </span>
     <span class='ocr_line' id='line_1_36' title="bbox 388 1976 1135 2021; baseline 0.004 -12"><span class='ocrx_word' id='word_1_202' title='bbox 388 1977 420 2010; x_wconf 91' lang='lat' dir='ltr'>in</span> <span class='ocrx_word' id='word_1_203' title='bbox 444 1976 537 2010; x_wconf 86' lang='lat' dir='ltr'>corde</span> <span class='ocrx_word' id='word_1_204' title='bbox 559 1989 630 2010; x_wconf 90' lang='lat' dir='ltr'>suo:</span> <span class='ocrx_word' id='word_1_205' title='bbox 660 1989 720 2011; x_wconf 91' lang='lat' dir='ltr'>non</span> <span class='ocrx_word' id='word_1_206' title='bbox 749 1986 795 2011; x_wconf 84' lang='lat' dir='ltr'>est</span> <span class='ocrx_word' id='word_1_207' title='bbox 831 1977 916 2012; x_wconf 88' lang='lat' dir='ltr'>Deus</span> <span class='ocrx_word' id='word_1_208' title='bbox 951 1980 1001 2021; x_wconf 71' lang='lat' dir='ltr'>(b).</span> <span class='ocrx_word' id='word_1_209' title='bbox 1037 1978 1135 2013; x_wconf 88' lang='lat' dir='ltr'>Porro</span> 
     </span>
     <span class='ocr_line' id='line_1_37' title="bbox 388 2025 1135 2071; baseline 0.004 -13"><span class='ocrx_word' id='word_1_210' title='bbox 388 2025 413 2058; x_wconf 89' lang='lat' dir='ltr'>si</span> <span class='ocrx_word' id='word_1_211' title='bbox 442 2025 482 2058; x_wconf 92' lang='lat' dir='ltr'>illi</span> <span class='ocrx_word' id='word_1_212' title='bbox 505 2026 557 2071; x_wconf 89' lang='lat' dir='ltr'>qui</span> <span class='ocrx_word' id='word_1_213' title='bbox 586 2025 664 2059; x_wconf 85' lang='lat' dir='ltr'>bona</span> <span class='ocrx_word' id='word_1_214' title='bbox 689 2038 742 2060; x_wconf 87' lang='lat' dir='ltr'>sna</span> <span class='ocrx_word' id='word_1_215' title='bbox 769 2026 928 2061; x_wconf 84' lang='lat' dir='ltr'>Ecclesiae</span> <span class='ocrx_word' id='word_1_216' title='bbox 957 2027 1135 2066; x_wconf 83' lang='lat' dir='ltr'>conserunt,</span> 
     </span>
     <span class='ocr_line' id='line_1_38' title="bbox 391 2074 1136 2120; baseline 0.007 -15"><span class='ocrx_word' id='word_1_217' title='bbox 391 2074 507 2120; x_wconf 85' lang='lat' dir='ltr'>proprii</span> <span class='ocrx_word' id='word_1_218' title='bbox 536 2083 638 2108; x_wconf 89' lang='lat' dir='ltr'>reatus</span> <span class='ocrx_word' id='word_1_219' title='bbox 670 2075 899 2109; x_wconf 78' lang='lat' dir='ltr'>absolutionem</span> <span class='ocrx_word' id='word_1_220' title='bbox 933 2076 1013 2110; x_wconf 86' lang='lat' dir='ltr'>felici</span> <span class='ocrx_word' id='word_1_221' title='bbox 1048 2089 1136 2111; x_wconf 89' lang='lat' dir='ltr'>com-</span> 
     </span>
     <span class='ocr_line' id='line_1_39' title="bbox 390 2123 1134 2171; baseline 0.007 -16"><span class='ocrx_word' id='word_1_222' title='bbox 390 2123 505 2156; x_wconf 86' lang='lat' dir='ltr'>mercio</span> <span class='ocrx_word' id='word_1_223' title='bbox 533 2132 765 2169; x_wconf 78' lang='lat' dir='ltr'>promerentur:</span> <span class='ocrx_word' id='word_1_224' title='bbox 780 2125 1011 2171; x_wconf 79' lang='lat' dir='ltr'>subsequenter</span> <span class='ocrx_word' id='word_1_225' title='bbox 1032 2134 1134 2159; x_wconf 85' lang='lat' dir='ltr'>autem</span> 
     </span>
     <span class='ocr_line' id='line_1_40' title="bbox 390 2171 1135 2217; baseline 0.008 -14"><span class='ocrx_word' id='word_1_226' title='bbox 390 2171 444 2209; x_wconf 76' lang='lat' dir='ltr'>illi,</span> <span class='ocrx_word' id='word_1_227' title='bbox 472 2171 523 2217; x_wconf 90' lang='lat' dir='ltr'>qui</span> <span class='ocrx_word' id='word_1_228' title='bbox 541 2172 766 2206; x_wconf 73' lang='lat' dir='ltr'>ecclesiasticas</span> <span class='ocrx_word' id='word_1_229' title='bbox 792 2172 953 2208; x_wconf 68' lang='lat' dir='ltr'>facultates</span> <span class='ocrx_word' id='word_1_230' title='bbox 976 2174 1135 2209; x_wconf 89' lang='lat' dir='ltr'>barbarica</span> 
     </span>
     <span class='ocr_line' id='line_1_41' title="bbox 391 2219 1136 2267; baseline 0.007 -15"><span class='ocrx_word' id='word_1_231' title='bbox 391 2219 511 2253; x_wconf 80' lang='lat' dir='ltr'>scritate</span> <span class='ocrx_word' id='word_1_232' title='bbox 533 2220 702 2267; x_wconf 71' lang='lat' dir='ltr'>deripiunt,</span> <span class='ocrx_word' id='word_1_233' title='bbox 723 2221 752 2254; x_wconf 93' lang='lat' dir='ltr'>in</span> <span class='ocrx_word' id='word_1_234' title='bbox 767 2230 910 2256; x_wconf 81' lang='lat' dir='ltr'>aeternae</span> <span class='ocrx_word' id='word_1_235' title='bbox 925 2223 1136 2257; x_wconf 82' lang='lat' dir='ltr'>damnationis</span> 
     </span>
     <span class='ocr_line' id='line_1_42' title="bbox 391 2269 1136 2317; baseline 0.008 -17"><span class='ocrx_word' id='word_1_236' title='bbox 391 2269 572 2313; x_wconf 76' lang='lat' dir='ltr'>voraginem</span> <span class='ocrx_word' id='word_1_237' title='bbox 610 2270 742 2303; x_wconf 83' lang='lat' dir='ltr'>cadunt:</span> <span class='ocrx_word' id='word_1_238' title='bbox 776 2271 829 2317; x_wconf 91' lang='lat' dir='ltr'>qui</span> <span class='ocrx_word' id='word_1_239' title='bbox 870 2272 1019 2305; x_wconf 86' lang='lat' dir='ltr'>nimirum</span> <span class='ocrx_word' id='word_1_240' title='bbox 1054 2285 1136 2307; x_wconf 86' lang='lat' dir='ltr'>novo</span> 
     </span>
     <span class='ocr_line' id='line_1_43' title="bbox 390 2317 1137 2366; baseline 0.009 -17"><span class='ocrx_word' id='word_1_241' title='bbox 390 2324 419 2349; x_wconf 82' lang='lat' dir='ltr'>et</span> <span class='ocrx_word' id='word_1_242' title='bbox 442 2317 677 2364; x_wconf 80' lang='lat' dir='ltr'>incomparabili</span> <span class='ocrx_word' id='word_1_243' title='bbox 706 2319 847 2353; x_wconf 83' lang='lat' dir='ltr'>criminis</span> <span class='ocrx_word' id='word_1_244' title='bbox 866 2332 980 2366; x_wconf 78' lang='lat' dir='ltr'>genere</span> <span class='ocrx_word' id='word_1_245' title='bbox 1007 2321 1052 2355; x_wconf 89' lang='lat' dir='ltr'>sic</span> <span class='ocrx_word' id='word_1_246' title='bbox 1087 2322 1137 2355; x_wconf 90' lang='lat' dir='ltr'>iu-</span> 
     </span>
     <span class='ocr_line' id='line_1_44' title="bbox 391 2365 1136 2414; baseline 0.011 -17"><span class='ocrx_word' id='word_1_247' title='bbox 391 2365 510 2398; x_wconf 74' lang='lat' dir='ltr'>daicam</span> <span class='ocrx_word' id='word_1_248' title='bbox 536 2367 693 2412; x_wconf 80' lang='lat' dir='ltr'>perfidiam</span> <span class='ocrx_word' id='word_1_249' title='bbox 721 2377 880 2414; x_wconf 77' lang='lat' dir='ltr'>superant,</span> <span class='ocrx_word' id='word_1_250' title='bbox 903 2378 937 2403; x_wconf 94' lang='lat' dir='ltr'>ut</span> <span class='ocrx_word' id='word_1_251' title='bbox 957 2382 1018 2403; x_wconf 88' lang='lat' dir='ltr'>non</span> <span class='ocrx_word' id='word_1_252' title='bbox 1042 2370 1136 2405; x_wconf 91' lang='lat' dir='ltr'>modo</span> 
     </span>
     <span class='ocr_line' id='line_1_45' title="bbox 391 2414 1135 2458; baseline 0.009 -11"><span class='ocrx_word' id='word_1_253' title='bbox 391 2414 553 2458; x_wconf 77' lang='lat' dir='ltr'>gentilium</span> <span class='ocrx_word' id='word_1_254' title='bbox 594 2428 743 2455; x_wconf 81' lang='lat' dir='ltr'>errorem,</span> <span class='ocrx_word' id='word_1_255' title='bbox 771 2417 825 2451; x_wconf 87' lang='lat' dir='ltr'>sed</span> <span class='ocrx_word' id='word_1_256' title='bbox 853 2426 883 2451; x_wconf 85' lang='lat' dir='ltr'>et</span> <span class='ocrx_word' id='word_1_257' title='bbox 910 2419 1135 2453; x_wconf 84' lang='lat' dir='ltr'>baereticorum</span> 
     </span>
     <span class='ocr_line' id='line_1_46' title="bbox 392 2463 1135 2508; baseline 0.011 -13"><span class='ocrx_word' id='word_1_258' title='bbox 392 2463 572 2508; x_wconf 83' lang='lat' dir='ltr'>pravitatem</span> <span class='ocrx_word' id='word_1_259' title='bbox 615 2464 866 2501; x_wconf 86' lang='lat' dir='ltr'>detestabiliores</span> <span class='ocrx_word' id='word_1_260' title='bbox 906 2468 1077 2507; x_wconf 56' lang='lat' dir='ltr'>excedanu</span> <span class='ocrx_word' id='word_1_261' title='bbox 1120 2481 1135 2503; x_wconf 91' lang='lat' dir='ltr'>a</span> 
     </span>
     <span class='ocr_line' id='line_1_47' title="bbox 392 2511 1136 2556; baseline 0.011 -13"><span class='ocrx_word' id='word_1_262' title='bbox 392 2511 505 2556; x_wconf 85' lang='lat' dir='ltr'>quibus</span> <span class='ocrx_word' id='word_1_263' title='bbox 526 2512 668 2547; x_wconf 86' lang='lat' dir='ltr'>videlicet</span> <span class='ocrx_word' id='word_1_264' title='bbox 695 2513 841 2548; x_wconf 81' lang='lat' dir='ltr'>Cliristns</span> <span class='ocrx_word' id='word_1_265' title='bbox 871 2516 983 2549; x_wconf 72' lang='lat' dir='ltr'>iterun·</span> <span class='ocrx_word' id='word_1_266' title='bbox 1008 2518 1136 2551; x_wconf 78' lang='lat' dir='ltr'>crucifi-</span> 
     </span>
     <span class='ocr_line' id='line_1_48' title="bbox 393 2560 1136 2610; baseline 0.011 -18"><span class='ocrx_word' id='word_1_267' title='bbox 393 2560 487 2604; x_wconf 67' lang='lat' dir='ltr'>gitur,</span> <span class='ocrx_word' id='word_1_268' title='bbox 509 2568 539 2594; x_wconf 88' lang='lat' dir='ltr'>et</span> <span class='ocrx_word' id='word_1_269' title='bbox 564 2560 689 2608; x_wconf 85' lang='lat' dir='ltr'>Corpus</span> <span class='ocrx_word' id='word_1_270' title='bbox 710 2563 787 2602; x_wconf 78' lang='lat' dir='ltr'>eins,</span> <span class='ocrx_word' id='word_1_271' title='bbox 804 2564 885 2610; x_wconf 87' lang='lat' dir='ltr'>quod</span> <span class='ocrx_word' id='word_1_272' title='bbox 914 2573 960 2598; x_wconf 85' lang='lat' dir='ltr'>est</span> <span class='ocrx_word' id='word_1_273' title='bbox 981 2565 1136 2610; x_wconf 68' lang='lat' dir='ltr'>Ecclesia7</span> 
     </span>
     <span class='ocr_line' id='line_1_49' title="bbox 393 2608 745 2645; baseline 0.011 -4"><span class='ocrx_word' id='word_1_274' title='bbox 393 2608 559 2643; x_wconf 89' lang='lat' dir='ltr'>crudeliter</span> <span class='ocrx_word' id='word_1_275' title='bbox 585 2610 745 2645; x_wconf 79' lang='lat' dir='ltr'>laceratur.</span> 
     </span>
    </p>
   </div>
   <div class='ocr_carea' id='block_1_4' title="bbox 411 2662 1136 2705">
    <p class='ocr_par' dir='ltr' id='par_1_4' title="bbox 411 2662 1136 2705">
     <span class='ocr_line' id='line_1_50' title="bbox 411 2662 1136 2705; baseline 0.011 -15"><span class='ocrx_word' id='word_1_276' title='bbox 411 2662 451 2700; x_wconf 83' lang='lat' dir='ltr'>(a)</span> <span class='ocrx_word' id='word_1_277' title='bbox 462 2664 542 2692; x_wconf 83' lang='lat' dir='ltr'>Hebr.</span> <span class='ocrx_word' id='word_1_278' title='bbox 555 2673 603 2692; x_wconf 83' lang='lat' dir='ltr'>vn.</span> <span class='ocrx_word' id='word_1_279' title='bbox 615 2666 658 2693; x_wconf 79' lang='lat'>25.</span> <span class='ocrx_word' id='word_1_280' title='bbox 677 2668 715 2702; x_wconf 81' lang='lat' dir='ltr'>(b)</span> <span class='ocrx_word' id='word_1_281' title='bbox 726 2668 818 2695; x_wconf 84' lang='lat' dir='ltr'>Psalm.</span> <span class='ocrx_word' id='word_1_282' title='bbox 832 2670 928 2696; x_wconf 76' lang='lat' dir='ltr'>x111.2.</span> <span class='ocrx_word' id='word_1_283' title='bbox 942 2669 980 2705; x_wconf 83' lang='lat'>(1)</span> <span class='ocrx_word' id='word_1_284' title='bbox 992 2670 1070 2698; x_wconf 86' lang='lat' dir='ltr'>Forte</span> <span class='ocrx_word' id='word_1_285' title='bbox 1079 2680 1136 2698; x_wconf 76' lang='lat' dir='ltr'>cur.</span> 
     </span>
    </p>
   </div>
   <div class='ocr_carea' id='block_1_5' title="bbox 960 304 1341 329">
    <p class='ocr_par' dir='ltr' id='par_1_5' title="bbox 960 304 1341 329">
     <span class='ocr_line' id='line_1_51' title="bbox 960 304 1341 329; baseline -0.008 0"><span class='ocrx_word' id='word_1_286' title='bbox 960 306 1060 329; x_wconf 65' lang='lat' dir='ltr'>mmm</span> <span class='ocrx_word' id='word_1_287' title='bbox 1067 305 1147 327; x_wconf 76' lang='lat' dir='ltr'>nim!</span> <span class='ocrx_word' id='word_1_288' title='bbox 1175 304 1244 326; x_wconf 74' lang='lat' dir='ltr'>nou</span> <span class='ocrx_word' id='word_1_289' title='bbox 1251 304 1266 325; x_wconf 78' lang='grc' dir='ltr'>Α</span> <span class='ocrx_word' id='word_1_290' title='bbox 1273 304 1341 326; x_wconf 72' lang='grc' dir='ltr'>ΝΠΜ</span> 
     </span>
    </p>
   </div>
   <div class='ocr_carea' id='block_1_6' title="bbox 1957 292 2136 321">
    <p class='ocr_par' dir='ltr' id='par_1_6' title="bbox 1957 292 2136 321">
     <span class='ocr_line' id='line_1_52' title="bbox 1957 292 2136 321; baseline 0 -1"><span class='ocrx_word' id='word_1_291' title='bbox 1957 293 2005 320; x_wconf 80' lang='lat' dir='ltr'>An.</span> <span class='ocrx_word' id='word_1_292' title='bbox 2023 292 2053 320; x_wconf 91' lang='lat' dir='ltr'>C.</span> <span class='ocrx_word' id='word_1_293' title='bbox 2075 292 2136 321; x_wconf 77' lang='lat'>1051</span> 
     </span>
    </p>
   </div>
   <div class='ocr_carea' id='block_1_7' title="bbox 1177 356 2142 452">
    <p class='ocr_par' dir='ltr' id='par_1_7' title="bbox 1177 356 2142 452">
     <span class='ocr_line' id='line_1_53' title="bbox 1224 356 2142 407; baseline 0.003 -16"><span class='ocrx_word' id='word_1_294' title='bbox 1224 359 1244 405; x_wconf 67' lang='lat' dir='ltr'>g</span> <span class='ocrx_word' id='word_1_295' title='bbox 1267 362 1298 392; x_wconf 87' lang='grc'>5.</span> <span class='ocrx_word' id='word_1_296' title='bbox 1322 356 1526 404; x_wconf 85' lang='lat' dir='ltr'>Deprimatur</span> <span class='ocrx_word' id='word_1_297' title='bbox 1547 369 1621 403; x_wconf 78' lang='lat' dir='ltr'>ergo</span> <span class='ocrx_word' id='word_1_298' title='bbox 1658 369 1755 392; x_wconf 86' lang='lat' dir='ltr'>ausus</span> <span class='ocrx_word' id='word_1_299' title='bbox 1791 357 1930 403; x_wconf 86' lang='lat' dir='ltr'>illicitus,</span> <span class='ocrx_word' id='word_1_300' title='bbox 1955 377 1992 400; x_wconf 61' lang='lat'>55„</span> <span class='ocrx_word' id='word_1_301' title='bbox 2040 376 2142 407; x_wconf 51' lang='lat' dir='ltr'>Probum-</span> 
     </span>
     <span class='ocr_line' id='line_1_54' title="bbox 1177 406 1991 452; baseline 0.001 -11"><span class='ocrx_word' id='word_1_302' title='bbox 1177 414 1207 441; x_wconf 86' lang='lat' dir='ltr'>et</span> <span class='ocrx_word' id='word_1_303' title='bbox 1228 406 1365 441; x_wconf 87' lang='lat' dir='ltr'>nefarius</span> <span class='ocrx_word' id='word_1_304' title='bbox 1399 406 1572 440; x_wconf 89' lang='lat' dir='ltr'>diabolicae</span> <span class='ocrx_word' id='word_1_305' title='bbox 1599 407 1809 452; x_wconf 79' lang='lat' dir='ltr'>instigationis</span> <span class='ocrx_word' id='word_1_306' title='bbox 1835 408 1931 442; x_wconf 82' lang='lat' dir='ltr'>colii—</span> <span class='ocrx_word' id='word_1_307' title='bbox 1955 414 1991 435; x_wconf 64' lang='grc' dir='ltr'>*ω’</span> 
     </span>
    </p>
   </div>
   <div class='ocr_carea' id='block_1_8' title="bbox 1176 455 1932 1092">
    <p class='ocr_par' dir='ltr' id='par_1_8' title="bbox 1177 455 1931 699">
     <span class='ocr_line' id='line_1_55' title="bbox 1177 455 1930 495; baseline 0.001 -5"><span class='ocrx_word' id='word_1_308' title='bbox 1177 455 1287 490; x_wconf 87' lang='lat' dir='ltr'>beatur</span> <span class='ocrx_word' id='word_1_309' title='bbox 1307 467 1469 495; x_wconf 82' lang='lat' dir='ltr'>excessus,</span> <span class='ocrx_word' id='word_1_310' title='bbox 1492 455 1647 490; x_wconf 83' lang='lat' dir='ltr'>abstineat</span> <span class='ocrx_word' id='word_1_311' title='bbox 1682 468 1794 491; x_wconf 85' lang='lat' dir='ltr'>manus</span> <span class='ocrx_word' id='word_1_312' title='bbox 1828 457 1930 491; x_wconf 80' lang='lat' dir='ltr'>audax</span> 
     </span>
     <span class='ocr_line' id='line_1_56' title="bbox 1177 504 1931 551; baseline 0.001 -12"><span class='ocrx_word' id='word_1_313' title='bbox 1177 505 1214 539; x_wconf 94' lang='lat' dir='ltr'>ab</span> <span class='ocrx_word' id='word_1_314' title='bbox 1253 505 1467 539; x_wconf 87' lang='lat' dir='ltr'>ecclesiastico</span> <span class='ocrx_word' id='word_1_315' title='bbox 1502 504 1714 551; x_wconf 74' lang='lat' dir='ltr'>patrimonio,</span> <span class='ocrx_word' id='word_1_316' title='bbox 1754 517 1793 539; x_wconf 90' lang='lat' dir='ltr'>ne</span> <span class='ocrx_word' id='word_1_317' title='bbox 1832 506 1931 540; x_wconf 88' lang='lat' dir='ltr'>victus</span> 
     </span>
     <span class='ocr_line' id='line_1_57' title="bbox 1178 553 1930 600; baseline 0.003 -13"><span class='ocrx_word' id='word_1_318' title='bbox 1178 565 1351 600; x_wconf 86' lang='lat' dir='ltr'>pauperum</span> <span class='ocrx_word' id='word_1_319' title='bbox 1376 561 1492 600; x_wconf 82' lang='lat' dir='ltr'>pereat,</span> <span class='ocrx_word' id='word_1_320' title='bbox 1521 565 1560 588; x_wconf 91' lang='lat' dir='ltr'>ne</span> <span class='ocrx_word' id='word_1_321' title='bbox 1586 553 1672 600; x_wconf 91' lang='lat' dir='ltr'>quod</span> <span class='ocrx_word' id='word_1_322' title='bbox 1699 566 1737 588; x_wconf 78' lang='lat' dir='ltr'>ex</span> <span class='ocrx_word' id='word_1_323' title='bbox 1771 554 1930 590; x_wconf 86' lang='lat' dir='ltr'>oblatione</span> 
     </span>
     <span class='ocr_line' id='line_1_58' title="bbox 1178 602 1929 645; baseline 0.003 -9"><span class='ocrx_word' id='word_1_324' title='bbox 1178 603 1316 638; x_wconf 82' lang='lat' dir='ltr'>lidelium</span> <span class='ocrx_word' id='word_1_325' title='bbox 1341 602 1402 636; x_wconf 87' lang='lat' dir='ltr'>iam</span> <span class='ocrx_word' id='word_1_326' title='bbox 1428 602 1495 637; x_wconf 88' lang='lat' dir='ltr'>Deo</span> <span class='ocrx_word' id='word_1_327' title='bbox 1522 602 1637 637; x_wconf 85' lang='lat' dir='ltr'>factum</span> <span class='ocrx_word' id='word_1_328' title='bbox 1657 612 1703 638; x_wconf 91' lang='lat' dir='ltr'>est</span> <span class='ocrx_word' id='word_1_329' title='bbox 1726 603 1929 645; x_wconf 84' lang='lat' dir='ltr'>sacrificium,</span> 
     </span>
     <span class='ocr_line' id='line_1_59' title="bbox 1178 652 1557 699; baseline 0 -14"><span class='ocrx_word' id='word_1_330' title='bbox 1178 652 1292 699; x_wconf 87' lang='lat' dir='ltr'>praeda</span> <span class='ocrx_word' id='word_1_331' title='bbox 1315 659 1475 698; x_wconf 89' lang='lat' dir='ltr'>raptorum</span> <span class='ocrx_word' id='word_1_332' title='bbox 1493 652 1557 686; x_wconf 77' lang='lat' dir='ltr'>liat.</span> 
     </span>
    </p>

    <p class='ocr_par' dir='ltr' id='par_1_9' title="bbox 1176 700 1932 1092">
     <span class='ocr_line' id='line_1_60' title="bbox 1224 700 1930 747; baseline 0.003 -13"><span class='ocrx_word' id='word_1_333' title='bbox 1224 700 1244 747; x_wconf 64' lang='lat' dir='ltr'>S</span> <span class='ocrx_word' id='word_1_334' title='bbox 1263 703 1295 734; x_wconf 71' lang='lat'>4.</span> <span class='ocrx_word' id='word_1_335' title='bbox 1319 700 1472 747; x_wconf 84' lang='lat' dir='ltr'>Quisquis</span> <span class='ocrx_word' id='word_1_336' title='bbox 1494 710 1599 735; x_wconf 87' lang='lat' dir='ltr'>autem</span> <span class='ocrx_word' id='word_1_337' title='bbox 1622 700 1717 735; x_wconf 83' lang='lat' dir='ltr'>liuius</span> <span class='ocrx_word' id='word_1_338' title='bbox 1740 702 1836 735; x_wconf 84' lang='lat' dir='ltr'>nostri</span> <span class='ocrx_word' id='word_1_339' title='bbox 1866 701 1930 737; x_wconf 90' lang='lat' dir='ltr'>de—</span> 
     </span>
     <span class='ocr_line' id='line_1_61' title="bbox 1176 750 1930 796; baseline 0.004 -13"><span class='ocrx_word' id='word_1_340' title='bbox 1176 750 1251 784; x_wconf 83' lang='lat' dir='ltr'>creti</span> <span class='ocrx_word' id='word_1_341' title='bbox 1289 750 1453 796; x_wconf 88' lang='lat' dir='ltr'>improbus</span> <span class='ocrx_word' id='word_1_342' title='bbox 1485 759 1652 785; x_wconf 86' lang='lat' dir='ltr'>temerator</span> <span class='ocrx_word' id='word_1_343' title='bbox 1690 750 1856 795; x_wconf 73' lang='lat' dir='ltr'>extiterit,</span> <span class='ocrx_word' id='word_1_344' title='bbox 1892 764 1930 786; x_wconf 83' lang='lat' dir='ltr'>ex</span> 
     </span>
     <span class='ocr_line' id='line_1_62' title="bbox 1177 799 1932 846; baseline 0.004 -14"><span class='ocrx_word' id='word_1_345' title='bbox 1177 807 1263 846; x_wconf 87' lang='lat' dir='ltr'>parte</span> <span class='ocrx_word' id='word_1_346' title='bbox 1284 799 1340 833; x_wconf 89' lang='lat' dir='ltr'>Dei</span> <span class='ocrx_word' id='word_1_347' title='bbox 1357 800 1584 846; x_wconf 87' lang='lat' dir='ltr'>omnipotentis</span> <span class='ocrx_word' id='word_1_348' title='bbox 1604 807 1634 834; x_wconf 85' lang='lat' dir='ltr'>et</span> <span class='ocrx_word' id='word_1_349' title='bbox 1656 800 1839 844; x_wconf 81' lang='lat' dir='ltr'>auctoritate</span> <span class='ocrx_word' id='word_1_350' title='bbox 1862 800 1932 835; x_wconf 84' lang='lat' dir='ltr'>bea-</span> 
     </span>
     <span class='ocr_line' id='line_1_63' title="bbox 1178 849 1932 894; baseline 0.003 -12"><span class='ocrx_word' id='word_1_351' title='bbox 1178 858 1278 882; x_wconf 90' lang='lat' dir='ltr'>torum</span> <span class='ocrx_word' id='word_1_352' title='bbox 1301 849 1514 894; x_wconf 87' lang='lat' dir='ltr'>apostolorum</span> <span class='ocrx_word' id='word_1_353' title='bbox 1543 849 1625 883; x_wconf 89' lang='lat' dir='ltr'>Petri</span> <span class='ocrx_word' id='word_1_354' title='bbox 1654 856 1682 883; x_wconf 91' lang='lat' dir='ltr'>et</span> <span class='ocrx_word' id='word_1_355' title='bbox 1711 849 1828 889; x_wconf 85' lang='lat' dir='ltr'>Pauli,</span> <span class='ocrx_word' id='word_1_356' title='bbox 1855 862 1932 884; x_wconf 82' lang='lat' dir='ltr'>ana-</span> 
     </span>
     <span class='ocr_line' id='line_1_64' title="bbox 1178 897 1931 941; baseline 0.004 -10"><span class='ocrx_word' id='word_1_357' title='bbox 1178 897 1444 932; x_wconf 75' lang='lat' dir='ltr'>thematizandum</span> <span class='ocrx_word' id='word_1_358' title='bbox 1477 910 1546 932; x_wconf 87' lang='lat' dir='ltr'>esse</span> <span class='ocrx_word' id='word_1_359' title='bbox 1573 899 1773 933; x_wconf 85' lang='lat' dir='ltr'>decernimus</span> <span class='ocrx_word' id='word_1_360' title='bbox 1792 925 1801 941; x_wconf 64' lang='lat'><strong>⁷</strong></span> <span class='ocrx_word' id='word_1_361' title='bbox 1839 906 1870 933; x_wconf 87' lang='lat' dir='ltr'>et</span> <span class='ocrx_word' id='word_1_362' title='bbox 1898 906 1931 934; x_wconf 87' lang='lat' dir='ltr'>ut</span> 
     </span>
     <span class='ocr_line' id='line_1_65' title="bbox 1178 947 1932 992; baseline 0.003 -12"><span class='ocrx_word' id='word_1_363' title='bbox 1178 960 1280 981; x_wconf 84' lang='lat' dir='ltr'>revera</span> <span class='ocrx_word' id='word_1_364' title='bbox 1297 947 1455 992; x_wconf 90' lang='lat' dir='ltr'>putridum</span> <span class='ocrx_word' id='word_1_365' title='bbox 1481 947 1656 981; x_wconf 86' lang='lat' dir='ltr'>membrum</span> <span class='ocrx_word' id='word_1_366' title='bbox 1673 948 1932 983; x_wconf 83' lang='lat' dir='ltr'>excommunica-</span> 
     </span>
     <span class='ocr_line' id='line_1_66' title="bbox 1177 996 1932 1044; baseline 0.003 -14"><span class='ocrx_word' id='word_1_367' title='bbox 1177 997 1269 1030; x_wconf 84' lang='lat' dir='ltr'>tionis</span> <span class='ocrx_word' id='word_1_368' title='bbox 1297 996 1378 1030; x_wconf 75' lang='lat' dir='ltr'>l&#39;erro</span> <span class='ocrx_word' id='word_1_369' title='bbox 1413 1009 1428 1030; x_wconf 88' lang='lat' dir='ltr'>a</span> <span class='ocrx_word' id='word_1_370' title='bbox 1457 1005 1581 1031; x_wconf 82' lang='lat' dir='ltr'>sanetae</span> <span class='ocrx_word' id='word_1_371' title='bbox 1608 996 1770 1031; x_wconf 86' lang='lat' dir='ltr'>Ecclesiae</span> <span class='ocrx_word' id='word_1_372' title='bbox 1797 1009 1932 1044; x_wconf 84' lang='lat' dir='ltr'>corpore</span> 
     </span>
     <span class='ocr_line' id='line_1_67' title="bbox 1176 1045 1929 1092; baseline 0.004 -14"><span class='ocrx_word' id='word_1_373' title='bbox 1176 1045 1414 1079; x_wconf 89' lang='lat' dir='ltr'>detruncamus.</span> <span class='ocrx_word' id='word_1_374' title='bbox 1442 1045 1491 1079; x_wconf 86' lang='lat' dir='ltr'>Sit</span> <span class='ocrx_word' id='word_1_375' title='bbox 1514 1046 1629 1091; x_wconf 68' lang='lat' dir='ltr'>igitur,</span> <span class='ocrx_word' id='word_1_376' title='bbox 1666 1046 1723 1079; x_wconf 89' lang='lat' dir='ltr'>nisi</span> <span class='ocrx_word' id='word_1_377' title='bbox 1753 1046 1929 1092; x_wconf 79' lang='lat' dir='ltr'>resipiscat,</span> 
     </span>
    </p>
   </div>
   <div class='ocr_carea' id='block_1_9' title="bbox 1959 740 2144 878">
    <p class='ocr_par' dir='ltr' id='par_1_10' title="bbox 1959 740 2144 878">
     <span class='ocr_line' id='line_1_68' title="bbox 1959 740 2142 764; baseline 0.005 -1"><span class='ocrx_word' id='word_1_378' title='bbox 1959 740 2003 763; x_wconf 76' lang='lat' dir='ltr'>Sub</span> <span class='ocrx_word' id='word_1_379' title='bbox 2014 749 2142 764; x_wconf 77' lang='lat' dir='ltr'>excommu-</span> 
     </span>
     <span class='ocr_line' id='line_1_69' title="bbox 1960 777 2144 800; baseline 0 -2"><span class='ocrx_word' id='word_1_380' title='bbox 1960 777 2079 800; x_wconf 71' lang='lat' dir='ltr'>nicationis</span> <span class='ocrx_word' id='word_1_381' title='bbox 2121 779 2144 799; x_wconf 70' lang='lat' dir='ltr'>et</span> 
     </span>
     <span class='ocr_line' id='line_1_70' title="bbox 1974 812 2120 835; baseline -0.007 0"><span class='ocrx_word' id='word_1_382' title='bbox 1974 812 2120 835; x_wconf 64' lang='lat' dir='ltr'>anathem-ti·</span> 
     </span>
     <span class='ocr_line' id='line_1_71' title="bbox 2006 855 2087 878; baseline 0 -8"><span class='ocrx_word' id='word_1_383' title='bbox 2006 855 2087 878; x_wconf 67' lang='lat' dir='ltr'>poen..</span> 
     </span>
    </p>
   </div>
   <div class='ocr_carea' id='block_1_10' title="bbox 1176 1094 1962 1142">
    <p class='ocr_par' dir='ltr' id='par_1_11' title="bbox 1176 1094 1962 1142">
     <span class='ocr_line' id='line_1_72' title="bbox 1176 1094 1962 1142; baseline 0.004 -15"><span class='ocrx_word' id='word_1_384' title='bbox 1176 1094 1353 1133; x_wconf 75' lang='lat' dir='ltr'>anatliema,</span> <span class='ocrx_word' id='word_1_385' title='bbox 1383 1097 1582 1135; x_wconf 67' lang='lat' dir='ltr'>maranatha,</span> <span class='ocrx_word' id='word_1_386' title='bbox 1602 1107 1775 1141; x_wconf 84' lang='lat' dir='ltr'>omnesque</span> <span class='ocrx_word' id='word_1_387' title='bbox 1798 1096 1931 1130; x_wconf 86' lang='lat' dir='ltr'>maledi·</span> <span class='ocrx_word' id='word_1_388' title='bbox 1959 1140 1962 1142; x_wconf 18' lang='lat' dir='ltr'>v</span> 
     </span>
    </p>
   </div>
   <div class='ocr_carea' id='block_1_11' title="bbox 1176 1143 1933 1385">
    <p class='ocr_par' dir='ltr' id='par_1_12' title="bbox 1176 1143 1932 1237">
     <span class='ocr_line' id='line_1_73' title="bbox 1176 1143 1932 1191; baseline 0.001 -13"><span class='ocrx_word' id='word_1_389' title='bbox 1176 1144 1297 1178; x_wconf 82' lang='lat' dir='ltr'>ctiones</span> <span class='ocrx_word' id='word_1_390' title='bbox 1324 1143 1420 1177; x_wconf 68' lang='lat' dir='ltr'>Nebal</span> <span class='ocrx_word' id='word_1_391' title='bbox 1443 1156 1540 1190; x_wconf 85' lang='lat' dir='ltr'>super</span> <span class='ocrx_word' id='word_1_392' title='bbox 1562 1152 1657 1191; x_wconf 88' lang='lat' dir='ltr'>caput</span> <span class='ocrx_word' id='word_1_393' title='bbox 1680 1156 1772 1178; x_wconf 88' lang='lat' dir='ltr'>suum</span> <span class='ocrx_word' id='word_1_394' title='bbox 1795 1144 1932 1179; x_wconf 84' lang='lat' dir='ltr'>descen-</span> 
     </span>
     <span class='ocr_line' id='line_1_74' title="bbox 1176 1193 1460 1237; baseline 0 -11"><span class='ocrx_word' id='word_1_395' title='bbox 1176 1193 1260 1226; x_wconf 42' lang='lat' dir='ltr'>disse</span> <span class='ocrx_word' id='word_1_396' title='bbox 1279 1201 1460 1237; x_wconf 69' lang='lat' dir='ltr'>cognoseat.</span> 
     </span>
    </p>

    <p class='ocr_par' dir='ltr' id='par_1_13' title="bbox 1177 1241 1933 1385">
     <span class='ocr_line' id='line_1_75' title="bbox 1225 1241 1933 1287; baseline 0.001 -12"><span class='ocrx_word' id='word_1_397' title='bbox 1225 1242 1245 1287; x_wconf 60' lang='lat' dir='ltr'>g</span> <span class='ocrx_word' id='word_1_398' title='bbox 1272 1244 1303 1275; x_wconf 80' lang='lat'>5.</span> <span class='ocrx_word' id='word_1_399' title='bbox 1333 1241 1600 1275; x_wconf 74' lang='lat' dir='ltr'>Observatoribus</span> <span class='ocrx_word' id='word_1_400' title='bbox 1621 1250 1724 1276; x_wconf 87' lang='lat' dir='ltr'>autem</span> <span class='ocrx_word' id='word_1_401' title='bbox 1747 1242 1880 1287; x_wconf 72' lang='lat' dir='ltr'>gloriam</span> <span class='ocrx_word' id='word_1_402' title='bbox 1902 1249 1933 1277; x_wconf 86' lang='lat' dir='ltr'>et</span> 
     </span>
     <span class='ocr_line' id='line_1_76' title="bbox 1177 1290 1932 1338; baseline 0.004 -14"><span class='ocrx_word' id='word_1_403' title='bbox 1177 1290 1329 1325; x_wconf 85' lang='lat' dir='ltr'>honorem</span> <span class='ocrx_word' id='word_1_404' title='bbox 1353 1300 1381 1324; x_wconf 82' lang='lat' dir='ltr'>et</span> <span class='ocrx_word' id='word_1_405' title='bbox 1400 1292 1682 1337; x_wconf 58' lang='lat' dir='ltr'>inmurupfionem,</span> <span class='ocrx_word' id='word_1_406' title='bbox 1705 1291 1932 1338; x_wconf 84' lang='lat' dir='ltr'>quaerentibus</span> 
     </span>
     <span class='ocr_line' id='line_1_77' title="bbox 1177 1340 1672 1385; baseline 0 -11"><span class='ocrx_word' id='word_1_407' title='bbox 1177 1341 1271 1376; x_wconf 85' lang='lat' dir='ltr'>vitam</span> <span class='ocrx_word' id='word_1_408' title='bbox 1299 1349 1468 1375; x_wconf 85' lang='lat' dir='ltr'>aeternam.</span> <span class='ocrx_word' id='word_1_409' title='bbox 1492 1340 1594 1375; x_wconf 75' lang='lat' dir='ltr'>Arnen</span> <span class='ocrx_word' id='word_1_410' title='bbox 1618 1343 1672 1385; x_wconf 83' lang='lat' dir='ltr'>(l).</span> 
     </span>
    </p>
   </div>
   <div class='ocr_carea' id='block_1_12' title="bbox 1236 1477 1884 1680">
    <p class='ocr_par' dir='ltr' id='par_1_14' title="bbox 1236 1477 1884 1680">
     <span class='ocr_line' id='line_1_78' title="bbox 1499 1477 1612 1512; baseline 0.009 -1"><span class='ocrx_word' id='word_1_411' title='bbox 1499 1477 1612 1512; x_wconf 80' lang='lat' dir='ltr'>XXIII.</span> 
     </span>
     <span class='ocr_line' id='line_1_79' title="bbox 1236 1539 1884 1584; baseline 0.006 -13"><span class='ocrx_word' id='word_1_412' title='bbox 1236 1539 1435 1584; x_wconf 73' lang='lat' dir='ltr'>Confirmatio</span> <span class='ocrx_word' id='word_1_413' title='bbox 1460 1541 1693 1584; x_wconf 73' lang='lat' dir='ltr'>prieileyiorum</span> <span class='ocrx_word' id='word_1_414' title='bbox 1715 1548 1741 1574; x_wconf 82' lang='lat' dir='ltr'>et</span> <span class='ocrx_word' id='word_1_415' title='bbox 1768 1542 1884 1576; x_wconf 60' lang='lat' dir='ltr'>furium</span> 
     </span>
     <span class='ocr_line' id='line_1_80' title="bbox 1313 1590 1796 1633; baseline 0.002 -11"><span class='ocrx_word' id='word_1_416' title='bbox 1313 1590 1520 1633; x_wconf 48' lang='lat' dir='ltr'>Plan-phanes</span> <span class='ocrx_word' id='word_1_417' title='bbox 1538 1592 1718 1623; x_wconf 67' lang='lat' dir='ltr'>manasserii</span> <span class='ocrx_word' id='word_1_418' title='bbox 1735 1592 1796 1633; x_wconf 69' lang='lat'>(2).</span> 
     </span>
     <span class='ocr_line' id='line_1_81' title="bbox 1448 1650 1660 1680; baseline 0.005 -1"><span class='ocrx_word' id='word_1_419' title='bbox 1448 1650 1660 1680; x_wconf 60' lang='lat' dir='ltr'>StTMMARlUM</span> 
     </span>
    </p>
   </div>
   <div class='ocr_carea' id='block_1_13' title="bbox 1177 1702 1934 1813">
    <p class='ocr_par' dir='ltr' id='par_1_15' title="bbox 1177 1702 1934 1813">
     <span class='ocr_line' id='line_1_82' title="bbox 1177 1702 1932 1742; baseline 0.005 -11"><span class='ocrx_word' id='word_1_420' title='bbox 1177 1702 1345 1731; x_wconf 79' lang='lat' dir='ltr'>Exordium.</span> <span class='ocrx_word' id='word_1_421' title='bbox 1370 1719 1411 1724; x_wconf 93' lang='lat'>—-</span> <span class='ocrx_word' id='word_1_422' title='bbox 1444 1702 1641 1732; x_wconf 82' lang='lat' dir='ltr'>Romanorum</span> <span class='ocrx_word' id='word_1_423' title='bbox 1671 1704 1843 1742; x_wconf 83' lang='lat' dir='ltr'>pontificum</span> <span class='ocrx_word' id='word_1_424' title='bbox 1869 1713 1932 1735; x_wconf 88' lang='lat' dir='ltr'>mos</span> 
     </span>
     <span class='ocr_line' id='line_1_83' title="bbox 1217 1742 1934 1781; baseline 0.003 -10"><span class='ocrx_word' id='word_1_425' title='bbox 1217 1752 1268 1771; x_wconf 86' lang='lat' dir='ltr'>sua</span> <span class='ocrx_word' id='word_1_426' title='bbox 1299 1742 1438 1771; x_wconf 83' lang='lat' dir='ltr'>Ecclesiis</span> <span class='ocrx_word' id='word_1_427' title='bbox 1470 1743 1622 1781; x_wconf 75' lang='lat' dir='ltr'>privilegia</span> <span class='ocrx_word' id='word_1_428' title='bbox 1656 1744 1862 1773; x_wconf 84' lang='lat' dir='ltr'>confirmandi.</span> <span class='ocrx_word' id='word_1_429' title='bbox 1893 1761 1934 1767; x_wconf 95' lang='lat'>—-</span> 
     </span>
     <span class='ocr_line' id='line_1_84' title="bbox 1217 1782 1932 1813; baseline 0.003 -2"><span class='ocrx_word' id='word_1_430' title='bbox 1217 1782 1404 1811; x_wconf 81' lang='lat' dir='ltr'>Confirmatio</span> <span class='ocrx_word' id='word_1_431' title='bbox 1438 1782 1591 1811; x_wconf 85' lang='lat' dir='ltr'>bonorum.</span> <span class='ocrx_word' id='word_1_432' title='bbox 1621 1799 1661 1806; x_wconf 88' lang='lat'>—-</span> <span class='ocrx_word' id='word_1_433' title='bbox 1689 1783 1864 1813; x_wconf 85' lang='lat' dir='ltr'>lmmunitas</span> <span class='ocrx_word' id='word_1_434' title='bbox 1896 1784 1932 1813; x_wconf 87' lang='lat' dir='ltr'>ab</span> 
     </span>
    </p>
   </div>
   <div class='ocr_carea' id='block_1_14' title="bbox 1217 1822 1935 1930">
    <p class='ocr_par' dir='ltr' id='par_1_16' title="bbox 1217 1822 1935 1930">
     <span class='ocr_line' id='line_1_85' title="bbox 1217 1822 1935 1861; baseline 0.004 -11"><span class='ocrx_word' id='word_1_435' title='bbox 1217 1822 1356 1861; x_wconf 86' lang='lat' dir='ltr'>episcopo</span> <span class='ocrx_word' id='word_1_436' title='bbox 1375 1822 1403 1850; x_wconf 86' lang='lat' dir='ltr'>in</span> <span class='ocrx_word' id='word_1_437' title='bbox 1423 1822 1659 1852; x_wconf 86' lang='lat' dir='ltr'>ordinationibus</span> <span class='ocrx_word' id='word_1_438' title='bbox 1678 1828 1734 1853; x_wconf 86' lang='lat' dir='ltr'>etc.</span> <span class='ocrx_word' id='word_1_439' title='bbox 1758 1840 1799 1845; x_wconf 88' lang='lat'>——</span> <span class='ocrx_word' id='word_1_440' title='bbox 1820 1823 1935 1853; x_wconf 83' lang='lat' dir='ltr'>Confir-</span> 
     </span>
     <span class='ocr_line' id='line_1_86' title="bbox 1218 1861 1932 1906; baseline 0.004 -16"><span class='ocrx_word' id='word_1_441' title='bbox 1218 1862 1306 1906; x_wconf 72' lang='lat' dir='ltr'>matio</span> <span class='ocrx_word' id='word_1_442' title='bbox 1336 1861 1566 1900; x_wconf 74' lang='lat' dir='ltr'>privilegiorum.</span> <span class='ocrx_word' id='word_1_443' title='bbox 1594 1879 1634 1884; x_wconf 95' lang='lat'><strong>—</strong></span> <span class='ocrx_word' id='word_1_444' title='bbox 1662 1862 1702 1892; x_wconf 89' lang='lat' dir='ltr'>De</span> <span class='ocrx_word' id='word_1_445' title='bbox 1730 1863 1846 1893; x_wconf 86' lang='lat' dir='ltr'>abbatis</span> <span class='ocrx_word' id='word_1_446' title='bbox 1870 1864 1932 1893; x_wconf 86' lang='lat' dir='ltr'>ele-</span> 
     </span>
     <span class='ocr_line' id='line_1_87' title="bbox 1218 1906 1324 1930; baseline -0.009 0"><span class='ocrx_word' id='word_1_447' title='bbox 1218 1906 1324 1930; x_wconf 83' lang='lat' dir='ltr'>ctione.</span> 
     </span>
    </p>
   </div>
   <div class='ocr_carea' id='block_1_15' title="bbox 1177 1958 1934 2172">
    <p class='ocr_par' dir='ltr' id='par_1_17' title="bbox 1177 1958 1934 2172">
     <span class='ocr_line' id='line_1_88' title="bbox 1177 1958 1933 1993; baseline 0.005 -8"><span class='ocrx_word' id='word_1_448' title='bbox 1177 1958 1224 1986; x_wconf 83' lang='lat' dir='ltr'>Leo</span> <span class='ocrx_word' id='word_1_449' title='bbox 1241 1958 1380 1993; x_wconf 79' lang='lat' dir='ltr'>episcopus</span> <span class='ocrx_word' id='word_1_450' title='bbox 1397 1965 1491 1987; x_wconf 80' lang='lat' dir='ltr'>servus</span> <span class='ocrx_word' id='word_1_451' title='bbox 1508 1965 1647 1987; x_wconf 78' lang='lat' dir='ltr'>servorum</span> <span class='ocrx_word' id='word_1_452' title='bbox 1662 1959 1723 1993; x_wconf 78' lang='lat' dir='ltr'>Dei,</span> <span class='ocrx_word' id='word_1_453' title='bbox 1744 1960 1873 1989; x_wconf 76' lang='lat' dir='ltr'>ecclesiae</span> <span class='ocrx_word' id='word_1_454' title='bbox 1889 1967 1933 1989; x_wconf 74' lang='lat' dir='ltr'>ve-</span> 
     </span>
     <span class='ocr_line' id='line_1_89' title="bbox 1222 2004 1932 2038; baseline 0.006 -8"><span class='ocrx_word' id='word_1_455' title='bbox 1222 2004 1337 2030; x_wconf 77' lang='lat' dir='ltr'>nerabili</span> <span class='ocrx_word' id='word_1_456' title='bbox 1351 2004 1463 2031; x_wconf 82' lang='lat' dir='ltr'>Sanctae</span> <span class='ocrx_word' id='word_1_457' title='bbox 1476 2004 1595 2038; x_wconf 85' lang='lat' dir='ltr'>Virginis</span> <span class='ocrx_word' id='word_1_458' title='bbox 1603 2004 1699 2032; x_wconf 78' lang='lat' dir='ltr'>Matris</span> <span class='ocrx_word' id='word_1_459' title='bbox 1710 2005 1807 2034; x_wconf 78' lang='lat' dir='ltr'>Beatae</span> <span class='ocrx_word' id='word_1_460' title='bbox 1820 2005 1932 2038; x_wconf 75' lang='lat' dir='ltr'>mariae.</span> 
     </span>
     <span class='ocr_line' id='line_1_90' title="bbox 1223 2048 1934 2084; baseline 0.006 -10"><span class='ocrx_word' id='word_1_461' title='bbox 1223 2054 1290 2082; x_wconf 78' lang='lat' dir='ltr'>quae</span> <span class='ocrx_word' id='word_1_462' title='bbox 1310 2048 1420 2082; x_wconf 84' lang='lat' dir='ltr'>ponitur</span> <span class='ocrx_word' id='word_1_463' title='bbox 1439 2048 1466 2075; x_wconf 89' lang='lat' dir='ltr'>in</span> <span class='ocrx_word' id='word_1_464' title='bbox 1487 2048 1619 2083; x_wconf 76' lang='lat' dir='ltr'>Pharpha,</span> <span class='ocrx_word' id='word_1_465' title='bbox 1645 2050 1673 2077; x_wconf 86' lang='lat' dir='ltr'>et</span> <span class='ocrx_word' id='word_1_466' title='bbox 1696 2056 1746 2084; x_wconf 81' lang='lat' dir='ltr'>pro</span> <span class='ocrx_word' id='word_1_467' title='bbox 1765 2056 1798 2078; x_wconf 79' lang='lat' dir='ltr'>ea</span> <span class='ocrx_word' id='word_1_468' title='bbox 1817 2050 1934 2078; x_wconf 79' lang='lat' dir='ltr'>Berardo</span> 
     </span>
     <span class='ocr_line' id='line_1_91' title="bbox 1223 2092 1933 2125; baseline 0.007 -7"><span class='ocrx_word' id='word_1_469' title='bbox 1223 2092 1325 2125; x_wconf 77' lang='lat' dir='ltr'>abbati.</span> <span class='ocrx_word' id='word_1_470' title='bbox 1346 2094 1374 2120; x_wconf 82' lang='lat' dir='ltr'>et</span> <span class='ocrx_word' id='word_1_471' title='bbox 1393 2093 1464 2120; x_wconf 81' lang='lat' dir='ltr'>iuste</span> <span class='ocrx_word' id='word_1_472' title='bbox 1491 2093 1660 2121; x_wconf 73' lang='lat' dir='ltr'>intrantibus</span> <span class='ocrx_word' id='word_1_473' title='bbox 1691 2094 1750 2122; x_wconf 90' lang='lat' dir='ltr'>suis</span> <span class='ocrx_word' id='word_1_474' title='bbox 1770 2094 1933 2123; x_wconf 72' lang='lat' dir='ltr'>successori·</span> 
     </span>
     <span class='ocr_line' id='line_1_92' title="bbox 1223 2136 1509 2172; baseline 0.003 -9"><span class='ocrx_word' id='word_1_475' title='bbox 1223 2136 1272 2164; x_wconf 84' lang='lat' dir='ltr'>bus</span> <span class='ocrx_word' id='word_1_476' title='bbox 1291 2137 1319 2164; x_wconf 89' lang='lat' dir='ltr'>in</span> <span class='ocrx_word' id='word_1_477' title='bbox 1339 2138 1509 2172; x_wconf 80' lang='lat' dir='ltr'>perpetuum.</span> 
     </span>
    </p>
   </div>
   <div class='ocr_carea' id='block_1_16' title="bbox 1178 2190 1936 2583">
    <p class='ocr_par' dir='ltr' id='par_1_18' title="bbox 1178 2190 1936 2583">
     <span class='ocr_line' id='line_1_93' title="bbox 1226 2190 1932 2236; baseline 0.006 -13"><span class='ocrx_word' id='word_1_478' title='bbox 1226 2190 1354 2224; x_wconf 82' lang='lat' dir='ltr'>Initium</span> <span class='ocrx_word' id='word_1_479' title='bbox 1386 2191 1580 2236; x_wconf 76' lang='lat' dir='ltr'>›sapientiae</span> <span class='ocrx_word' id='word_1_480' title='bbox 1628 2191 1722 2226; x_wconf 90' lang='lat' dir='ltr'>timor</span> <span class='ocrx_word' id='word_1_481' title='bbox 1775 2192 1932 2227; x_wconf 88' lang='lat' dir='ltr'>Domini:</span> 
     </span>
     <span class='ocr_line' id='line_1_94' title="bbox 1178 2239 1934 2276; baseline 0.004 -3"><span class='ocrx_word' id='word_1_482' title='bbox 1178 2240 1268 2273; x_wconf 85' lang='lat' dir='ltr'>cuius</span> <span class='ocrx_word' id='word_1_483' title='bbox 1295 2239 1406 2273; x_wconf 75' lang='lat' dir='ltr'>timore,</span> <span class='ocrx_word' id='word_1_484' title='bbox 1437 2252 1471 2273; x_wconf 82' lang='lat' dir='ltr'>ac</span> <span class='ocrx_word' id='word_1_485' title='bbox 1500 2240 1604 2274; x_wconf 76' lang='lat' dir='ltr'>debita</span> <span class='ocrx_word' id='word_1_486' title='bbox 1628 2241 1801 2276; x_wconf 82' lang='lat' dir='ltr'>reverentia</span> <span class='ocrx_word' id='word_1_487' title='bbox 1837 2253 1934 2276; x_wconf 88' lang='lat' dir='ltr'>corn-</span> 
     </span>
     <span class='ocr_line' id='line_1_95' title="bbox 1179 2288 1934 2336; baseline 0.004 -14"><span class='ocrx_word' id='word_1_488' title='bbox 1179 2288 1287 2322; x_wconf 85' lang='lat' dir='ltr'>moniti</span> <span class='ocrx_word' id='word_1_489' title='bbox 1325 2288 1379 2333; x_wconf 81' lang='lat' dir='ltr'>pro</span> <span class='ocrx_word' id='word_1_490' title='bbox 1412 2289 1549 2335; x_wconf 76' lang='lat' dir='ltr'>glorioso</span> <span class='ocrx_word' id='word_1_491' title='bbox 1578 2289 1658 2323; x_wconf 86' lang='lat' dir='ltr'>Filio</span> <span class='ocrx_word' id='word_1_492' title='bbox 1681 2297 1712 2324; x_wconf 87' lang='lat' dir='ltr'>et</span> <span class='ocrx_word' id='word_1_493' title='bbox 1738 2299 1836 2331; x_wconf 83' lang='lat' dir='ltr'>casto,</span> <span class='ocrx_word' id='word_1_494' title='bbox 1864 2291 1934 2336; x_wconf 82' lang='lat' dir='ltr'>glo-</span> 
     </span>
     <span class='ocr_line' id='line_1_96' title="bbox 1179 2337 1930 2374; baseline 0.005 -4"><span class='ocrx_word' id='word_1_495' title='bbox 1179 2337 1279 2371; x_wconf 89' lang='lat' dir='ltr'>riosae</span> <span class='ocrx_word' id='word_1_496' title='bbox 1318 2337 1407 2371; x_wconf 82' lang='lat' dir='ltr'>Matri</span> <span class='ocrx_word' id='word_1_497' title='bbox 1443 2338 1536 2372; x_wconf 88' lang='lat' dir='ltr'>simul</span> <span class='ocrx_word' id='word_1_498' title='bbox 1569 2347 1599 2373; x_wconf 91' lang='lat' dir='ltr'>et</span> <span class='ocrx_word' id='word_1_499' title='bbox 1637 2348 1740 2374; x_wconf 86' lang='lat' dir='ltr'>castae</span> <span class='ocrx_word' id='word_1_500' title='bbox 1776 2340 1930 2374; x_wconf 85' lang='lat' dir='ltr'>bonorem</span> 
     </span>
     <span class='ocr_line' id='line_1_97' title="bbox 1179 2386 1932 2434; baseline 0.007 -15"><span class='ocrx_word' id='word_1_501' title='bbox 1179 2386 1311 2420; x_wconf 86' lang='lat' dir='ltr'>libenter</span> <span class='ocrx_word' id='word_1_502' title='bbox 1349 2387 1535 2421; x_wconf 53' lang='lat' dir='ltr'>exhibemus*</span> <span class='ocrx_word' id='word_1_503' title='bbox 1579 2389 1630 2434; x_wconf 88' lang='lat' dir='ltr'>pia</span> <span class='ocrx_word' id='word_1_504' title='bbox 1673 2388 1866 2433; x_wconf 80' lang='lat' dir='ltr'>devotione⁷</span> <span class='ocrx_word' id='word_1_505' title='bbox 1900 2396 1932 2424; x_wconf 84' lang='lat' dir='ltr'>et</span> 
     </span>
     <span class='ocr_line' id='line_1_98' title="bbox 1178 2435 1935 2484; baseline 0.007 -16"><span class='ocrx_word' id='word_1_506' title='bbox 1178 2435 1243 2469; x_wconf 88' lang='lat' dir='ltr'>suis</span> <span class='ocrx_word' id='word_1_507' title='bbox 1281 2436 1484 2470; x_wconf 74' lang='lat' dir='ltr'>servitoribus</span> <span class='ocrx_word' id='word_1_508' title='bbox 1520 2438 1733 2473; x_wconf 85' lang='lat' dir='ltr'>necessarium</span> <span class='ocrx_word' id='word_1_509' title='bbox 1768 2450 1804 2472; x_wconf 90' lang='lat' dir='ltr'>ac</span> <span class='ocrx_word' id='word_1_510' title='bbox 1838 2450 1935 2484; x_wconf 85' lang='lat' dir='ltr'>regu-</span> 
     </span>
     <span class='ocr_line' id='line_1_99' title="bbox 1179 2484 1933 2531; baseline 0.007 -14"><span class='ocrx_word' id='word_1_511' title='bbox 1179 2484 1241 2517; x_wconf 87' lang='lat' dir='ltr'>lare</span> <span class='ocrx_word' id='word_1_512' title='bbox 1269 2485 1416 2530; x_wconf 86' lang='lat' dir='ltr'>cupimus</span> <span class='ocrx_word' id='word_1_513' title='bbox 1438 2486 1641 2531; x_wconf 56' lang='lat' dir='ltr'>minagium,</span> <span class='ocrx_word' id='word_1_514' title='bbox 1664 2495 1698 2520; x_wconf 91' lang='lat' dir='ltr'>nt</span> <span class='ocrx_word' id='word_1_515' title='bbox 1720 2487 1795 2521; x_wconf 93' lang='lat' dir='ltr'>dum</span> <span class='ocrx_word' id='word_1_516' title='bbox 1824 2495 1933 2522; x_wconf 89' lang='lat' dir='ltr'>nostro</span> 
     </span>
     <span class='ocr_line' id='line_1_100' title="bbox 1178 2533 1936 2583; baseline 0.005 -17"><span class='ocrx_word' id='word_1_517' title='bbox 1178 2533 1336 2567; x_wconf 83' lang='lat' dir='ltr'>adiutorio</span> <span class='ocrx_word' id='word_1_518' title='bbox 1361 2534 1438 2567; x_wconf 72' lang='lat' dir='ltr'>bene</span> <span class='ocrx_word' id='word_1_519' title='bbox 1453 2535 1646 2576; x_wconf 71' lang='lat' dir='ltr'>deserviunt,</span> <span class='ocrx_word' id='word_1_520' title='bbox 1663 2536 1832 2583; x_wconf 85' lang='lat' dir='ltr'>participes</span> <span class='ocrx_word' id='word_1_521' title='bbox 1848 2548 1936 2582; x_wconf 89' lang='lat' dir='ltr'>prae-</span> 
     </span>
    </p>
   </div>
   <div class='ocr_carea' id='block_1_17' title="bbox 1179 2601 1934 2710">
    <p class='ocr_par' dir='ltr' id='par_1_19' title="bbox 1179 2601 1934 2710">
     <span class='ocr_line' id='line_1_101' title="bbox 1216 2601 1934 2639; baseline 0.007 -13"><span class='ocrx_word' id='word_1_522' title='bbox 1216 2601 1254 2636; x_wconf 81' lang='lat' dir='ltr'>(t)</span> <span class='ocrx_word' id='word_1_523' title='bbox 1272 2602 1344 2628; x_wconf 78' lang='lat' dir='ltr'>lianc</span> <span class='ocrx_word' id='word_1_524' title='bbox 1355 2601 1452 2628; x_wconf 86' lang='lat' dir='ltr'>bullam</span> <span class='ocrx_word' id='word_1_525' title='bbox 1475 2612 1548 2630; x_wconf 87' lang='lat' dir='ltr'>more</span> <span class='ocrx_word' id='word_1_526' title='bbox 1568 2604 1694 2638; x_wconf 83' lang='lat' dir='ltr'>epistolae</span> <span class='ocrx_word' id='word_1_527' title='bbox 1706 2605 1832 2639; x_wconf 80' lang='lat' dir='ltr'>scriptam</span> <span class='ocrx_word' id='word_1_528' title='bbox 1849 2605 1934 2634; x_wconf 82' lang='lat' dir='ltr'>Baro-</span> 
     </span>
     <span class='ocr_line' id='line_1_102' title="bbox 1179 2636 1934 2674; baseline 0.008 -13"><span class='ocrx_word' id='word_1_529' title='bbox 1179 2636 1238 2662; x_wconf 88' lang='lat' dir='ltr'>nius</span> <span class='ocrx_word' id='word_1_530' title='bbox 1268 2637 1347 2662; x_wconf 83' lang='lat' dir='ltr'>rel&#39;ert</span> <span class='ocrx_word' id='word_1_531' title='bbox 1376 2637 1407 2663; x_wconf 82' lang='lat' dir='ltr'>ad</span> <span class='ocrx_word' id='word_1_532' title='bbox 1428 2646 1525 2664; x_wconf 85' lang='lat' dir='ltr'>annum</span> <span class='ocrx_word' id='word_1_533' title='bbox 1559 2640 1635 2665; x_wconf 79' lang='lat'>1051.</span> <span class='ocrx_word' id='word_1_534' title='bbox 1675 2640 1714 2674; x_wconf 56' lang='grc' dir='ltr'>(Ξ)</span> <span class='ocrx_word' id='word_1_535' title='bbox 1742 2640 1780 2666; x_wconf 77' lang='lat' dir='ltr'>Ex</span> <span class='ocrx_word' id='word_1_536' title='bbox 1803 2639 1934 2668; x_wconf 87' lang='lat' dir='ltr'>Chronico</span> 
     </span>
     <span class='ocr_line' id='line_1_103' title="bbox 1181 2671 1867 2710; baseline 0.009 -14"><span class='ocrx_word' id='word_1_537' title='bbox 1181 2671 1296 2706; x_wconf 82' lang='lat' dir='ltr'>Pliarpli.</span> <span class='ocrx_word' id='word_1_538' title='bbox 1316 2672 1383 2698; x_wconf 86' lang='lat' dir='ltr'>inter</span> <span class='ocrx_word' id='word_1_539' title='bbox 1395 2673 1455 2699; x_wconf 73' lang='lat' dir='ltr'>Iter.</span> <span class='ocrx_word' id='word_1_540' title='bbox 1472 2675 1524 2699; x_wconf 77' lang='lat' dir='ltr'>ital.</span> <span class='ocrx_word' id='word_1_541' title='bbox 1539 2674 1637 2701; x_wconf 81' lang='lat' dir='ltr'>Sci-int.</span> <span class='ocrx_word' id='word_1_542' title='bbox 1656 2678 1719 2701; x_wconf 90' lang='lat' dir='ltr'>tom.</span> <span class='ocrx_word' id='word_1_543' title='bbox 1741 2683 1771 2707; x_wconf 87' lang='lat'>11,</span> <span class='ocrx_word' id='word_1_544' title='bbox 1792 2682 1820 2710; x_wconf 91' lang='lat' dir='ltr'>p.</span> <span class='ocrx_word' id='word_1_545' title='bbox 1836 2682 1867 2703; x_wconf 78' lang='grc' dir='ltr'>ιι.</span> 
     </span>
    </p>
   </div>
   <div class='ocr_carea' id='block_1_18' title="bbox 1958 2220 2086 2245">
    <p class='ocr_par' dir='ltr' id='par_1_20' title="bbox 1958 2220 2086 2245">
     <span class='ocr_line' id='line_1_104' title="bbox 1958 2220 2086 2245; baseline 0 -1"><span class='ocrx_word' id='word_1_546' title='bbox 1958 2220 2086 2245; x_wconf 78' lang='lat' dir='ltr'>Exordium.</span> 
     </span>
    </p>
   </div>
   <div class='ocr_carea' id='block_1_19' title="bbox 2203 0 2237 1044">
    <p class='ocr_par' dir='ltr' id='par_1_21' title="bbox 2203 0 2237 1044">
     <span class='ocr_line' id='line_1_105' title="bbox 2203 0 2237 1044; baseline 0 0"><span class='ocrx_word' id='word_1_547' title='bbox 2203 0 2237 1044; x_wconf 95' lang='lat' dir='ltr'> </span> 
     </span>
    </p>
   </div>
  </div>
 </body>
</html>
