2237 3127
63 306 116 336 An.
132 307 162 336 C.
178 301 229 336 nrm

84 826 199 854 Episcopus
210 828 236 849 de

48 857 144 879 ecclesia
158 860 178 880 in
195 864 233 879 et·-

47 884 136 905 eteniam

47 917 150 937 transeat.

43 1358 111 1383 lnvno
121 1361 233 1389 episcopo,

46 1393 139 1414 alienum
164 1395 234 1415 cleri-

46 1429 92 1444 cum
115 1430 178 1446 nemo
197 1430 233 1448 re-

45 1451 121 1478 cipiet.

72 2003 95 2025 ln
115 2005 230 2026 evocandis

925 324 950 348 S.
980 326 1042 347 LEO
1070 325 1079 347 l
1109 326 1156 348 t’r‘.

1714 314 1760 347 55

266 386 428 426 praesunt,
441 378 479 414 de
493 375 664 414 maioribus
686 379 794 426 (quod
810 379 913 422 absit)
942 391 1015 426 pec·
1058 378 1152 418 deris,
1169 377 1288 413 diversa
1297 373 1414 412 ⁴eorum
1433 376 1526 412 fuerit
1540 389 1556 412 a
1580 384 1631 412 tna
1648 377 1809 413 voluntate

266 429 343 463 catis
364 441 456 463 causa
480 437 635 469 nascatur,
658 441 738 475 quae
760 428 943 476 provinciali
958 441 1015 463 ne-

267 485 361 523 queat
414 478 557 512 examine
596 477 718 512 definiri
740 505 747 516 ,

265 533 352 560 tuam
383 526 422 561 de
449 527 546 561 totius
578 527 694 572 negotii
723 527 870 573 qualitate
892 535 1013 562 metro-

265 575 424 622 politanus
446 576 567 610 curabit
590 577 766 619 instruere,
789 584 819 610 et
849 576 874 610 si
907 588 1010 610 coram

264 625 373 670 positis
392 625 531 671 partibus
553 636 611 658 nec
638 632 692 658 tuo
719 624 814 659 suerit
840 637 889 659 res
911 625 1011 671 sopita

263 673 399 713 iudicio,
434 673 471 707 ad
508 681 645 707 nostram
670 673 882 719 cognitionem
917 674 1012 720 quid-

262 722 337 769 quid
360 722 437 756 illud
460 730 516 762 est,
540 722 743 756 transferatur
769 725 823 766 (l).

312 773 345 805 8.
373 770 406 805 Si
430 771 501 817 quis
530 771 698 817 episcopus
727 771 944 805 mediocritate
966 772 1012 805 ci-

262 819 364 854 vitatis
398 832 472 854 suae
520 820 665 866 despecta
704 820 1008 855 administrationem

261 868 320 903 loci
343 868 526 903 celebrioris
539 869 696 911 ambierit,
711 876 741 902 et
756 869 792 903 ad
810 870 960 904 maiorem
977 882 1009 903 se

259 917 382 964 plebem
397 929 596 964 quacumque
615 918 780 952 occasione
805 919 1008 958 transtulerit,

259 979 320 1001 non
354 967 456 1001 solum
491 979 507 1000 a
541 967 687 1001 cathedra
719 967 847 1014 quidem
876 967 1010 1014 pellatur

257 1015 380 1059 aliena,
403 1016 455 1050 sed
481 1016 598 1050 carebit
620 1024 650 1050 et
672 1017 815 1063 propria,
842 1025 873 1050 ut
892 1029 948 1051 nec
972 1017 1008 1051 il-

257 1064 296 1099 lis
329 1064 529 1112 praesideat,
552 1077 630 1112 quos
655 1077 710 1111 per
743 1066 901 1100 avaritiam
929 1078 1008 1100 con-

257 1114 402 1161 cupivit,
427 1125 485 1148 nee
508 1114 569 1148 illis
585 1141 594 1158 7
629 1126 709 1161 quos
744 1126 800 1161 per
827 1115 1006 1162 snperbiam

256 1163 385 1210 sprevit.
426 1162 501 1197 Suis
541 1163 636 1209 igitur
668 1164 812 1198 terminis
839 1172 1007 1199 contentus

256 1220 297 1246 sit
331 1224 487 1259 quisque,
510 1224 567 1246 nec
591 1225 685 1258 snpra
713 1225 893 1248 mensuram
930 1226 1007 1249 turis

255 1262 322 1296 suis
348 1261 471 1295 affectet.
489 1262 594 1308 augeri
618 1264 674 1304 (2).

306 1314 339 1345 9.
368 1311 516 1345 Alienum
544 1311 693 1345 clericum
733 1311 829 1346 invito
856 1312 1006 1359 episcopo

258 1359 357 1406 ipsius
386 1372 479 1394 nemo
510 1361 672 1407 suscipiat,
712 1373 804 1395 nemo
837 1362 1004 1401 solicitet,

257 1409 318 1443 nisi
334 1409 410 1443 forte
426 1421 462 1443 ex
480 1410 592 1455 placito
608 1410 743 1444 caritatis
767 1410 794 1443 id
819 1410 900 1444 inter
921 1411 1006 1445 dau-

257 1466 330 1497 tem,
345 1459 617 1505 accipientemque
642 1460 816 1493 conveniat.
838 1459 914 1493 Nam
935 1473 1006 1505 gra-

256 1508 303 1541 vis
329 1507 460 1542 iniuriae
483 1520 554 1541 reus
576 1515 621 1541 est
639 1535 646 1547 ,
680 1508 734 1554 qui
757 1508 796 1542 de
824 1509 924 1542 fratris
951 1522 1006 1543 ec-

256 1556 349 1591 clesia
373 1556 425 1597 id,
452 1557 534 1603 quod
560 1565 606 1591 est
629 1557 736 1591 utilius
762 1565 813 1591 aut
839 1558 1005 1603 pretiosius

255 1605 350 1639 audet
390 1605 438 1639 vel
472 1606 625 1649 allicere,
666 1606 711 1640 rel
747 1614 864 1641 tenere.
897 1606 1005 1654 Itaque

257 1654 283 1688 si
298 1654 374 1688 intra
390 1655 581 1700 provinciam
598 1667 647 1689 res
671 1663 791 1701 agatur,
812 1656 1004 1703 transfugam

256 1703 404 1738 clericum
428 1703 464 1737 ad
503 1704 665 1738 ecclesiam
701 1717 788 1738 suam
822 1706 1014 1752 metropoli--

255 1758 349 1786 tanus
371 1751 472 1787 redire
495 1754 674 1800 compellet.
698 1753 731 1788 Si
754 1761 857 1788 autem
883 1755 1006 1800 longius

256 1801 436 1847 praecessit,
462 1802 505 1835 tui
531 1802 688 1848 praecepti
710 1804 892 1837 auctoritate
916 1816 1006 1838 revo-

256 1850 389 1891 cabitur,
412 1859 445 1884 ut
467 1863 526 1885 nec
547 1851 735 1897 cupiditati,
758 1865 816 1887 nec
843 1852 1006 1887 ambitioni

258 1900 383 1933 occasio
406 1900 600 1947 relinquatur
623 1903 679 1944 (5).

309 1951 365 1982 to.
394 1948 427 1982 Iu
452 1949 621 1983 evocandis
642 1957 746 1983 autem
770 1962 786 1984 a
820 1957 850 1984 te
883 1950 1007 1997 episco-

258 1997 306 2044 pis
327 1996 612 2032 moderatissimum
637 2007 665 2032 te
692 2011 760 2033 esse
787 1999 944 2037 volumus,
968 2012 1006 2034 ne

788 478 1011 512 fraternitatem
1026 505 1027 508 ,

1055 428 1230 470 sententia7
1267 427 1305 461 ad
1329 439 1386 461 nos
1416 428 1521 460 omnia
1549 427 1608 461 sub
1645 435 1806 472 gestorum

1056 476 1275 510 testificatione
1303 475 1496 518 referantur,
1532 483 1566 509 ut
1588 476 1718 510 remotis
1738 488 1807 511 am-

1055 525 1282 570 biguitatibus,
1321 524 1404 571 quod
1440 524 1507 558 Deo
1542 525 1660 571 placeat
1693 525 1807 560 decer-

1055 578 1157 607 nvatur.
1185 574 1235 608 Ad
1265 573 1350 608 hunc
1377 573 1460 607 enim
1484 573 1577 608 finem
1610 585 1737 608 omnem
1759 574 1807 609 af-

1054 622 1169 656 fectum
1194 631 1347 663 nostrum,
1370 634 1542 668 curamque
1564 622 1742 668 dirigimus,
1770 632 1805 658 ut

1053 671 1137 717 quod
1161 671 1199 705 ad
1225 672 1374 706 unitatem
1391 671 1590 715 concordiae,
1610 679 1640 706 ct
1657 672 1741 718 quod
1765 673 1803 707 ad

1053 720 1226 754 custodiam
1257 721 1392 766 pertinet
1414 720 1610 766 disciplinae,
1637 721 1721 755 nulla
1744 721 1806 756 dis·

1052 769 1198 803 sensione
1215 769 1358 811 violetur,
1375 769 1457 802 nulla
1478 769 1596 803 desidia
1613 769 1801 815 negligatur.

1053 818 1092 851 Et
1115 826 1143 851 te
1167 819 1271 863 igitur.
1295 818 1388 851 frater
1409 817 1582 854 carissime.
1605 826 1635 851 et
1657 830 1711 852 eos
1738 818 1804 854 fra-

1052 874 1114 900 tres
1130 876 1263 906 nostros,
1280 868 1333 913 qui
1349 866 1387 900 de
1404 867 1467 900 tuis
1478 866 1679 900 offenduntur
1697 879 1805 902 exces-

1051 915 1152 953 sibus,
1175 928 1246 949 eum
1269 924 1371 949 tamen
1390 927 1451 948 non
1475 915 1588 948 similis
1604 915 1802 951 sitomnium

1052 965 1179 998 materia
1208 964 1420 1011 querealrum,
1444 963 1551 997 hortor
1573 971 1603 997 et
1625 976 1749 1002 moneo,
1769 973 1803 999 ut

1050 1025 1130 1059 quae
1154 1013 1203 1060 pie
1225 1022 1299 1047 sunt
1321 1013 1474 1055 ordinata,
1490 1012 1718 1059 salubriterque
1740 1013 1804 1048 dis-

1051 1063 1175 1108 posita,
1216 1062 1300 1096 nulla
1344 1061 1577 1096 concertatione
1611 1062 1800 1097 turbentur:

1050 1123 1142 1145 nemo
1164 1111 1248 1158 quod
1272 1123 1364 1145 sunm
1392 1118 1450 1153 est,
1473 1117 1613 1157 quaerat,
1635 1110 1690 1145 sed
1713 1111 1799 1158 quod

1049 1160 1189 1200 alterius,
1205 1161 1284 1195 sicut
1306 1161 1347 1194 ait
1368 1159 1538 1206 Apostolus
1553 1162 1602 1203 (a):
1621 1159 1803 1206 Unusquis-

1049 1222 1110 1256 que
1132 1218 1268 1244 vestrum
1294 1210 1436 1256 proximo
1451 1221 1508 1243 suo
1525 1209 1645 1255 placeat
1662 1209 1693 1243 in
1715 1208 1800 1244 bono

1049 1259 1085 1293 ad
1103 1259 1350 1294 aedificationem
1364 1260 1414 1302 (b).
1429 1257 1497 1292 Non
1513 1257 1596 1292 enim
1610 1257 1723 1304 poterit
1737 1259 1803 1293 uni·

1048 1310 1120 1343 tatis
1142 1317 1267 1342 nostrae
1291 1308 1377 1342 firma
1393 1320 1461 1342 esse
1483 1319 1649 1354 compage,
1669 1307 1726 1342 nisi
1742 1320 1801 1342 nos

1047 1359 1083 1391 ad
1121 1357 1361 1405 inseparabilem
1407 1356 1598 1391 soliditatem
1637 1356 1801 1391 vinculum

1048 1407 1186 1441 caritatis
1219 1406 1443 1440 adstrinxerit:
1480 1405 1552 1452 quia
1575 1406 1659 1440 sicut
1680 1405 1712 1439 in
1735 1418 1800 1440 uuo

1047 1468 1177 1502 corpore
1200 1457 1297 1490 multa
1321 1455 1460 1490 membra
1488 1454 1642 1488 babemus
1658 1482 1666 1494 ,
1694 1455 1801 1489 omnia

1047 1514 1149 1539 antem
1166 1505 1303 1539 membra
1314 1517 1376 1538 non
1388 1503 1535 1539 eumdem
1551 1511 1654 1538 actum
1669 1503 1799 1545 habena

1049 1555 1085 1587 ita
1110 1555 1198 1588 multi
1227 1566 1325 1587 unum
1347 1566 1462 1600 corpus
1483 1565 1594 1586 sumus
1611 1552 1641 1586 in
1658 1551 1798 1593 Christo.

1047 1603 1163 1649 singuli
1194 1611 1297 1637 autem
1322 1602 1400 1637 alter
1433 1602 1561 1636 alterius
1590 1601 1729 1635 membra
1752 1604 1801 1644 (c).

1047 1652 1213 1687 Connexio
1236 1652 1330 1686 totius
1352 1651 1494 1698 corporis
1511 1662 1605 1684 unam
1621 1650 1800 1691 sanitatem,

1049 1714 1140 1735 unam
1165 1701 1430 1748 pulchritudinem
1454 1700 1535 1734 facit.
1559 1699 1597 1733 Et
1626 1699 1702 1733 baec
1723 1699 1803 1745 qui-

1047 1751 1117 1784 dem
1142 1751 1296 1784 connexio
1318 1750 1414 1784 totius
1437 1748 1578 1796 corporis
1605 1748 1802 1782 unanimita-

1048 1807 1108 1833 tem
1134 1800 1273 1846 requirit,
1288 1799 1343 1833 sed
1371 1798 1538 1845 praecipue
1556 1797 1651 1842 exigit
1672 1808 1802 1831 concor-

1048 1848 1130 1883 diam
1154 1848 1352 1883 sacerdotum
1371 1861 1378 1887 ;
1400 1847 1516 1894 quibus
1533 1874 1541 1886 ‚
1579 1846 1636 1880 etsi
1659 1845 1799 1891 dignitas

1049 1910 1109 1931 non
1133 1898 1169 1931 sit
1193 1898 1384 1936 communis,
1407 1903 1454 1930 est
1475 1904 1578 1930 tamen
1602 1895 1679 1929 ordo
1700 1906 1800 1941 gene-

1048 1947 1131 1980 ralis.
1161 1946 1316 1988 Quoniam
1340 1954 1370 1979 et
1393 1946 1473 1979 inter
1500 1944 1700 1978 beatissimos
1721 1955 1800 1990 apo-

1048 1995 1145 2029 stolos
1164 1996 1193 2028 in
1214 1995 1420 2029 similitudine
1453 1993 1584 2028 lionoris
1607 1993 1665 2027 suit
1698 2004 1798 2039 quae-

1844 317 1895 349 Au.
1910 321 1942 349 c.
1957 319 2011 349 tu

1866 384 2021 409 Contenti-nu

1836 417 1892 438 inter
1904 418 2020 446 ool-eope·

1835 451 1894 469 orta·
1910 449 1934 469 ad
1942 448 2020 471 Roman

1835 485 1885 500 num
1896 479 2021 503 Pontificem

1836 510 1972 535 referente.

1857 1961 1962 1984 Primanus
1977 1962 2016 1986 P·-

1830 1994 1864 2014 tri.

46 2037 155 2064 episcopis
184 2043 231 2057 mo-

45 2068 126 2088 deratio
141 2067 230 2089 arnes—

44 2098 134 2119 salonic.
172 2100 230 2120 anti-

45 2130 95 2152 nite
113 2131 227 2151 servanda.

258 2058 314 2093 per
341 2046 467 2081 maioris
489 2047 669 2093 diligentiae
702 2048 840 2094 speciem
863 2048 1008 2083 fraternis
1026 2032 1029 2091 l
1048 2044 1119 2078 dall]
1143 2044 1290 2078 sllSCPssllO
1311 2043 1486 2090 POleSffitlSa
1509 2050 1537 2076 θῑ
1559 2054 1632 2076 eum
1655 2041 1798 2076 Omnium

259 2095 396 2130 videaris
417 2096 542 2141 gloriari
576 2097 709 2131 iniuriis.
738 2097 831 2132 Unde
866 2098 890 2131 si
914 2110 1006 2132 causa
1026 2093 1029 2124 l
1049 2106 1105 2140 Par
1125 2101 1208 2128 essct
1229 2093 1339 2128 electio
1359 2120 1367 2132 ‚
1391 2092 1445 2126 111ὶί
1469 2100 1571 2125 lamen
1595 2091 1703 2125 datum
1727 2099 1773 2125 est
1788 2117 1798 2134 ‚

258 2144 360 2191 aliqua
385 2145 484 2179 maior
505 2146 652 2189 extiterit,
678 2146 718 2180 ol)
744 2159 839 2193 quam
862 2159 1029 2203 necessa-¹
1051 2151 1082 2176 ut
1109 2143 1241 2177 caeteris
1268 2142 1488 2188 Drassmlnerel·
1524 2140 1570 2174 De
1605 2151 1666 2194 (ln-3
1689 2139 1800 2194 sptem,

258 2194 338 2228 rium
364 2194 404 2228 sit
430 2194 600 2228 fraternum
628 2195 779 2229 advocare
802 2205 1006 2235 conventum,
1027 2205 1029 2218 ³
1049 2192 1271 2238 episcoporum
1307 2202 1432 2237 quoque
1459 2197 1505 2224 est
1531 2197 1594 2223 orta
1624 2188 1798 2227 (ltsltnellm

257 2242 350 2277 binos
380 2242 418 2277 de
455 2243 588 2288 singulis
628 2244 798 2289 provinciis
840 2245 1008 2291 episcopos
1027 2257 1029 2267 ¹
1049 2249 1080 2275 et
1114 2253 1225 2286 magua
1250 2240 1456 2286 dispositione
1485 2238 1642 2285 provisum
1666 2246 1737 2281 est,
1761 2249 1801 2272 ne

258 2303 338 2338 quos
364 2292 596 2337 metropolitani
624 2293 816 2327 crediderint
846 2306 916 2328 esse
935 2294 1008 2328 mit-
1027 2269 1030 2317 l
1050 2302 1161 2324 omnes
1183 2289 1240 2323 sibi
1265 2290 1371 2323 omnia
1393 2288 1600 2331 vindicarent,
1615 2286 1669 2321 sed
1697 2294 1803 2320 essent

258 2340 384 2384 tendos,
403 2341 439 2374 ad
463 2341 686 2376 fraternitatem
709 2350 793 2376 tuam
821 2343 926 2377 venire
948 2343 1007 2376 suf-
1027 2363 1030 2383 j
1051 2339 1080 2372 ln
1109 2338 1243 2382 singulis
1270 2338 1439 2384 ptovwcils
1475 2336 1591 2382 Singuli
1616 2362 1625 2379 ‚
1665 2346 1800 2388 qU‘JPUm

259 2388 367 2429 ficiat3
399 2389 438 2423 ita
475 2398 506 2423 ut
527 2403 542 2424 a
568 2391 752 2436 praestituto
777 2399 918 2438 tempore
945 2404 1007 2425 non
1028 2385 1030 2398 ³
1051 2388 1130 2421 inter
1153 2387 1261 2421 fratres
1281 2387 1446 2420 baberetur
1470 2386 1566 2431 prima
1589 2391 1755 2423 sententia,
1772 2392 1803 2417 et

259 2439 339 2472 ultra
362 2450 407 2472 xv
426 2438 492 2472 dies
514 2452 576 2485 quo
603 2440 785 2474 convenerit
801 2441 1007 2475 retardentur.
1028 2453 1031 2474 ;
1052 2449 1174 2470 rursum
1191 2436 1318 2483 qnidam
1335 2436 1364 2469 in
1382 2435 1551 2469 maioribus
1576 2432 1707 2467 urbibus
1730 2444 1804 2466 eon-

310 2489 366 2520 Μ.
390 2487 424 2521 Si
448 2496 551 2521 autem
587 2488 617 2521 in
654 2501 690 2522 eo
709 2516 718 2531 7
746 2490 828 2535 quod
852 2502 923 2524 cnm
955 2490 1010 2523 sra-
1051 2486 1148 2519 stituti
1175 2484 1408 2519 s‹;›li‹·itntliuem
1441 2484 1637 2529 susciperent
1659 2480 1801 2528 amplio-

258 2535 360 2570 tribus
387 2536 600 2589 trqstandnm,
630 2537 885 2573 ‹lofiuiewlnmve
907 2539 1010 2573 credi·
1052 2547 1131 2574 rum,
1157 2546 1210 2580 per
1232 2546 1311 2580 ‹ins›-q
1334 2535 1368 2567 2⁴¹
1395 2546 1486 2566 unam
1504 2532 1586 2566 Pon-i
1604 2530 1710 2565 sedem
1726 2529 1802 2584 uni.-

376 2615 380 2619 .
676 2620 679 2622 ,
697 2618 711 2623 ,,
1029 2587 1032 2612 ἲ
1052 2584 1179 2617 versalis
1203 2583 1360 2617 Ecclesiae
1376 2594 1448 2616 eura
1464 2582 1637 2615 eonllueret
1655 2607 1662 2619 ,
1679 2586 1708 2613 et
1724 2577 1803 2613 mlnl

293 2614 418 2649 (t)1)1st.
439 2615 479 2647 18,
497 2623 521 2642 c.
541 2616 576 2641 De
601 2616 733 2642 Cone-ilus.
773 2617 812 2652 (2)
831 2618 846 2643 7
878 2626 905 2652 q.
936 2618 958 2643 l.
985 2619 1012 2643 Si
1030 2634 1034 2651 ι

259 2653 316 2682 quis
336 2653 479 2683 episcopus,
496 2658 519 2677 c.
537 2652 581 2677 5¹.
620 2652 660 2686 (5)
689 2652 719 2678 to
746 2660 774 2688 q.
795 2654 817 2686 v⁹.)
842 2660 866 2680 c.
887 2654 1011 2680 Alienum
1030 2656 1034 2686 j
1089 2653 1127 2687 (n)
1146 2653 1257 2688 Philipp.
1278 2652 1305 2679 2.
1344 2652 1382 2687 (b)
1401 2651 1476 2678 Rom.
1493 2650 1533 2678 t’a'.
1572 2650 1607 2685 (c)
1626 2649 1702 2676 ttoni.
1717 2648 1761 2681 ¹2,
1779 2648 1803 2675 t.

258 2686 396 2712 cit-rivum.
1030 2688 1173 2748 {Corfinnh
1196 2690 1237 2715 ω,
