2237 3127
211 283 260 309 An.
281 281 311 309 C.
327 281 391 309 ¹011

213 1846 338 1870 Exordium.

216 2257 291 2279 oliuo
313 2256 399 2279 abbatis

216 2301 304 2324 preces.

218 2382 275 2404 Bona
286 2390 335 2404 cum
348 2390 400 2412 per-

217 2417 316 2439 tinentiis
352 2428 363 2439 o

218 2453 281 2475 nibus

219 2493 312 2512 mantnt.

320 2456 399 2478 confir.

479 296 550 332 494
1017 297 1202 322 BULLARIUM
1232 295 1397 318 Romamn

692 353 905 387 SUMMARIUM
1195 351 1364 410 *putaquis
1391 356 1422 384 et
1451 348 1516 383 suis
1551 348 1746 392 piscatoriis,
1786 347 1905 383 cultum
1934 354 1965 382 ct

430 423 595 453 Exordium.
614 437 653 441 —
670 418 769 447 Olivae
788 417 902 446 abbatis
919 424 1029 454 preces.
1043 431 1083 436 —
1097 413 1174 443 Bona
1195 413 1197 442 Ξ
1217 399 1388 439 incultum,
1415 406 1446 432 θῑ
1478 411 1686 445 quaecuuque
1721 399 1964 445 gloriosissmius

469 471 535 492 cum
552 460 732 499 pertinentiis
752 458 890 486 omnibus
909 457 1177 485 confirmantur.—

466 500 654 532 Enumeratio
674 499 815 527 bonorum
839 506 904 525 cum
929 496 1098 525 eorumdem
1118 499 1176 524 ter-

466 581 575 611 Lotarii
593 580 682 616 regis.
700 595 740 599 —
758 577 834 606 Boua
854 577 881 605 iii
902 576 975 604 valle
994 574 1174 604 Conssuciite.

465 638 504 642 —-
522 620 551 649 ln
570 620 708 648 comitatu
726 617 974 647 Cerdanicnsi.—
988 615 1019 643 ln
1036 615 1174 644 comitatu
1194 624 1196 657 ‚³

466 660 655 699 Urgellitano.
676 675 716 679 ——
738 658 767 686 lu
787 657 926 686 comitatu
948 655 1174 685 l'iossilionensi.

464 700 497 733 ln
521 701 658 730 comitatu
678 697 880 727 Feniolitcnsi.
907 713 946 717 —
975 695 1005 724 lu
1035 695 1174 724 comitatu

465 740 618 770 Tolosam).
639 755 679 760 —-
695 737 726 766 ln
756 736 902 776 provincia
926 734 1118 764 Narbonensi.
1136 752 1176 757 —

464 780 496 809 ln
516 780 654 809 comitatu
680 777 900 806 Bisuldunensi.
916 792 955 797 —
971 775 1000 804 lu
1033 775 1172 804 comitatu

464 818 705 849 Barcliinoneusi.
727 834 765 838 —-
783 817 814 845 ln
830 816 968 845 comitatu
990 815 1176 844 tutiensi.—

463 859 497 889 In
513 860 652 889 comitatu
665 857 890 887 Ausonensi.—
901 855 976 884 Haec
990 857 1085 885 onmia
1100 856 1173 885 bona

465 909 531 929 cum
555 898 739 938 pertiuentiis
762 897 900 926 omnibus
937 896 1030 925 eidem
1063 896 1173 925 contir-

465 944 591 969 mantur.
612 955 652 960 —-
673 937 793 966 Abbatis
809 937 914 965 electio
931 936 1001 965 solis
1021 936 1174 965 monachis
1194 943 1195 948 ¹

464 983 632 1009 reservatur
655 978 717 1006 sine
741 977 831 1006 ullius
868 985 1009 1014 personae
1041 976 1173 1014 interpo-

464 1020 578 1049 sitione.
597 1035 637 1040 ——
657 1017 788 1047 Monaclii
808 1027 822 1045 a
845 1026 902 1055 quo
932 1016 1089 1045 maluerint
1107 1016 1174 1053 epi—
1195 1018 1196 1032 ³

464 1068 553 1098 scopo
576 1058 788 1087 ordinationem
813 1057 964 1095 accipiant.
983 1073 1023 1078 -
1045 1055 1142 1084 Abbas
1159 1065 1173 1084 a

464 1099 544 1128 nullo
563 1099 710 1138 episcopo,
733 1106 786 1126 iii-c
809 1097 957 1125 ordinario
976 1096 1094 1135 quidem
1108 1105 1176 1134 pos—

465 1139 502 1168 sit
524 1138 781 1168 excommunicari.
798 1153 838 1158 —
860 1136 1031 1166 hnmanitas
1064 1136 1174 1165 ibidem

464 1188 515 1218 pro
534 1178 694 1217 inquisitis.
729 1194 769 1198 —-
797 1176 969 1206 Omnimoda
1004 1176 1197 1205 monasterii,

464 1220 607 1257 exemptio
631 1228 644 1246 a
678 1217 894 1256 cuiuscumque
917 1226 1060 1255 personae
1087 1216 1176 1245 mole-

464 1259 530 1288 stia.
552 1275 591 1280 —-
620 1258 780 1287 sin-athenia
813 1262 913 1286 contra
942 1257 1098 1286 violatores
1125 1257 1176 1286 de-

465 1299 536 1328 creti
562 1298 662 1327 liuius.

423 1365 532 1400 Sergius
545 1365 685 1400 episcopus
696 1371 789 1392 servus
803 1371 941 1392 servorum
953 1363 1008 1396 nei,
1028 1363 1117 1392 Olivae
1133 1371 1174 1392 re-

468 1411 566 1446 ligioso
580 1410 671 1438 abbati
685 1409 844 1438 monasterii
864 1410 888 1437 S.
906 1409 1043 1437 Michaelis
1059 1410 1174 1437 Archan-

468 1456 523 1491 geli
550 1455 692 1490 sanctique
717 1455 840 1482 Germani
870 1454 1033 1482 confessoris
1058 1455 1174 1488 Christi,
1196 1458 1198 1493 j

470 1501 538 1537 quod
548 1501 591 1528 est
601 1500 684 1528 situm
694 1500 722 1527 in
733 1500 805 1528 valle
815 1499 967 1528 confluente
978 1500 1056 1527 iuxta.
1068 1500 1176 1528 fluvium
1196 1500 1198 1536 ξ

468 1545 587 1574 Literani
603 1545 631 1573 in
650 1545 736 1573 locum
756 1552 833 1580 quem
853 1546 949 1573 vocant
969 1544 1104 1575 (lustinus,
1125 1546 1176 1573 tibi
1196 1539 1197 1555 ¹

467 1592 608 1626 tecumque
631 1590 812 1622 manentibus,
833 1591 861 1618 et
879 1597 927 1625 per
943 1591 970 1618 te
983 1590 1038 1617 tuis
1055 1590 1175 1618 illorum=

468 1643 519 1672 que
538 1635 747 1668 successoribus,
769 1635 843 1662 salus
863 1637 890 1663 et
913 1641 989 1670 pax,
1017 1636 1044 1663 et
1068 1637 1175 1670 aposto=

467 1681 522 1709 lica
554 1680 704 1709 benedictio
738 1680 825 1716 quoad
858 1680 971 1707 mundus
1007 1682 1176 1715 permaneat.
1195 1654 1198 1707 l

467 1726 559 1754 Amen.

472 1788 553 1824 Cum
578 1796 701 1823 constet
717 1788 889 1822 Dominum
913 1788 1014 1823 Deum
1031 1797 1174 1823 nostrum

423 1838 576 1874 honorem
600 1847 724 1873 sanctae
748 1838 932 1872 universalis
956 1838 1112 1873 Ecclesiae
1129 1839 1177 1872 iu-

423 1896 583 1923 cessanter
616 1900 631 1922 a
671 1887 931 1935 propagatoribus
967 1888 1075 1922 beatae
1105 1889 1175 1922 fidei

424 1946 671 1984 augumentare,
706 1950 835 1972 necesse
858 1945 905 1972 est
931 1938 970 1972 ab
997 1938 1049 1972 illo
1080 1938 1177 1972 totius

424 1987 491 2022 iure
514 1987 677 2033 regiminis
698 1987 726 2022 ei
748 1987 925 2022 concedere
947 1999 1078 2022 censura
1103 1988 1175 2021 iusti

425 2036 650 2071 moderaminis
684 2036 922 2076 liberalitatem,
957 2036 1177 2083 malorumque

424 2086 536 2134 procul
550 2086 588 2120 ab
602 2098 636 2120 ea
652 2086 766 2132 pellere
784 2087 1013 2132 pervasionem,
1029 2087 1178 2133 quocirca

425 2136 575 2183 quoniam
603 2136 749 2170 convenit
776 2136 966 2182 apostolicae
990 2136 1094 2182 pietati
1123 2136 1178 2170 be-

427 2185 521 2231 nigna
538 2185 717 2231 petentibus
739 2197 923 2220 succurrere
946 2186 1177 2232 compassione,

424 2234 497 2269 ideo
524 2247 581 2269 nos
607 2236 670 2268 tuis
697 2235 787 2269 iustis
825 2236 961 2278 (etenim
990 2236 1070 2269 sicut
1105 2243 1178 2269 sunt

427 2283 550 2318 anobis
571 2284 777 2325 adiudicatae,
805 2297 877 2319 nam
907 2285 987 2319 iuste
1010 2286 1105 2329 fiunt)
1127 2297 1180 2319 an-

427 2342 562 2368 nuentes
585 2334 740 2380 precibus,
764 2346 874 2368 omues
891 2335 1098 2381 proprietates
1114 2335 1179 2368 sive

430 2383 648 2430 possessiones
670 2383 770 2430 ipsius
792 2384 864 2423 loci,
892 2386 971 2419 lines
992 2384 1039 2419 vel
1063 2384 1180 2418 limites

427 2444 499 2466 cum
514 2432 695 2467 adiacentiis
709 2434 950 2480 praecipuorum
967 2434 1179 2480 praediorum,

427 2493 499 2516 cun]
522 2481 670 2516 omnibus
696 2482 851 2525 ecclesiis,
888 2483 1055 2530 parochiis,
1079 2483 1179 2526 villis,

429 2530 549 2576 fundis,
582 2531 673 2571 casis,
708 2532 874 2575 casalibus,
911 2533 1010 2572 terris,
1048 2533 1180 2579 campis,

430 2581 539 2626 pratis,
557 2581 694 2627 pascuis,
715 2582 822 2629 sylvis,
844 2582 984 2628 garricis,
1006 2583 1099 2622 areis,
1122 2590 1182 2616 tor-

431 2629 571 2668 culariis,
599 2631 701 2677 aquis,
735 2643 886 2678 aquarum
912 2631 1072 2671 ductibus,
1100 2632 1181 2678 viis,

432 2678 638 2721 molendinis,
664 2680 902 2716 molendinariis
936 2693 1008 2716 cum
1035 2681 1102 2716 suis
1128 2693 1182 2717 ca-

1195 446 1423 494 larcliaugclus
1456 448 1588 482 Micliael
1610 460 1652 482 ex
1677 448 1896 483 collationibus
1928 450 1964 482 li-

1195 486 1334 534 ldelium
1359 499 1390 532 in
1420 497 1572 532 coenobio
1598 497 1739 532 Coxiauo
1763 498 1964 536 retinereri-

467 541 567 571 minis⁴
581 557 621 562 --
638 539 814 567 Donatioucs
833 536 997 566 seniofredi
1016 534 1131 564 comitis
1148 539 1175 564 et
1194 538 1197 549 ‘
1216 548 1318 586 detur,
1331 554 1437 582 nostro
1453 547 1677 581 confirmamus
1693 547 1865 594 privilegio.
1882 547 1965 582 Con-

1215 598 1358 631 cedimus
1402 598 1505 643 itaque
1545 597 1703 643 praedicto
1748 598 1939 632 monasterio
1954 625 1962 638 ,

1215 647 1298 694 quod
1328 647 1357 680 iu
1390 646 1522 680 circuitu
1544 647 1614 680 eius
1640 646 1792 690 liabetur,
1819 646 1963 681 alaudem

1216 710 1287 731 cum
1317 695 1433 729 linibus
1467 704 1497 730 et
1524 696 1589 729 suis
1611 696 1773 734 terminis,
1808 696 1965 731 exlatere

1217 758 1279 780 uno
1308 752 1490 792 pergentem
1529 758 1582 791 per
1616 746 1826 779 summitatem
1860 758 1965 781 serrae

1215 796 1253 829 de
1284 795 1412 829 Bovaria
1435 795 1471 828 ad
1501 795 1604 828 iorum
1633 795 1671 829 de
1693 794 1840 835 Clerano,
1873 803 1903 830 et
1925 795 1964 830 ad

1217 853 1366 887 montem,
1393 844 1446 890 qui
1470 843 1585 877 dicitur
1608 844 1763 885 Lararias,
1786 852 1816 879 et
1835 857 1889 891 per
1903 845 1966 880 La-

1216 895 1318 929 varias
1344 905 1441 940 usque
1461 894 1491 927 iu
1515 893 1740 938 Flamidiuum,
1766 902 1797 928 et
1815 894 1888 929 iude
1903 895 1967 929 itur

1216 945 1246 977 in
1277 945 1379 977 locum
1404 943 1569 976 vocitatum
1591 944 1707 984 Stella,
1735 951 1766 977 et
1802 956 1902 991 usque
1935 945 1964 979 in

1216 993 1426 1027 summitatem
1445 993 1561 1026 montis
1582 992 1764 1040 Caiiigonis.
1793 994 1832 1029 Et
1854 1007 1869 1027 a
1897 1007 1967 1029 me-

1217 1044 1335 1077 ridiana
1364 1042 1464 1076 l'roate
1489 1043 1607 1077 montis
1633 1042 1805 1089 Cauigonis
1831 1044 1967 1079 descen-

1216 1093 1260 1127 dit
1286 1104 1340 1139 per
1367 1103 1483 1126 serram
1516 1093 1598 1138 pogii
1620 1092 1768 1140 Aquiloni
1793 1094 1831 1128 ad
1855 1106 1967 1142 rupem

1217 1142 1309 1187 vulgo
1343 1149 1552 1188 nuncupatam
1586 1141 1726 1177 Clieruin
1753 1143 1902 1188 Clerinti,
1937 1152 1968 1178 et

1216 1191 1380 1226 descendit
1407 1203 1460 1237 per
1487 1192 1699 1226 summitatem
1737 1205 1840 1228 serrae
1868 1205 1969 1240 usque

1216 1242 1252 1276 ad
1280 1242 1408 1288 pugium
1437 1240 1607 1281 Parabarii,
1634 1249 1665 1275 et
1687 1255 1785 1289 usque
1813 1243 1842 1277 in
1866 1244 1968 1278 rivum

1216 1291 1420 1330 Mcrdarium,
1443 1298 1473 1324 ct
1508 1290 1675 1325 deducitur
1713 1305 1813 1339 usquc
1842 1293 1871 1326 in
1906 1294 1970 1327 ssu-

1218 1342 1301 1374 vium
1325 1340 1421 1374 Tede.
1450 1340 1488 1373 Ei
1511 1352 1528 1374 a
1551 1341 1789 1387 septentrionali
1814 1350 1968 1392 parteye-

1218 1392 1300 1424 uitur
1325 1390 1464 1423 instrata
1482 1390 1616 1435 publica,
1639 1403 1731 1437 quain
1748 1392 1856 1426 dicunt
1881 1392 1970 1428 Duas

1218 1441 1362 1483 Sorores,
1385 1447 1414 1472 ct
1438 1452 1491 1486 per
1519 1440 1583 1486 ipsa
1607 1440 1653 1474 via
1678 1441 1802 1487 publica
1824 1443 1967 1488 usquein

1218 1490 1421 1529 Litei·auuiii;
1456 1497 1487 1522 ct
1520 1489 1592 1523 iude
1625 1490 1684 1524 sub
1712 1491 1829 1525 Sancto
1863 1491 1970 1527 Felice

1219 1540 1358 1573 tenditur
1372 1551 1470 1585 usquc
1485 1539 1513 1571 in
1529 1539 1673 1573 alaudem
1688 1540 1822 1575 Sanctae
1840 1541 1970 1587 Mariae,

1217 1597 1247 1623 et
1273 1588 1458 1622 terminatur
1481 1589 1509 1621 in
1545 1588 1708 1623 Petralixa.
1743 1590 1866 1626 Deinde
1894 1599 1971 1626 teu-

1217 1639 1302 1672 ditur
1328 1650 1381 1684 pei·
1407 1640 1471 1684 ipsa
1494 1638 1638 1683 comella,
1661 1639 1712 1673 ubi
1737 1653 1830 1688 rupes
1845 1653 1971 1688 magna,

1219 1688 1247 1722 iu
1277 1700 1337 1734 qua
1363 1687 1403 1721 ob
1425 1688 1655 1722 dinoscendum
1679 1691 1847 1724 terminum
1871 1691 1973 1738 ipsius

1217 1737 1340 1772 alaudis
1358 1749 1374 1771 a
1399 1737 1499 1770 bonae
1522 1738 1691 1772 memoriae
1712 1739 1901 1774 Seniofredo
1922 1753 1974 1776 co-

1220 1789 1293 1821 mite
1317 1799 1392 1820 crux
1419 1787 1522 1820 excisa
1551 1796 1608 1821 est.
1647 1787 1688 1822 Et
1711 1789 1825 1824 exinde
1851 1790 1912 1824 itur
1940 1790 1971 1825 in

1218 1836 1349 1870 Bovaria
1377 1836 1575 1875 subteriore,
1615 1845 1645 1871 et
1674 1850 1729 1884 per
1755 1840 1971 1875 summitatem

1218 1898 1322 1920 serrae
1343 1898 1442 1932 usque
1468 1887 1497 1919 in
1522 1885 1652 1921 Bor-aria
1674 1888 1846 1935 superiore.
1880 1888 1975 1924 Alau-

1219 1936 1290 1970 dem
1310 1936 1414 1982 itaque
1428 1935 1609 1969 Tauriniaui
1629 1949 1701 1971 cum
1720 1939 1851 1973 ecclesia
1863 1937 1973 1974 Sancti

1221 1985 1386 2019 Fructuosi
1410 1997 1483 2019 cum
1519 1985 1651 2020 decimis
1684 1994 1715 2020 et
1741 1988 1907 2035 primitiis,
1942 1996 1975 2023 et

1220 2035 1321 2068 villam
1353 2047 1425 2068 cum
1448 2034 1597 2069 omnibus
1626 2035 1719 2070 rebus
1745 2038 1782 2071 ad
1816 2050 1850 2072 se
1877 2038 1975 2084 perti-

1220 2084 1379 2119 nentibus.
1424 2084 1528 2118 Simili
1570 2086 1663 2119 modo
1702 2087 1805 2121 villam
1847 2086 1974 2123 Clerani

1219 2146 1291 2168 cum
1314 2134 1445 2168 ecclesia
1470 2133 1578 2168 Sancti
1595 2134 1730 2181 Martini,
1752 2149 1825 2171 cum
1842 2137 1975 2172 decimis

1219 2191 1250 2218 ct
1272 2183 1429 2230 primitiis,
1467 2193 1496 2218 et
1519 2184 1662 2219 alaudem
1693 2198 1764 2220 cum
1800 2186 1917 2221 finibus
1945 2194 1977 2222 et.

1221 2233 1373 2267 terminis.
1402 2233 1544 2280 Itemque
1566 2235 1708 2269 alaudem
1739 2235 1927 2280 Arallaneti,
1946 2244 1977 2271 et

1220 2282 1363 2317 alaudem
1386 2284 1424 2318 de
1454 2282 1576 2327 Arboca
1612 2297 1683 2319 cum
1708 2285 1824 2320 finibus
1855 2293 1886 2320 et
1911 2294 1977 2320 ter-

1222 2333 1315 2366 minis
1336 2337 1416 2378 suis,
1439 2343 1467 2369 et
1491 2333 1600 2369 vallem
1624 2334 1729 2370 Leche
1746 2347 1820 2370 cum
1842 2335 1977 2371 ecclesia

1220 2381 1329 2416 Sancti
1345 2384 1516 2418 Salvatoris
1531 2397 1602 2419 cum
1619 2385 1755 2420 decimis
1770 2394 1800 2419 et
1817 2385 1976 2432 primitiis.

1221 2432 1309 2473 Quae
1332 2434 1420 2469 vallis
1447 2435 1632 2469 terminatur
1661 2434 1700 2469 de
1729 2447 1791 2469 uno
1819 2436 1913 2469 latere
1945 2435 1978 2469 in

1223 2482 1288 2528 ipsa
1303 2483 1452 2524 Portella,
1468 2483 1507 2517 de
1522 2484 1582 2518 alio
1599 2485 1627 2518 in
1643 2483 1856 2531 suprascripta
1866 2483 1978 2529 Stella,

1223 2532 1261 2566 de
1283 2533 1374 2567 tertio
1398 2534 1427 2567 in
1453 2542 1559 2567 monte
1581 2534 1733 2573 Stabello,
1756 2534 1794 2567 de
1817 2542 1928 2580 quarto
1946 2533 1978 2568 in

1223 2590 1329 2616 monte
1352 2581 1517 2630 CaprariO,
1533 2584 1571 2617 de
1587 2585 1697 2630 quinto
1717 2583 1746 2617 iu
1763 2582 1886 2618 Cabum
1900 2595 1980 2618 eon-

1992 272 2042 300 An.
2062 272 2092 302 C.
2109 272 2175 302 10¹¹

2026 580 2170 604 Emunentio

1994 617 2104 640 bonorum
2129 625 2180 640 enm

1995 654 2121 678 eorumdem
2137 655 2181 675 ter-

1996 692 2071 715 minin.

1225 2631 1359 2671 vix-ium,
1395 2633 1434 2667 de
1459 2641 1547 2667 sexto
1570 2633 1599 2666 io
1629 2641 1766 2667 montem
1795 2632 1978 2679 Cogollem,
2023 2661 2025 2664 .

1223 2681 1262 2716 de
1288 2682 1421 2730 septimo
1449 2683 1481 2716 in
1511 2682 1582 2717 villa
1604 2682 1738 2717 Senarii.
1766 2682 1857 2718 Hauc
1884 2681 1980 2717 deni-
