2237 3127
193 316 235 342 An
268 314 295 342 C.
324 317 375 344 545

184 1836 213 1855 tte
233 1842 284 1863 pace
308 1835 364 1855 inter

180 1878 231 1898 imp.
252 1874 272 1891 et
291 1877 363 1899 rogem

187 1904 350 1927 [hildebertum

179 1941 326 1962 t·==i·.lianila.

180 2340 266 2362 vallium
312 2343 360 2363 Au-

179 2383 188 2395 x
206 2383 241 2395 nio
275 2384 360 2399 conc,-

179 2410 243 2433 ditur.

458 315 528 347 ⁴50

403 377 613 414 destinantes,
642 371 831 421 apostolicae
866 368 934 404 sedi
962 365 1158 402 terminanda

406 434 548 461 servata:
573 431 607 458 ut
634 421 788 458 universis
810 432 827 454 a
848 417 1041 453 fraternitate
1057 422 1157 451 vestra

401 472 599 521 competenti
626 471 746 506 ratione
768 467 941 516 dispositis,
969 477 1030 512 pax
1045 491 1054 508 ,
1076 476 1156 519 quae

402 521 575 556 Salvatoris
596 531 673 554 voce
697 519 810 554 collata
831 524 878 552 est
903 514 1066 550 Ecclesiae
1083 513 1154 567 Dei,

406 582 487 616 quae
509 581 570 605 nna
592 576 638 604 est
664 568 695 602 in
717 575 781 602 toto
802 565 879 602 orbe
900 564 1024 607 diffusa,
1051 561 1154 611 stabili

404 619 551 654 firmitate
572 625 724 661 servetur,
741 628 799 651 nec
814 613 936 660 antiqui
957 612 1057 647 hostis
1079 623 1154 657 pos-

401 667 440 701 sit
465 667 620 702 taxatione
645 665 761 708 vexari,
783 665 814 698 in
837 663 922 697 illius
941 668 1045 709 petrae
1064 658 1154 694 Chri-

401 716 440 750 sti
464 715 523 751 Dei
551 715 692 754 Domini,
717 722 747 749 et
768 711 938 748 Salvatoris
960 710 1058 745 nostri
1083 720 1152 744 ere-

400 765 508 799 ctione
536 765 657 799 firmata
675 762 842 798 stabilitate
867 760 1047 808 persistens.
1062 757 1151 799 Quae

399 821 514 848 cuncta
550 822 584 847 ut
616 812 791 847 fraternitas
821 818 921 845 vestra
949 809 1062 843 melius
1096 818 1151 854 per

395 861 455 897 Dei
484 862 616 908 gratiam
639 861 738 908 possit
760 859 903 907 implere,
917 858 1072 892 universis
1087 855 1151 902 epi-

397 911 518 958 scopis,
545 910 662 958 quibus
683 918 713 945 te
736 920 870 957 praeesse
895 907 1062 947 voluimus,
1090 916 1149 939 au-

397 960 554 995 ctoritatis
581 967 706 994 nostrae
744 966 791 993 est
830 957 910 992 serie
943 955 1147 990 declaratum.

394 1007 510 1043 Nullus
532 1020 607 1054 ergo
630 1008 669 1043 de
695 1006 898 1055 pontificibus
920 1012 992 1039 tuae
1020 1016 1074 1051 per
1093 1002 1148 1037 has

394 1058 479 1092 vices
507 1057 697 1092 ordinationi
728 1055 916 1099 commissis,
939 1054 1019 1088 sicut
1049 1061 1079 1087 et
1108 1051 1146 1085 ad

345 1123 368 1134 ›—
396 1113 452 1140 eos
474 1105 546 1141 data
573 1105 712 1152 loquitur
746 1113 852 1140 nostra
884 1102 1080 1150 praeceptio,
1114 1100 1145 1134 in

215 1157 271 1205 'm
286 1150 368 1200 γΜὴ]
393 1153 579 1201 longinquis
601 1154 794 1201 quibuslibet
820 1153 899 1187 locis
921 1151 1033 1185 audeat
1056 1151 1148 1197 profi-

358 1196 365 1208 ²
393 1203 468 1238 cisci
486 1230 493 1244 ‚
517 1204 578 1237 nisi
601 1203 734 1237 solemni
757 1213 855 1246 more,
874 1201 957 1234 sicut
978 1199 1146 1235 decessore

391 1259 503 1286 nostro
534 1251 692 1287 decessori
724 1259 826 1286 vestro
861 1249 1003 1283 similiter
1029 1260 1146 1283 conce-

392 1300 490 1335 dente
511 1308 751 1344 consueverant,
766 1300 929 1333 formatam
945 1305 1063 1332 vestrae
1076 1298 1146 1332 cha-

391 1350 493 1384 ritatis
515 1350 681 1397 acceperit.
709 1349 843 1396 Oportet
869 1359 944 1393 ergo
968 1346 1144 1381 fraternita-

390 1407 453 1433 tem
466 1407 599 1433 vestram
615 1398 845 1433 incessantibus
857 1395 1144 1443 supplicationibus

390 1447 460 1482 Deo
487 1455 597 1482 nostro
619 1459 728 1494 preces
753 1446 925 1485 ett‘undere,
949 1453 981 1479 ut
1009 1444 1143 1480 domnos

390 1496 472 1530 tilios
509 1504 633 1531 nostros
674 1495 938 1531 clementissimos
983 1494 1143 1540 principes

390 1544 615 1585 lastinianum,
638 1552 731 1592 atque
757 1542 969 1581 Theodoram,
987 1554 1042 1576 sua
1057 1554 1143 1576 sem-

388 1605 447 1639 per
473 1594 668 1641 protectione
704 1593 876 1628 custodiat:
910 1603 990 1638 quae
1014 1603 1070 1638 pro
1094 1591 1142 1626 his

388 1649 511 1677 vestrae
534 1643 676 1677 charitati
693 1641 892 1681 mandandis,
911 1648 942 1674 et
954 1647 1142 1685 suggerente

388 1690 628 1736 gloriosissimo,
651 1699 682 1725 et
703 1689 969 1726 excellentissimo
991 1688 1055 1723 tilio
1082 1701 1143 1723 no-

386 1747 451 1774 stro
473 1740 605 1786 patricio
629 1739 792 1780 Belisario,
816 1750 872 1785 pro
894 1750 956 1784 quo
983 1737 1058 1772 item
1087 1749 1142 1772 vos

386 1789 534 1823 convenit
556 1800 684 1824 exorare
698 1816 706 1829 ,
728 1789 779 1836 pia
807 1787 1019 1834 praebuerunt
1033 1786 1141 1821 vdevo-

386 1837 472 1872 tione
507 1850 710 1873 consensum.
748 1838 919 1872 Hortamur
940 1847 1078 1882 quoque,
1108 1844 1141 1870 ut

386 1886 573 1921 sacerdotali
597 1899 692 1934 opere
714 1887 794 1921 inter
815 1884 1079 1932 gloriosissimum
1094 1884 1141 1918 vi-

386 1947 457 1969 rum
479 1934 718 1970 Childebertum
755 1947 873 1981 regem,
901 1934 956 1968 sed
991 1941 1022 1968 et
1052 1942 1141 1968 ante-

386 1983 506 2019 dictum
534 1985 817 2020 clementissimum
844 1983 1045 2031 principem,
1070 1994 1140 2017 con-

385 2041 493 2080 ceptae
513 2034 630 2079 gratiae
653 2034 843 2068 documenta
871 2040 998 2079 paterna
1025 2031 1140 2066 adhor-

386 2082 504 2117 tatione
535 2083 677 2118 servetis.
702 2083 789 2117 Bene
816 2082 901 2116 enim
925 2080 1078 2120 Domini,
1110 2088 1140 2115 et

385 2130 558 2166 Salvatoris
586 2132 698 2175 nostri,
720 2143 802 2178 quae
829 2130 954 2177 populis
977 2129 1141 2176 praedica—

386 2192 470 2224 mus,
492 2180 638 2215 mandata
660 2188 732 2216 ante
750 2180 859 2215 oculos
873 2180 1059 2222 retinemus,
1074 2179 1140 2224 qui-

384 2228 445 2263 hus
461 2229 519 2263 ait:
548 2229 638 2264 Beati
661 2229 795 2276 pacifici,
819 2228 970 2276 quoniam
994 2227 1048 2261 filii
1078 2227 1136 2262 Dei

385 2277 582 2312 vocabuntur
608 2282 661 2322 (a).
684 2278 723 2312 Et
748 2279 821 2325 quia
851 2277 947 2323 digna
980 2276 1138 2311 credimus

386 2326 508 2361 ratione
529 2327 701 2373 compleri,
724 2335 756 2361 ut
778 2327 882 2373 agenti
906 2326 988 2360 vices
1016 2333 1138 2360 nostras

385 2375 471 2422 pallii
494 2388 559 2410 non
581 2376 662 2410 desit
684 2383 830 2416 ornatus,
852 2387 945 2409 usum
967 2373 1023 2408 tibi
1046 2374 1137 2413 eius,

384 2425 467 2458 sicut
497 2424 657 2460 decessori
694 2432 747 2460 tuo
783 2423 1008 2471 praedecessor
1031 2430 1138 2457 noster

385 2483 510 2508 sanetae
539 2473 766 2508 recordationis
793 2472 1002 2520 Symmachus
1023 2471 1138 2517 legitur

385 2523 566 2563 contulisse,
600 2524 681 2558 beati
716 2522 801 2557 Petri
822 2529 929 2556 sancta
951 2521 1136 2555 auctoritate

385 2572 602 2607 concedimus.
625 2572 671 2607 Ea
702 2583 785 2612 vero,
812 2582 892 2618 quae
914 2569 954 2604 de
980 2570 1135 2616 praesenti

385 2620 585 2656 ordinatione
624 2628 731 2657 nostra
759 2620 877 2656 directa
917 2619 1136 2667 praeceptione

422 2703 461 2738 (a)
478 2703 571 2729 Matth.
589 2704 617 2731 ὅ.

992 310 1183 337 BULLARIUM
1203 308 1368 333 ROMANUM

1198 363 1411 411 signavimus,
1444 362 1484 398 ad
1518 362 1682 399 universos
1702 363 1869 411 episcopos
1895 375 1951 411 per

1198 413 1380 448 charitatem
1406 419 1491 447 tuam
1507 412 1654 447 volumus
1669 413 1843 459 pervenire.
1862 413 1950 448 Deus

1196 470 1226 497 te
1248 462 1439 497 incolumem
1461 461 1628 506 custodiat,
1651 461 1746 496 frater
1771 462 1944 497 carissime.

1198 511 1277 547 Data
1312 523 1349 545 x1
1376 510 1479 545 kalen.
1501 510 1614 551 iunias,
1646 522 1681 544 lv
1703 518 1775 557 post
1800 511 1949 546 consula-

1196 568 1268 595 tum
1295 559 1405 594 Basilii
1425 558 1464 594 V.
1486 557 1523 593 C.

1273 615 1334 646 Dat.
1353 615 1399 645 die
1416 615 1454 645 22
1476 616 1546 645 maii
1571 624 1647 645 anno
1665 613 1781 645 Domini
1801 615 1869 653 545,

1372 655 1475 694 pontif.
1498 654 1599 693 vigilii
1621 663 1697 685 anno
1717 663 1767 685 vit.

1545 786 1601 821 III.

1190 872 1374 905 Auxanium
1399 872 1550 906 vicarium
1569 872 1647 905 sedis
1668 872 1852 916 apostolicae
1873 882 1942 906 con·

1237 921 1377 954 scitatum
1410 932 1469 954 esse
1499 921 1646 955 nunciat:
1680 921 1770 955 huius
1806 921 1943 955 muneris

1235 977 1338 1013 partes
1359 970 1515 1014 explicat,
1537 982 1697 1014 omnesque
1717 970 1869 1004 Auxanio
1893 970 1944 1003 ob-

1238 1025 1404 1063 temperare
1430 1020 1509 1052 iubet
1526 1021 1583 1063 (1).

1460 1108 1675 1139 SUMMARIUM

1187 1180 1474 1212 Prooemium.-—De
1489 1183 1620 1212 Auxanio
1637 1182 1745 1212 vicario
1764 1181 1844 1212 sedis
1866 1190 1941 1221 apo-

1226 1222 1348 1252 stolicae
1375 1223 1544 1252 constituto.
1567 1238 1607 1244 —
1629 1221 1752 1251 Maiores
1775 1229 1884 1251 causae
1906 1222 1943 1250 ad

1227 1261 1361 1291 eamdem
1391 1262 1491 1291 sedem
1514 1261 1721 1290 devolvendae.
1739 1277 1779 1282 —
1799 1260 1839 1290 De
1870 1259 1941 1290 obe-

1225 1299 1335 1330 dientia
1354 1300 1486 1330 Auxanio
1498 1301 1686 1338 praestanda.
1701 1298 1791 1329 -Ne
1806 1299 1939 1339 episcopi

1225 1340 1288 1368 sine
1308 1340 1424 1369 licentia
1443 1340 1545 1369 vicarii
1567 1339 1720 1379 apostolici
1738 1348 1753 1369 a
1773 1338 1836 1369 suis
1855 1338 1938 1369 sedi-

1225 1379 1284 1408 bus
1304 1380 1468 1410 discedant.

1183 1452 1341 1483 Dilectissimis
1359 1452 1474 1488 fratribus,
1493 1454 1604 1482 unitersis
1626 1453 1739 1492 episcopis
1761 1453 1864 1483 omnium
1886 1462 1938 1492 pro-

1223 1493 1349 1522 vinciarum
1372 1502 1412 1531 per
1429 1493 1524 1531 Gallias,
1548 1493 1585 1530 qni
1607 1492 1649 1522 sub
1671 1501 1744 1531 regno
1766 1493 1802 1522 vel
1825 1496 1939 1531 potestate

1222 1532 1383 1569 gloriosissimi
1403 1532 1444 1561 filii
1463 1533 1534 1561 nostri
1552 1532 1695 1561 Chiltleberti
1713 1532 1776 1570 regis
1797 1532 1938 1562 Francorum

1223 1572 1340 1601 constituti
1362 1576 1423 1609 sunt,
1440 1572 1480 1600 sed
1499 1576 1520 1601 et
1544 1571 1595 1609 liis,
1619 1572 1702 1609 quiex
1725 1573 1818 1609 antiqua
1841 1581 1937 1601 consue·

1223 1611 1302 1640 tudine
1316 1611 1343 1640 ab
1359 1611 1488 1640 Arelatensi
1504 1612 1631 1640 consecrati
1646 1615 1709 1649 sunt,
1720 1611 1758 1640 vel
1773 1614 1938 1641 consecrantur

1222 1651 1339 1689 episeopo,
1359 1650 1469 1689 vigilius.

1232 1734 1395 1776 Quantum
1417 1746 1474 1781 pro
1502 1733 1608 1769 divina
1640 1733 1779 1781 potentia
1810 1741 1938 1780 aposto-

1182 1783 1284 1818 lorum
1311 1783 1404 1830 primi
1427 1783 1547 1827 sedem,
1571 1795 1633 1818 non
1661 1795 1719 1830 pro
1737 1783 1854 1818 nostris
1868 1795 1936 1819 me-

1183 1832 1261 1877 ritis,
1283 1832 1337 1867 sed
1361 1844 1416 1878 pro
1435 1832 1585 1867 ineffabili
1601 1843 1677 1867 suae
1698 1832 1936 1868 misericordiae

1182 1881 1295 1928 pietate
1322 1880 1437 1917 habere
1459 1881 1642 1923 constituit,
1664 1888 1786 1916 tantum
1815 1893 1875 1917 nos
1895 1881 1936 1918 de

1183 1930 1397 1965 universarum
1420 1930 1634 1965 Eeclesiarum
1658 1930 1877 1978 dispositione,
1905 1939 1936 1967 et

1181 1991 1268 2026 pace,
1303 1987 1334 2013 et
1360 1987 1443 2015 statu
1470 1991 1578 2014 curam
1611 1978 1729 2015 habere
1763 1979 1934 2022 convenit,

1181 2040 1254 2062 cum
1284 2028 1427 2074 gentium
1456 2028 1539 2063 dicat
1569 2028 1760 2076 Apostolus:
1782 2028 1933 2064 Instantia

1180 2089 1249 2112 mea
1280 2077 1473 2124 quotidiana,
1502 2077 1670 2112 solicitudo
1698 2077 1842 2112 omnium
1870 2078 1934 2114 Ec-

1180 2125 1346 2161 clesiarum
1374 2129 1426 2171 (a).
1449 2126 1618 2169 Quomodo
1653 2138 1728 2172 ergo
1760 2126 1841 2161 inter
1866 2125 1934 2161 Do-

1181 2175 1256 2209 mini
1291 2176 1470 2211 sacerdotes
1504 2182 1636 2216 sancta,
1667 2183 1696 2210 et
1729 2174 1797 2210 Deo
1819 2174 1933 2222 placita
1969 2191 1972 2193 ’

1180 2231 1282 2270 potest
1302 2236 1430 2260 manere
1459 2224 1640 2266 concordia,
1663 2224 1725 2258 nisi
1747 2232 1797 2265 ut,
1820 2224 1846 2259 si
1868 2224 1932 2259 hu-

1180 2273 1263 2307 mani
1282 2274 1408 2320 generis
1425 2273 1525 2309 hostis
1546 2275 1672 2321 antiqua
1696 2272 1836 2320 nequitia
1858 2284 1933 2308 con-

1179 2330 1299 2357 suetam
1327 2322 1478 2357 zizaniam
1513 2322 1671 2358 seminare
1697 2322 1855 2367 voluerit,
1881 2322 1931 2364 is,

1178 2371 1232 2418 qui
1254 2371 1430 2406 absentiam
1464 2378 1604 2407 nostram
1626 2371 1710 2406 sedis
1738 2370 1930 2418 apostolicae

1179 2420 1298 2455 vicibus
1337 2420 1530 2468 perfruendo
1565 2420 1721 2467 spirituali
1758 2419 1855 2466 gratia
1877 2431 1929 2455 re-

1179 2477 1377 2515 praesentat,
1413 2469 1533 2505 auferat
1567 2477 1726 2504 certamen
1754 2467 1932 2504 exortum?

1177 2518 1376 2566 Quapropter
1397 2519 1542 2554 Auxanio
1558 2518 1655 2560 fratri,
1682 2526 1713 2553 et
1739 2518 1930 2565 coepiscopo

1178 2577 1305 2609 nostro,
1336 2568 1530 2603 Arelatensis
1551 2567 1684 2602 civitatis
1714 2566 1857 2608 antistiti,
1882 2567 1930 2601 vi-

1976 310 2027 337 An.
2051 310 2079 337 C.
2108 312 2158 338 5¹15

1965 1745 2105 1768 Prote-nium.

1973 2523 2006 2546 D·
2033 2526 2128 2546 Anxani.)

1957 2559 2039 2582 'lentio
2078 2561 2114 2581 ›⁴23‹
2126 2562 2142 2581 is

1490 2617 1496 2623 ·
1867 2616 1874 2622 ‚
1970 2595 2126 2624 Apustolicau

1177 2628 1229 2651 ces
1260 2626 1381 2652 nostras
1413 2617 1548 2652 charitas
1577 2624 1679 2651 vestra
1711 2628 1770 2651 nos
1801 2615 1928 2652 dedisse
1955 2631 2086 2653 consumto.
