2237 3127
378 221 398 255 8

335 323 459 363 genus
482 306 571 357 alia,
596 322 695 362 quae
728 307 838 361 operi
864 307 1073 346 inserenda
1104 321 1176 361 suo
1206 305 1314 344 haud
1348 305 1427 344 visa
1460 312 1553 345 sunt
1579 304 1834 361 Cocquelinio
1868 312 1938 357 (ut

335 401 469 433 monet
501 393 584 447 ipsc
621 394 661 432 in
701 407 745 431 ea
778 406 897 446 quam
930 390 1117 446 praeiecit
1153 389 1327 430 Bullario
1360 391 1660 445 praefatione),
1694 393 1735 431 in
1767 393 1938 447 primam

334 494 525 520 novamve
558 478 683 518 lucem
718 477 906 532 proferre.
948 476 1004 517 Re
1036 477 1135 517 bene
1168 492 1381 532 perpensa,
1409 477 1605 532 optimum
1632 478 1774 518 visum·
1794 486 1854 518 est
1891 495 1938 520 ea

334 566 494 616 omnia,
527 566 608 605 sive
650 563 795 605 tabulis
840 565 998 620 scriptis
1044 565 1125 604 sive
1176 563 1288 604 libris
1342 565 1601 620 consigm-ita⁷
1635 546 1937 621 diligentissime

333 652 551 707 conquisita
591 650 710 691 veluti
750 652 870 691 totius
894 651 1024 706 operis
1051 649 1381 706 Supplementum
1406 667 1492 691 esse
1531 652 1571 691 in
1608 651 1737 692 lucem
1769 653 1938 692 edenda.

332 739 432 779 Huic
479 738 695 778 sententiae
749 737 1017 792 acquievimus
1051 736 1322 790 libentissime,
1356 745 1473 793 atque
1519 746 1650 793 segete
1676 739 1938 779 documento-

333 841 420 864 rum
452 832 723 865 succrescente
759 824 904 863 mirum
938 825 976 862 in
1012 824 1198 876 modum,
1235 839 1335 879 opus
1373 839 1451 863 uon
1487 825 1737 865 mediocriter
1770 825 1939 880 amplifi-

332 926 479 951 camus.
534 909 651 959 Quod
683 918 724 949 ut
766 911 903 950 ordine
946 911 1207 965 graderetur,
1255 911 1535 950 exordiendum
1569 926 1591 950 a
1624 910 1935 966 Cocqueliniana

332 997 573 1039 Collectione
596 998 822 1052 putavimus
846 999 893 1038 ad
917 1013 1104 1053 praesens
1136 1014 1259 1054 usque
1278 1005 1494 1053 protracta,
1528 1013 1617 1039 mox
1656 997 1821 1038 Bullarii
1855 999 1936 1055 Ap-

331 1086 537 1140 pendicem
566 1085 786 1125 addendam
820 1086 858 1124 in
886 1101 979 1140 qua,
1011 1084 1133 1126 veluti
1157 1087 1195 1125 in
1222 1086 1383 1141 propria
1410 1086 1517 1136 sede,
1544 1087 1752 1141 hucusque
1784 1086 1935 1127 inedita

333 1171 392 1212 vel
434 1173 603 1227 sparsim
645 1170 847 1227 divulgata
880 1173 996 1228 inque
1029 1173 1238 1213 innumera
1276 1171 1478 1213 volumina
1509 1173 1688 1228 dispersa
1729 1173 1769 1212 in
1810 1188 1934 1212 unum

331 1253 419 1301 apte
442 1247 724 1301 digereremus.
758 1245 873 1287 Illam
895 1247 927 1286 si
961 1261 1061 1301 quae
1093 1245 1308 1298 maculant,
1333 1247 1575 1304 typographi
1609 1247 1718 1297 vitio,
1753 1247 1937 1297 mendae,

330 1348 408 1387 quo
446 1333 532 1373 fieri
579 1334 724 1390 poterit
765 1335 1016 1386 accuratius,
1061 1334 1331 1390 castigamus,
1373 1334 1595 1389 dubiaeque
1640 1332 1821 1374 lectionis
1852 1331 1938 1374 loca

331 1421 594 1472 adnotamus,
629 1419 779 1461 nullam
813 1420 994 1462 consulto
1035 1421 1276 1478 typographi
1322 1422 1563 1477 editorisque
1597 1429 1750 1478 partem
1806 1419 1931 1476 negli-

330 1514 493 1562 gentes-3
526 1522 604 1547 non
635 1509 741 1547 euim
774 1509 969 1563 patiemur
991 1507 1169 1548 laborem
1201 1515 1381 1548 nostrum
1413 1508 1592 1563 requiri,
1639 1508 1934 1563 desiderarique

329 1591 585 1648 diligentiam.
610 1592 824 1634 Volumina
856 1595 951 1634 satis
985 1594 1115 1650 ampla
1136 1627 1147 1647 ,
1186 1602 1326 1650 quater
1348 1593 1493 1650 plicato
1524 1593 1617 1635 folio
1637 1627 1648 1646 ,
1696 1595 1903 1635 condimus
1925 1627 1935 1646 ,

330 1680 452 1720 nitido
483 1681 708 1721 charactere
741 1697 785 1721 ac
829 1683 1075 1733 continenti,
1121 1698 1206 1722 mar
1238 1682 1409 1723 'malibus
1446 1683 1633 1725 brevibus
1675 1684 1905 1723 summariis
1928 1715 1938 1734 ,

1209 1715 1232 1739 t>

330 1766 489 1806 adiectis
522 1768 569 1807 ad
595 1768 879 1824 cuiuscumque
902 1769 1068 1824 paginae
1114 1768 1263 1811 calcem
1291 1769 1409 1810 r'ebus
1449 1769 1658 1824 verbisque
1685 1767 1938 1810 declarandis

330 1851 488 1893 notulis.
527 1852 638 1902 Quae
671 1870 762 1895 vero
803 1854 1069 1896 Taurinenses
1108 1856 1349 1897 Recensores
1396 1857 1615 1911 generatim
1658 1858 1705 1897 de
1753 1857 1938 1898 universo

330 1955 447 1995 opere
479 1940 592 1981 affari
636 1940 824 1982 lectorem
863 1942 1198 1995 arbitrabuntur,
1241 1944 1418 1998 ipsorum
1465 1947 1540 1983 erit
1582 1942 1702 2000 longo
1752 1960 1938 1985 sermone

332 2029 370 2068 in
394 2030 630 2085 praefatione
665 2039 850 2083 retexere,
884 2048 1003 2088 quam
1041 2035 1215 2074 secundo
1256 2032 1446 2075 volumini
1474 2049 1782 2091 praeponemus,
1811 2049 1937 2091 quum

330 2116 635 2172 Cocqueliniana
676 2120 824 2174 primi,
858 2128 902 2159 ut
948 2121 1045 2160 iuris
1079 2129 1190 2173 erat,
1225 2130 1389 2178 occupet
1429 2122 1611 2163 frontem.
1641 2123 1789 2176 Quod,
1843 2133 1937 2165 ante

332 2205 616 2260 Appendicem,
649 2206 815 2246 Romani
848 2209 967 2248 etiam
1006 2208 1227 2249 consessus
1270 2209 1354 2249 DD.
1396 2210 1477 2250 VV.
1517 2211 1803 2265 praestabunt,
1843 2213 1939 2268 ipsis

331 2293 436 2332 enim
474 2292 590 2349 longe
628 2294 825 2335 difficilior
867 2312 911 2337 ac
952 2296 1192 2338 salebrosior
1226 2300 1472 2353 peragranda
1513 2306 1572 2339 est
1604 2291 1835 2354 provincia,
1867 2315 1940 2354 per

333 2380 492 2436 antiqua
525 2390 797 2433 monumenta,
836 2399 936 2437 quae
966 2384 1093 2425 iacent
1120 2385 1158 2424 in
1188 2385 1375 2436 tenebris,
1408 2387 1612 2437 eruenda3
1653 2402 1754 2441 quae
1794 2401 1933 2441 sparsa

332 2453 370 2492 in
414 2454 593 2509 pluribus
626 2457 811 2510 operibus
854 2472 898 2496 ac
944 2459 1114 2511 magnis,
1158 2457 1378 2513 colligenda
1418 2458 1458 2497 in
1496 2474 1651 2510 unum,
1696 2475 1796 2514 quae
1839 2467 1940 2500 tem-

332 2554 476 2594 porum
497 2541 648 2582 incuria
675 2550 860 2597 corrupta
886 2543 1193 2599 depravataque,
1237 2545 1509 2584 instauranda:
1544 2546 1774 2603 apocrypha
1818 2561 1840 2586 a
1865 2561 1936 2602 ge-

333 2626 480 2679 nuinis,
513 2642 536 2668 a
557 2628 701 2683 spuriis
739 2644 943 2684 germana,
982 2645 1072 2670 vera
1096 2644 1117 2670 a
1148 2632 1426 2686 supposititiis,
1451 2632 1604 2687 integra
1641 2632 1690 2672 ab
1741 2633 1938 2689 corruptis
