2237 3127
69 266 120 294 An.
136 265 183 295 Cb.
200 264 253 293 366

72 1254 123 1281 Αιι.
141 1252 189 1282 Ch.
203 1253 254 1281 558

72 2405 122 2433 An.
139 2404 187 2433 Ch.
201 2405 253 2434 366

769 264 908 293 QUORUM
930 265 1042 288 BULLAE
1063 265 1316 289 DESIDERANTUR

1721 259 1765 291 55

267 318 406 364 Ioviano,
427 317 647 354 Valentiniano
674 318 750 354 solis
776 320 1023 368 imperantibus,
1064 320 1103 356 ad
1125 320 1327 357 Reciinerem
1344 329 1374 357 et
1394 320 1583 358 Clearchum
1612 335 1705 363 coss„
1727 324 1818 359 annis

267 381 283 404 a
311 367 478 404 consulatu
505 368 682 404 Constantii
709 369 792 417 Aug.
820 371 863 406 Vl
885 378 915 405 ct
936 369 1024 406 Con-

267 418 371 454 stantii
412 417 494 453 Galli
529 418 676 455 Caesaris
705 419 734 454 ΙΙ
766 421 803 456 ad
838 420 1023 456 Gratianum

268 476 298 503 et
324 468 555 516 Dagalaiphum
584 482 668 505 coss,
692 470 779 505 Duas
801 471 874 507 fecit
897 471 1025 506 ordina-

269 518 384 564 tiones,
417 518 533 566 quibus
575 521 690 556 creavit
732 521 934 569 presbyteros
968 522 1025 556 de-

269 580 338 604 cem
370 578 401 604 et
435 576 525 614 octo,
572 569 723 606 diaconos
758 573 917 619 quinque,
957 571 1026 618 epi—

269 630 382 666 scopos
428 631 483 665 per
522 619 645 656 diversa
687 621 754 656 loca
796 621 1024 657 novemdecim.

269 667 358 704 Obiit
379 669 430 705 die
457 672 504 704 24
534 671 727 717 septembris
753 683 836 707 anno
863 673 946 711 566,
975 683 1025 706 se—

272 720 440 767 pultusque
461 728 509 755 est
536 719 565 754 in
589 722 779 757 coemeterio
789 721 964 767 Priscillae,
979 721 1026 755 via

270 769 401 805 Salaria.
429 768 560 804 Vacavit
582 770 673 806 sedes
696 771 765 806 dies
787 784 844 807 vir.

498 1025 609 1060 ΡΑΡΑ
636 1023 806 1060 XXXVIII

286 1104 379 1138 Anno
400 1115 490 1139 aerae
520 1103 635 1138 Christi
666 1115 772 1137 comm.
806 1100 1007 1136 CCCLI'III.

319 1186 416 1222 Pulso
445 1186 476 1221 in
508 1186 635 1221 exilium
666 1185 795 1220 Liberio
834 1183 947 1218 idibus·
973 1195 1030 1218 au-

269 1237 350 1284 gusti
378 1237 451 1272 auni
487 1238 570 1281 555,
598 1236 744 1283 sequenti
775 1247 858 1269 anno
885 1233 974 1268 Felix
1000 1232 1028 1267 II

271 1288 301 1322 in
336 1286 512 1322 Romanam
548 1287 663 1322 Sedem
693 1285 876 1329 intruditur,
902 1297 939 1319 ex
966 1295 1028 1331 quo

270 1337 446 1372 secundum
476 1337 506 1372 in
535 1336 677 1372 Ecclesia
711 1334 855 1371 Romana
891 1334 1029 1370 schisma

270 1386 386 1423 factum
409 1395 473 1429 est;
494 1387 532 1422 ad
555 1399 622 1422 eam
647 1387 761 1421 iterum
789 1385 889 1432 ipsius
910 1384 1027 1419 Liberii

269 1437 403 1472 consilio
423 1436 564 1484 legitime
586 1437 715 1484 eligitur
735 1444 805 1483 post
826 1435 958 1470 alterum
983 1435 1028 1469 il-

269 1487 331 1522 lius
359 1487 509 1529 exilium,
542 1487 593 1522 die
635 1486 754 1521 scilicet
784 1488 806 1520 8
838 1498 909 1531 aug.
946 1497 1028 1519 anno

271 1539 342 1573 558
352 1565 361 1583 ,
374 1537 463 1586 quasi
476 1536 568 1573 Sedis
580 1535 732 1572 Romanae
744 1536 920 1571 invasorem
932 1534 1027 1582 (quod

268 1594 373 1623 tamen
407 1587 523 1623 sactum
557 1587 660 1635 primo
693 1585 810 1621 Liberii
843 1586 937 1621 exilio
965 1597 1026 1620 non

270 1641 452 1684 negamus),
491 1637 573 1673 sedit
609 1637 715 1684 itaque
755 1644 824 1684 post
854 1636 1027 1683 legitimam

269 1687 518 1735 assumptionem
565 1699 683 1723 annum
728 1699 751 1730 1,
805 1698 906 1721 mens.
970 1698 1027 1726 ni,

269 1737 336 1772 dies
356 1750 401 1779 113
435 1737 513 1772 obiit
540 1738 601 1773 kal.
625 1736 812 1772 decembris.
875 1736 1027 1770 Nonnulli

269 1800 342 1822 eum
362 1799 378 1822 a
401 1786 590 1823 Pontificum
613 1799 748 1822 numero
766 1786 953 1821 excludunt:
970 1798 1028 1820 uos

270 1850 344 1873 cum
370 1837 481 1883 Pagio,
507 1850 602 1885 quem
631 1844 703 1885 post
728 1849 763 1871 vi
785 1836 949 1871 saeculum
977 1847 1026 1869 se-

270 1888 372 1922 cuturi
395 1899 519 1929 sumus,
553 1886 739 1922 eorumdem
769 1886 911 1932 catalogo
933 1885 1029 1920 ascri-

270 1936 388 1982 bimus,
412 1945 445 1972 ut
467 1937 606 1972 diximus
630 1937 660 1971 in
683 1936 886 1984 praefatione.

492 2087 528 2137 S.
565 2087 761 2137 DAMASUS
796 2088 808 2136 l

509 2180 622 2216 ΡΑΡΑ
648 2180 785 2216 xxxix

293 2263 387 2298 Anno
412 2275 503 2299 aerae
529 2265 644 2299 Christi
670 2277 779 2300 comm.
817 2265 1004 2301 CCCLXV]

319 2339 486 2386 Damasus,
508 2341 634 2376 natione
656 2342 809 2389 hispanus
830 2346 887 2387 (l),
910 2356 947 2378 ex
970 2356 1025 2390 pa-

269 2398 316 2426 tre
348 2389 501 2432 Antonio,
538 2390 656 2427 electus
698 2402 767 2439 post
801 2402 930 2428 mortem
970 2393 1026 2428 Li-

268 2440 361 2484 berii,
399 2440 564 2476 ordinatur
603 2453 751 2477 romanus
786 2442 931 2478 Pontifex
965 2443 1023 2478 kal.

269 2489 406 2526 octobris
439 2502 522 2526 anno
550 2492 632 2525 566.
681 2491 768 2527 Sedit
795 2493 854 2528 sub
881 2492 1024 2529 Valenti-

269 2540 363 2575 niano
390 2549 420 2575 et
442 2540 587 2586 Valente,
614 2541 728 2577 deinde
751 2542 972 2579 Valentiniano
995 2552 1026 2579 et

269 2588 450 2626 Theodosio
477 2591 596 2638 impp,
629 2603 645 2626 a
672 2591 829 2640 Lupicino
853 2602 883 2629 et
916 2593 1024 2629 Iovino

303 2676 343 2713 (1)
365 2678 464 2706 Romae
480 2681 567 2706 tamen
583 2683 675 2707 natum
694 2679 814 2707 nonnulli
829 2681 1004 2709 contendunt.

1066 371 1187 407 scilicet
1232 384 1336 412 xviii,
1393 384 1494 407 mens.
1530 385 1573 417 11,
1645 373 1727 408 dieb.
1789 386 1818 408 x.

1065 420 1153 456 Fecit
1189 421 1404 457 ordinationes
1447 423 1478 457 in
1531 422 1609 458 urhe
1666 424 1819 470 quinque,

1067 471 1183 519 quibus
1212 472 1371 507 ordinavit
1399 473 1598 521 presbyteros
1626 473 1750 520 triginta
1781 487 1820 508 u-

1070 534 1158 566 num,
1186 521 1336 557 diaconos
1370 523 1530 567 undecim,
1565 523 1734 570 episcopos
1768 535 1822 570 per

1068 571 1189 606 diversa
1220 572 1287 606 loca
1320 573 1481 618 sexaginta
1513 573 1603 608 duos.
1652 573 1822 608 Mortalita-

1068 629 1132 656 tem
1153 621 1289 669 explevit
1308 621 1358 657 die
1379 635 1404 657 lt
1427 622 1616 668 decembris,
1636 636 1718 658 auno
1738 625 1821 668 384,

1068 672 1276 718 sepultusque
1298 681 1345 707 est
1369 673 1414 707 via
1442 673 1624 714 Aixleatina,
1640 674 1669 708 in
1692 673 1821 709 basilica

1069 733 1137 763 sua,
1160 722 1244 756 iuxta
1277 730 1406 757 matrem
1440 735 1530 758 suam
1558 732 1588 758 et
1626 736 1819 771 germanam.

1071 770 1197 806 Vacavit
1218 772 1311 806 sedes
1334 772 1403 807 dies
1421 784 1474 807 xxl
1492 777 1549 817 (1).

1120 820 1267 856 Schisma
1298 822 1424 856 tertium
1458 823 1486 857 in
1511 823 1653 858 Romana
1679 822 1822 859 Ecclesia

1071 870 1150 905 inter
1170 870 1343 906 Damasum
1367 881 1396 906 et
1417 870 1610 908 Ursicinum.

1119 918 1297 962 Ursicinus,
1312 934 1460 956 romanus
1473 922 1638 968 diaconus,
1660 936 1724 971 quo
1739 930 1823 958 tem-

1071 982 1146 1017 pore
1182 970 1338 1006 Damasus
1372 971 1492 1008 electus
1520 982 1566 1008 est
1596 973 1754 1018 Pontifex,
1776 973 1824 1007 in-

1072 1027 1177 1055 trusus
1199 1029 1246 1055 est
1271 1029 1379 1057 contra
1407 1035 1477 1057 eum
1507 1023 1536 1057 in
1565 1023 1740 1059 Romanam
1763 1023 1825 1058 Se-

1070 1070 1154 1114 dem,
1178 1071 1361 1119 multosque
1376 1085 1412 1107 ex
1442 1072 1527 1108 clero
1551 1074 1731 1121 populoque
1752 1086 1826 1108 suas

1071 1120 1100 1154 in
1125 1129 1229 1167 partes
1253 1123 1412 1169 pertraxit.
1435 1122 1548 1169 Magna
1571 1124 1645 1159 hinc
1669 1124 1826 1159 seditione

1071 1170 1191 1211 oborta,
1226 1173 1255 1205 iu
1292 1172 1418 1207 basilica
1466 1173 1626 1208 Siciuiana
1657 1174 1690 1208 sit
1713 1186 1825 1219 magna

1071 1221 1195 1255 caedes.
1226 1221 1368 1257 Tandem
1398 1223 1657 1259 adlaborantihus
1686 1236 1742 1271 pro
1765 1237 1826 1258 ex-

1072 1271 1246 1317 tinguendo
1272 1272 1443 1308 schismate
1466 1274 1630 1309 catholicis
1654 1275 1826 1321 imperato-

1073 1321 1170 1364 ribus,
1207 1321 1363 1369 pulsoque
1396 1325 1494 1359 semel
1541 1325 1718 1372 iterumque
1753 1337 1824 1359 cum

1071 1372 1135 1406 suis
1156 1371 1316 1418 Ursicino,
1339 1375 1454 1409 mansit
1475 1374 1642 1411 Damasus.

1317 1551 1352 1600 S.
1390 1552 1583 1603 SI'RlClUS

1348 1655 1459 1691 PAPA
1491 1657 1546 1692 XL

1070 1731 1162 1764 Anno
1189 1743 1278 1766 aerae
1307 1733 1422 1767 Clu-isat
1447 1746 1554 1768 comm.
1587 1736 1823 1769 CCCLXXH'.

1119 1807 1272 1855 Syririus,
1312 1811 1437 1846 natione
1471 1824 1633 1855 romanus,
1671 1826 1708 1848 ex
1738 1822 1824 1861 patre

1069 1856 1232 1902 Tiburtio,
1267 1859 1397 1905 eligitur
1430 1862 1575 1897 Pontifex
1615 1862 1673 1897 hal.
1712 1864 1823 1898 ianua-

1070 1907 1120 1951 rii,
1154 1920 1237 1943 anno
1270 1912 1350 1944 585.
1381 1910 1453 1946 Fuit
1485 1919 1590 1947 autem
1625 1914 1823 1961 temporibus

1070 1956 1282 1993 Valentiniani
1311 1968 1341 1994 et
1369 1961 1540 1997 Theodosii
1564 1971 1594 1997 et
1617 1963 1762 2007 Arcadii,
1794 1974 1823 1999 et

1069 2007 1183 2043 deinde
1202 2008 1346 2055 IIonorii,
1369 2023 1385 2045 a
1409 2013 1573 2047 consulatu
1595 2012 1720 2048 Arcadii
1740 2014 1822 2060 Aug.

1070 2066 1099 2091 et
1133 2057 1284 2093 Bautonis
1320 2060 1357 2094 ad
1398 2061 1602 2097 Theodorum
1642 2073 1670 2098 ct
1706 2063 1823 2099 Eutro-

1071 2107 1156 2154 pium
1186 2120 1265 2143 coss.
1290 2109 1440 2158 Quinque
1460 2112 1710 2148 ordinationibus
1733 2126 1823 2148 crea-

1071 2157 1112 2191 vit
1144 2158 1344 2206 presbyteros
1382 2162 1508 2208 triginta
1545 2172 1575 2197 et
1605 2176 1717 2198 unum.
1750 2164 1823 2198 dia-

1069 2219 1166 2242 couos
1201 2210 1383 2256 sexdecim,
1404 2213 1572 2259 episcopos
1608 2226 1661 2260 per
1701 2214 1823 2248 diversa

1070 2256 1136 2292 loca
1165 2258 1291 2305 triginta
1320 2261 1410 2295 duos.
1434 2262 1523 2297 Sedit
1552 2263 1589 2297 ab
1623 2263 1823 2299 ordinatione

1069 2308 1245 2355 episcopali
1267 2321 1413 2359 suscepta
1441 2316 1484 2357 (ἐξ)
1513 2324 1613 2348 annos
1636 2326 1695 2358 xv,
1721 2326 1820 2347 niens.

1069 2370 1119 2398 xl,
1146 2359 1214 2394 dies
1236 2373 1323 2406 xxv,
1349 2362 1377 2396 in
1403 2374 1532 2397 romano
1554 2375 1625 2398 vero
1643 2364 1823 2410 pontificatu

1068 2420 1166 2443 anuos
1188 2422 1251 2454 xiv,
1275 2424 1374 2446 mens.
1397 2425 1468 2456 vm,
1492 2413 1562 2447 dies
1578 2426 1640 2447 xxx.
1666 2414 1752 2447 ollii».
1782 2417 1822 2448 lo

1067 2460 1267 2505 septembris,
1290 2474 1372 2497 auno
1397 2464 1478 2501 399,
1503 2470 1531 2497 et
1559 2464 1701 2509 sepultus
1730 2459 1822 2498 estin

1101 2554 1140 2589 (l)
1167 2557 1322 2583 Anastasius
1347 2557 1425 2584 hahet
1451 2558 1476 2583 tl.
1491 2566 1571 2589 xxxi,
1589 2558 1748 2592 protrahens
1765 2559 1822 2585 sor-

1068 2593 1135 2617 tasso
1161 2593 1324 2619 vacationem
1353 2594 1387 2620 ad
1415 2594 1627 2620 cnthronismum
1653 2594 1758 2629 Syrien,
1783 2595 1821 2621 Γα-

1066 2629 1149 2659 ctum,
1167 2629 1240 2655 iuxta
1256 2629 1306 2655 boc
1322 2634 1488 2664 computum,
1505 2630 1547 2656 die
1567 2631 1596 2657 12
1611 2638 1667 2664 seq.
1687 2630 1807 2657 ianuarii.

1102 2681 1141 2716 (2)
1167 2682 1214 2710 Die
1233 2682 1333 2710 scilicet
1349 2683 1382 2710 2lt
1398 2682 1558 2718 septembris
1578 2683 1638 2711 anni
1655 2682 1715 2711 383.

1829 269 1877 296 An.
1896 268 1943 296 Ch.
1962 268 2013 295 5811

1840 1828 1887 1854 An.
1906 1827 1952 1855 Cb.
1970 1829 2022 1855 585
