2237 3127
65 293 116 320 Αῐ]4
140 292 167 320 C.
195 293 244 319 518

79 485 172 507 vitan-ta
191 485 229 507 hnc·
236 499 245 501 --

65 521 182 542 ietiroruin
206 528 246 541 sn-

63 556 140 577 eietas.

92 1357 194 1380 Tononita
239 1375 243 1380 .

62 1393 140 1416 Leonis
173 1395 245 1423 Papae

61 1431 159 1456 ‹tt-creta,
173 1434 194 1452 et
206 1430 246 1452 oh-

60 1465 175 1488 servanda.

60 1527 190 1550 Eorumdem
204 1527 242 1549 tli-

60 1567 140 1592 guttas⁴

63 1847 189 1876 Futyclietin
224 1850 245 1868 et

62 1883 159 1904 Nestori·
177 1882 244 1904 dnm—

59 1922 122 1939 natne
139 1926 150 1939 a
167 1926 222 1939 cone
212 1918 245 1939 tl-

86 1961 95 1973 ς
144 1953 245 1975 haereses

59 1988 158 2010 diversae
190 1988 244 2018 qui-

61 2025 111 2045 ffi-ru
129 2024 150 2045 in
169 2029 244 2046 mate-

61 2062 101 2085 ria,
131 2060 168 2082 sed
202 2068 243 2082 ae-

61 2097 135 2125 quales
154 2098 174 2118 in
204 2104 243 2119 sn-

862 290 886 312 S.
915 290 937 312 Π
955 289 1084 312 4ῐῦἶῖΞῦιὶ
1111 290 1122 311 1
1153 290 1201 312 1¹1³.

275 344 357 379 veris
379 343 557 379 inhaerete:
585 341 773 390 generaliter
802 343 967 378 universos
988 342 1027 377 ab

274 392 456 440 apostolicis
490 392 691 439 dogmatibus
723 392 919 427 declinantes
952 391 1027 426 reli-

274 442 360 487 giosa
382 441 592 477 detestatione
618 441 776 476 damnate.
808 441 901 475 Nulla
935 448 1026 474 tene-

275 491 339 525 bris
360 502 432 526 cum
460 491 531 526 luce
557 491 763 531 communio,
797 501 857 524 nec
889 489 942 535 qui
970 500 1027 535 per

276 548 360 574 recta
383 540 495 575 itinera
517 539 716 586 gradiuntur,
737 538 867 583 vestigia
881 549 937 571 sua
952 550 1023 572 eum

275 588 471 624 deviantium
489 600 595 624 errore
609 588 819 632 coniungunt.
833 586 1023 620 Timendum

273 645 321 672 est
347 638 419 672 fidei
444 637 618 680 vinculum,
636 643 668 670 et
690 635 852 670 vitandum
879 634 918 669 dc
950 646 1025 681 per-

275 686 337 721 fida
358 687 506 721 societate
527 685 722 730 contagium:
746 685 820 731 quia
847 684 1024 718 secundum

272 735 472 782 Apostolum,
494 733 761 787 quemadmodum
784 733 836 779 qui
856 744 889 766 se
916 732 1025 766 adiun-

271 785 317 830 git
342 783 480 819 Domino
507 795 589 817 unus
622 781 752 829 spiritus
792 790 856 816 est:
896 781 936 815 ita
970 782 1022 828 qui

271 833 419 867 adhaeret
432 839 603 871 meretrici
627 843 725 865 unum
749 842 839 877 corpv
831 843 866 865 as
891 829 1024 864 efficitui

271 883 300 924 (α
281 885 322 925 α.)
345 881 463 915 Amant
485 881 616 915 virtutes
630 879 760 925 collegia
779 892 846 917 sua
866 886 897 914 et
911 879 1024 913 ailliae

271 939 377 964 rentes
403 929 464 964 sibi
496 941 604 964 secum
631 929 776 975 impietas
810 929 841 962 in
870 928 1022 983 profunda

270 978 434 1034 demergit.
463 978 499 1013 In
515 986 697 1024 conspectu,
721 991 749 1011 ιιι
773 977 886 1017 octl,is
910 977 1021 1018 inore,

270 1028 302 1062 in
330 1028 407 1075 ipsis
427 1027 575 1062 manibus
597 1035 670 1061 sunt
700 1027 828 1061 Patinm
863 1026 1021 1071 dogmata

269 1089 350 1124 quae
365 1076 573 1112 custodienda
588 1076 787 1110 mandamus.
802 1075 951 1117 Quotidie
965 1087 1023 1109 nos

270 1126 309 1161 ad
349 1125 621 1161 conservationem
658 1125 726 1165 sui,
760 1124 892 1159 concilia
928 1137 1023 1158 vene—

271 1174 364 1209 randa
375 1175 611 1220 constringunt:
625 1174 756 1219 longum
777 1182 824 1208 est
839 1173 1021 1218 singillatim

272 1224 450 1259 universam
467 1231 606 1259 retexere
624 1223 1023 1269 Clialcedonensenisyuo-

271 1273 360 1311 dum,
389 1273 419 1307 in
441 1285 502 1320 qua
533 1273 675 1307 omnium
704 1272 878 1306 reverentia
913 1272 1022 1306 conti-

271 1330 374 1357 netur.
401 1322 465 1357 Sed
495 1329 526 1356 et
547 1320 719 1356 venerandi
747 1320 864 1355 Leonis
891 1321 1022 1367 prolata,

269 1370 309 1406 de
330 1371 409 1418 ipsis
422 1370 638 1418 apostolorum
663 1369 855 1417 praecordiis
869 1369 1021 1413 instituta,

269 1427 301 1455 et
326 1432 420 1455 nosse
442 1432 510 1460 nos,
533 1420 702 1463 convenit,
735 1427 766 1454 et
797 1419 877 1452 tueri
911 1419 944 1452 in
973 1418 1022 1452 his

270 1469 419 1504 vexillum
432 1468 517 1508 fidei,
532 1468 625 1502 iuliis
643 1467 918 1515 propugnaculum
941 1467 1023 1501 veri-

269 1519 351 1558 tatis,
367 1518 397 1552 in
411 1530 473 1565 quo
488 1516 635 1552 Christus
647 1517 838 1563 agnoscitur,
855 1516 886 1550 in
902 1516 951 1550 his
973 1527 1024 1550 re-

269 1567 462 1614 demptionis
488 1575 613 1601 nostrae
642 1578 727 1613 spes,
753 1578 847 1600 causa
869 1572 1021 1600 servetur.

269 1615 338 1651 Hoc
351 1623 400 1651 est
421 1615 511 1655 illud,
536 1615 622 1663 quod
647 1615 679 1649 in
700 1615 853 1661 Apostolo
875 1614 1021 1660 legimus,

270 1664 567 1705 fundamentum,in
580 1664 794 1711 quoseipsum
804 1663 1024 1710 tlecipitquis-

269 1714 448 1761 quisligna,
469 1714 617 1752 foenum,
640 1713 772 1760 stipulas
791 1712 1023 1747 consumendas

269 1762 855 1810 ignibussuperaedificaiwtentaieiit
865 1761 1023 1796 Hisinter-

269 1811 1023 1867 fectasuntEutychetisetNestoriivenenaeon-

271 1861 361 1896 ciliis:
372 1861 445 1908 quia
454 1861 619 1895 adversum
632 1860 782 1895 dominici
784 1872 800 1894 e
811 1859 1024 1906 dispensatio-

271 1910 321 1945 nis
334 1910 459 1945 salubre
473 1910 671 1957 mysterium
684 1909 759 1943 dum
775 1909 928 1943 εοιιὶιιιιίιι
944 1908 1024 1942 inter

270 1971 304 1995 se
326 1959 540 2006 disputatione
563 1958 718 1998 nituntur,
741 1957 799 1991 sub
821 1957 954 2003 quadam
978 1969 1024 1990 sa-

271 2008 390 2054 crilegii
413 2007 602 2063 aequalitate
623 2007 840 2050 consentiunt,
859 2005 1023 2040 sententiis

270 2057 424 2104 dispares,
443 2065 475 2092 et
496 2056 655 2103 impietate
670 2056 862 2090 concordes:
886 2067 1022 2109 quorum

270 2106 348 2141 alter
388 2105 502 2141 nolens
535 2106 658 2140 beatam
689 2105 821 2139 Maiiam
859 2103 1022 2150 Virginem

269 2155 329 2191 Dei
355 2167 425 2191 esse
446 2154 644 2202 genitricem,
679 2154 710 2188 in
737 2153 876 2188 Domino
904 2132 1022 2193 neostro,

269 2216 351 2260 quae
372 2204 458 2239 unita
481 2211 566 2248 sunt,
588 2203 709 2244 dividit;
736 2203 814 2237 alter
840 2202 917 2237 dum
945 2213 1023 2236 con-

270 2253 466 2288 venientium
493 2261 676 2287 naturarum
712 2252 838 2299 propria
874 2259 904 2286 et
939 2258 1023 2286 certa

269 2302 447 2343 confundit,
458 2314 510 2349 ιιι)
514 2302 643 2337 sterium
657 2309 781 2336 nostrae
796 2300 1023 2347 redemptionis

270 2351 477 2398 extinguunt:
500 2351 579 2386 alter
612 2350 740 2385 Photini
775 2358 910 2384 settam:
945 2348 1024 2384 alter

270 2399 434 2435 Manetis
427 2399 594 2440 insaniam,
616 2399 711 2446 impia
734 2399 922 2446 cognatione
943 2410 1024 2433 con-

271 2450 397 2496 tingens
422 2448 589 2484 adversum
611 2448 681 2483 hos.
717 2448 922 2483 Dilectissimi
956 2447 1025 2482 sra-

272 2508 345 2540 tres,
373 2497 498 2545 provisa
531 2497 670 2532 remedia
696 2497 747 2532 illa
779 2498 876 2532 animi
910 2496 1024 2531 virtute

270 2547 445 2592 defendite,
466 2547 581 2594 quain
612 2546 682 2581 labe
713 2546 882 2581 factionem
913 2558 1023 2580 eorum

272 2596 384 2631 videtis
404 2596 583 2632 haereticos
604 2596 764 2644 impietate
783 2607 935 2644 pugnare.
953 2594 1024 2630 Non

305 2652 345 2688 (a)
366 2653 427 2679 Cor.
444 2652 473 2680 6.

349 2696 425 2727 Ball.
444 2696 522 2728 Rom.
544 2695 599 2728 l'ol.
620 2695 645 2728 1.
810 2696 846 2728 15

1705 281 1771 313 157

1067 343 1109 377 sit
1142 343 1231 390 pigra
1258 342 1399 378 veritatis
1422 343 1577 384 assertio,
1613 355 1677 390 quo
1711 344 1818 379 studio

1067 400 1191 438 oportet
1216 391 1350 427 salutern
1378 391 1481 439 diligi,
1502 404 1574 427 cum
1598 392 1731 427 videatis
1746 404 1820 439 pei·-

1067 440 1219 475 ditionem
1248 441 1439 476 mortiferam
1467 441 1513 475 sic
1555 441 1669 476 amari:
1704 441 1820 488 pudeat

1067 538 1270 583 pertinaciter
1296 537 1506 573 defendantur
1527 551 1662 574 errores.
1689 539 1731 574 Et
1755 551 1820 575 au—

1066 593 1168 620 ctores
1180 586 1310 632 quidem
1327 587 1545 621 inventionum
1562 588 1819 635 malarum,quae

1067 635 1304 680 praediximus,
1333 635 1483 681 synodica
1519 637 1687 671 constituta
1727 637 1818 671 iustis

1065 683 1388 718 condemnationibus
1418 684 1638 730 insequuntur.
1671 685 1734 720 Sed
1763 698 1817 721 vos

1065 732 1333 779 etiam,sequaces
1347 745 1456 767 eorum
1471 741 1504 767 ut
1516 733 1691 774 declinetis,
1701 735 1819 781 pariter

1065 780 1273 816 admonemus
1288 809 1296 822 ,
1313 794 1394 828 quos
1411 782 1583 828 apostolica
1603 782 1695 817 sedes
1707 790 1738 817 et
1759 783 1818 818 de—

1066 830 1232 875 prehendit
1262 842 1354 877 pares
1376 830 1558 865 auctoribus
1585 831 1651 865 suis
1677 839 1707 866 et
1740 843 1819 866 con-

1065 879 1165 913 iunxit
1191 879 1325 914 addictis
1346 880 1548 920 Dioscorum,
1571 887 1603 913 et
1617 879 1818 914 Timotheum

1065 928 1264 974 parricidam,
1291 928 1420 963 Petrum
1448 928 1711 970 Alexandrinum,
1733 929 1818 964 Aca·

1065 977 1143 1012 tium
1164 977 1567 1024 Constantinopolitanum‚
1594 989 1667 1012 cum
1693 989 1816 1024 sequa-

1064 1026 1154 1061 cibus
1175 1026 1252 1067 suis,
1275 1027 1510 1061 Antiochenum
1537 1038 1664 1073 quoque
1686 1025 1817 1062 Petrum

1066 1075 1226 1121 praedicto
1247 1076 1397 1117 similem,
1425 1075 1506 1110 sicut
1533 1087 1649 1117 errore,
1686 1075 1732 1110 sic
1760 1087 1818 1109 no—

1064 1124 1160 1165 mine,
1183 1125 1237 1160 sed
1260 1133 1290 1159 et
1308 1124 1461 1159 Severum
1486 1123 1629 1158 eiusdem
1653 1124 1711 1158 loci
1735 1123 1818 1158 nihi-

1065 1173 1213 1213 lominus,
1236 1182 1266 1208 et
1293 1174 1405 1208 ieneni
1437 1185 1563 1217 xenam,
1598 1172 1672 1207 item
1700 1173 1818 1207 Hiero-

1066 1223 1193 1269 politetn
1215 1223 1261 1270 C)
1266 1235 1334 1257 rum
1357 1222 1562 1257 Eladensem:
1582 1221 1712 1257 Petrum
1735 1222 1817 1269 Apa-

1065 1273 1157 1315 miae,
1185 1272 1336 1306 neniam
1364 1284 1421 1319 pio
1443 1284 1498 1306 sua
1520 1278 1655 1315 tantum,
1682 1270 1736 1305 sed
1760 1282 1817 1318 pro

1063 1320 1197 1355 aliorum
1228 1333 1354 1375 quoque
1376 1321 1580 1355 damnatione
1601 1319 1813 1359 damnandos,

1064 1370 1204 1416 quicum
1218 1382 1251 1404 se
1265 1370 1452 1416 opinionum
1468 1381 1595 1404 suarum
1611 1368 1779 1403 sordibus
1772 1381 1817 1403 m-

1064 1419 1244 1453 desinenter
1259 1419 1421 1453 involvunt
1433 1418 1511 1453 alios
1525 1429 1652 1465 quoque
1668 1417 1816 1458 dicendo,

1064 1479 1145 1514 quae
1187 1468 1267 1502 male
1290 1468 1451 1513 assequuti
1484 1475 1557 1502 sunt
1577 1494 1585 1507 ,
1614 1466 1817 1513 polluerunt,

1064 1516 1277 1562 generalitatis
1298 1516 1438 1551 mandati
1461 1515 1643 1550 salubritate
1665 1527 1721 1549 vos
1747 1527 1818 1549 mo-

1065 1577 1135 1600 neo.
1158 1565 1323 1612 Quidquid
1351 1565 1500 1600 adversus
1534 1565 1658 1611 regulas
1685 1563 1817 1599 Patrum

1064 1614 1102 1649 ‹le
1133 1614 1329 1661 quibuslibet
1361 1614 1596 1649 commentariis
1630 1613 1835 1660 profertur„

1064 1663 1202 1699 abiicite.
1226 1662 1341 1698 Nullus
1363 1676 1418 1698 vos
1434 1662 1718 1710 incongruentibus
1730 1673 1816 1709 prae-

1065 1713 1188 1759 ceptiS,
1222 1720 1276 1748 aut
1306 1712 1396 1747 novis
1429 1720 1557 1747 moneat
1585 1711 1750 1746 institutis.
1780 1710 1815 1746 Si

1065 1762 1148 1796 enim
1171 1762 1224 1808 qui
1244 1761 1398 1796 mundani
1419 1770 1505 1805 sunt,
1527 1761 1687 1796 Ecclesias
1710 1768 1818 1794 tenere

1065 1822 1127 1845 non
1150 1819 1300 1858 possunt,
1323 1811 1394 1857 quia
1409 1811 1454 1845 eis
1476 1810 1623 1844 convenit
1644 1809 1744 1855 magis
1770 1808 1817 1843 di-

1064 1871 1163 1900 scete,
1185 1872 1279 1914 quam
1302 1859 1426 1894 docere.
1457 1867 1466 1893 t
1475 1859 1551 1894 efas
1572 1867 1618 1893 est
1644 1858 1728 1892 enim
1748 1858 1818 1892 alta-

1064 1909 1153 1943 ribus
1175 1922 1237 1956 pus
1253 1907 1725 1961 peregrinainferrelibamina3
1741 1906 1815 1953 quia

1064 1966 1165 1992 certos
1187 1958 1345 2004 religiosis
1366 1957 1541 2003 disciplinis
1564 1956 1716 1991 terminos
1728 1955 1817 1990 Deus

1065 2006 1145 2041 inter
1167 2007 1232 2061 ipsa
1259 2018 1387 2053 quoque
1413 2006 1518 2041 cultus
1539 2005 1587 2040 sui
1612 2005 1815 2051 praescripsit

1065 2055 1149 2089 initia
1186 2056 1267 2090 intei
1293 2055 1442 2095 Leiitas,
1473 2063 1504 2089 et
1532 2054 1683 2102 populum
1722 2065 1816 2087 suum

1064 2104 1170 2138 (Ιίιίεὶῑ
1196 2104 1344 2139 officium.
1371 2104 1441 2138 Alia
1462 2112 1510 2138 est
1539 2110 1678 2150 potestas
1709 2101 1817 2136 homi-

1064 2165 1153 2197 num,
1175 2153 1235 2188 alia
1260 2152 1434 2187 ministeria
1461 2152 1676 2187 sacerdotum:
1706 2151 1818 2185 incita-

1065 2203 1106 2236 vit
1129 2202 1234 2249 potius
1255 2202 1442 2242 Dominum,
1476 2213 1570 2248 quam
1607 2200 1734 2246 placuit,
1761 2200 1814 2246 qui

1064 2259 1228 2286 externum
1252 2251 1357 2297 ignem
1380 2250 1494 2285 divinis
1523 2249 1625 2297 adytis
1655 2260 1817 2284 sacrorum

1065 2308 1234 2335 temerator
1257 2300 1374 2335 invexit
1401 2302 1454 2344 (α).
1486 2299 1567 2341 Quis
1593 2306 1651 2339 est,
1674 2298 1728 2345 qui
1755 2297 1817 2332 sibi
1860 2298 1863 2308 ¹

1066 2350 1096 2384 in
1119 2349 1232 2384 alienis
1258 2349 1408 2384 institutis
1442 2347 1573 2383 iubendi
1601 2347 1817 2381 auctoritatem

1067 2399 1165 2446 possit
1183 2410 1360 2440 assumere3
1378 2409 1450 2433 cum
1471 2409 1533 2432 non
1556 2397 1597 2431 sit
1618 2396 1816 2442 ambiguum,

1065 2447 1225 2483 offerentis
1246 2447 1399 2483 honorem
1422 2446 1564 2481 debitum
1588 2457 1642 2491 pro
1664 2444 1729 2479 sola
1748 2444 1799 2478 ott}
1792 2457 1818 2471 '-

1065 2497 1103 2532 eii
1120 2496 1376 2544 praesumptione
1392 2496 1556 2543 punitum?
1570 2493 1613 2529 Ut
1627 2493 1710 2540 regia
1724 2493 1820 2528 Ozias

1067 2546 1254 2601 reverentia,
1277 2554 1307 2581 et
1328 2544 1602 2580 administratione
1625 2542 1818 2590 permansis-

1066 2602 1124 2635 set,
1146 2595 1171 2630 si
1200 2595 1339 2629 monitus
1355 2602 1457 2630 tantae
1478 2591 1703 2629 destructionis
1717 2603 1817 2627 exem-

1102 2651 1142 2689 (α)
1157 2651 1245 2680 Levil..
1268 2652 1312 2680 10·

1849 398 1875 420 nd
1904 399 2033 420 ειιιΙιιιιιιιιιᾼ

1849 433 1917 455 dritas
1945 435 1971 454 tul
1997 435 2034 454 Ιιιιι

1148 489 1154 495 .
1321 490 1327 496 .
1413 490 1418 495 .
1470 490 1475 495 .
1850 469 1987 497 &sopiendos
2003 479 2033 489 ι-ι-

1067 497 1206 535 Segssltel'
1231 501 1327 524 asser}
1356 498 1494 524 VCl'llallS
1522 490 1618 536 leges,
1654 501 1727 525 Cum
1756 498 1817 525 [am
1850 489 1909 525 ruini

1865 698 1982 719 comit-niu.
1994 710 1996 718 t
2011 710 2013 715 .

1849 2144 1934 2167 Divisio
1953 2154 2032 2168 nacer-

1848 2181 1928 2203 dotalis
1956 2182 2033 2212 digni—

1848 2217 1910 2245 tatis,
1939 2222 1960 2239 et
1985 2219 2030 2239 lai-

1849 2253 1904 2274 calis
1933 2257 2033 2283 potesta-
