2237 3127
199 295 247 322 An.
264 292 293 319 C.
311 292 378 321 1052

201 761 275 783 Sei-ies
318 761 379 790 faeti,

199 806 236 820 seu
285 797 379 819 nari-aiio

199 834 283 856 itineris
300 833 379 856 Leonis

198 870 224 892 lx
242 870 262 891 in
284 870 379 891 Germa-

198 906 264 931 niam,
295 911 380 926 rernm-

198 949 238 971 que
256 939 308 963 inibi
335 947 379 969 ge-

198 980 288 998 starum.

202 1941 303 1964 Nat-ratio
327 1948 384 1971 per—

203 1977 331 1998 mutationis
348 1976 385 1998 l'a-

204 2012 316 2034 etaeintei·
328 2012 386 2034 Ear-

204 2048 300 2069 tuvicum
319 2048 385 2069 Bam-

204 2082 295 2112 bergen.
365 2086 387 2105 et

203 2118 292 2141 Heni-ic.
326 2120 385 2142 Her-

206 2155 304 2183 bipolen.
339 2158 386 2186 epi-

203 2197 295 2221 scopos.

467 253 537 267 x„-

456 290 526 324 σῳ.»

445 354 494 393 qni
513 350 672 382 Clementis
692 348 715 378 lt
734 348 786 377 PP.
806 344 962 385 sepulchro
981 343 1153 373 inserriunt.

444 411 483 416 —
498 391 639 427 Privilegii
661 390 749 418 liuius
768 386 925 416 roboratio.
939 401 978 406 —
991 384 1153 413 Anatliema

447 438 544 462 contra
564 431 626 460 eius
652 429 818 457 violatores

981 287 1118 312 BPLL-UU
1124 287 1170 310 ml

407 500 457 528 Leo
477 498 616 533 episcopus
647 500 740 522 servus
769 498 906 520 servorum
935 489 989 521 Dei.
1020 487 1153 516 Hartwico

451 541 662 575 Babenbergensi
686 538 818 574 episcopo,
840 536 943 571 sibique
971 533 1097 561 canonice
1125 532 1153 559 in

450 588 511 616 sede
535 585 705 621 episcopatus
741 581 904 610 successuris
928 580 955 607 in
983 579 1151 614 perpetuum,

451 634 590 660 aeternam
608 630 636 657 in
654 628 760 656 Domino
780 627 907 654 satutem.

456 694 536 729 Cum
577 691 719 736 exigente
756 699 831 722 cura
871 685 1018 733 pastorali
1058 685 1152 719 totius

408 752 532 778 sanctae
566 741 728 775 Ecclesiae
761 737 819 771 Dei
843 737 934 770 nobis
965 735 1018 769 Dei
1048 735 1152 782 provi-

409 793 512 827 dentia
534 790 739 825 commissae.
775 788 804 820 in
834 794 936 832 partes
962 784 1151 819 Germaniae

408 844 613 878 venissemus,
636 850 714 885 qnae
729 836 881 870 Orientali
901 834 1050 868 Franciae
1073 835 1151 867 ailia-

409 900 490 931 cent,
519 901 608 936 prece
635 886 827 921 dilectissimi
851 885 904 918 lilii
935 885 1030 917 nostri
1054 883 1151 916 Hein-

410 941 464 975 rici
486 937 616 974 secundi
653 934 848 982 imperatoris
875 940 904 968 et
931 933 1010 966 tertii
1050 932 1151 978 regis,

410 1002 445 1025 ac
466 988 612 1036 suprafati
636 984 827 1020 dilectissimi
860 983 1023 1020 confratris
1054 982 1151 1015 nostri

410 1039 546 1087 episcopi
579 1035 725 1070 Hartwici
762 1033 958 1078 babenberg,
991 1032 1151 1075 venimus,

410 1097 440 1123 et
461 1090 491 1122 in
513 1088 562 1121 die
589 1085 699 1119 natalis
733 1083 813 1117 beati
847 1082 952 1116 Lucae
992 1080 1152 1127 evangeli-

411 1148 474 1172 stae
496 1138 576 1170 inter
608 1135 771 1168 missarum
808 1132 958 1166 solemnia
986 1143 1057 1165 cum
1082 1142 1151 1164 xer-

410 1188 485 1222 bum
508 1186 564 1219 Dei
589 1184 772 1218 haberemus
799 1183 836 1216 atl
865 1182 1026 1228 populum,
1056 1192 1151 1226 prae—

410 1245 498 1271 sente
524 1236 683 1268 nominato
705 1232 864 1266 carissimo
899 1231 959 1264 lilio
990 1230 1151 1273 Heinrico,

411 1294 441 1321 et
473 1284 629 1332 episcopis
676 1281 936 1328 quamplurimis,
979 1279 1152 1313 astantibus

411 1335 504 1370 etiam
529 1334 624 1373 laicis,
643 1340 671 1366 et
693 1330 824 1365 dirersis
847 1329 1052 1376 potestatibus
1081 1341 1152 1362 sae-

412 1384 486 1424 culi,
514 1383 624 1417 relecta
646 1388 717 1415 sunt
740 1380 1014 1426 praedecessorum
1035 1386 1154 1412 nostro-

411 1446 480 1469 rum
508 1431 685 1479 pririlegia,
713 1430 828 1476 quilius
850 1428 933 1462 idem
958 1429 1044 1462 locus
1081 1430 1152 1461 l'nn-

412 1484 503 1518 datus
525 1490 555 1516 et
582 1480 800 1515 corroboratus
821 1486 867 1511 est
888 1478 1068 1512 auctoritate
1103 1490 1153 1512 ro-

412 1543 522 1567 manae
549 1538 673 1565 sanctae
704 1529 786 1562 sedis
811 1528 1017 1574 apostolicam
1042 1527 1152 1561 relecta

413 1590 459 1615 est
475 1581 514 1615 ibi
538 1588 567 1613 et
588 1578 777 1624 conscriptio
799 1587 828 1611 et
851 1578 1043 1611 confirmatio
1073 1575 1152 1610 Wir-

413 1629 615 1676 zeburgensis
646 1627 772 1662 chrici
805 1627 967 1673 episcopi,
995 1639 1054 1672 qna
1084 1638 1154 1672 pre-

414 1680 527 1714 dictam
550 1677 841 1723 Babenbergensetn
860 1676 1031 1710 Ecclesiam
1052 1676 1153 1710 banno

414 1728 582 1776 episcopali
607 1735 637 1760 et
664 1727 812 1773 episcopii
832 1726 962 1760 termino
984 1736 1154 1773 acceptam,

416 1780 527 1825 placita
559 1776 801 1811 commutatione
828 1777 976 1817 tii-marin
1004 1788 1083 1822 quae
1110 1776 1154 1809 sic

415 1836 480 1862 acta
498 1835 560 1861 est:

465 1879 496 1910 ⁶2.
520 1876 602 1910 Dum
625 1874 780 1909 Henricus
807 1873 838 1908 in
868 1874 1000 1921 imperio
1024 1874 1154 1921 primns,

416 1926 448 1960 in
485 1930 580 1971 regno
607 1925 783 1963 secundus,
818 1924 912 1958 dirini
945 1925 1024 1970 ignis
1051 1936 1156 1958 amore

417 1987 598 2014 succensus,
621 1975 658 2008 de
680 1973 833 2020 praediis,
865 1986 943 2019 qnae
971 1973 1027 2008 Dei
1059 1974 1156 2019 gratia

417 2024 620 2058 haereditario
669 2024 734 2057 inre
771 2024 801 2056 in
836 2035 910 2057 suae
951 2023 1157 2069 possessionis

418 2074 590 2108 dominium
636 2080 861 2119 pervenerant,
900 2071 957 2106 Dei
997 2074 1156 2106 scrittinm

418 2134 544 2168 augere,
571 2122 780 2156 construendo
807 2130 1035 2168 episcopatum,
1066 2130 1158 2168 atque

419 2172 593 2206 ordinando
627 2171 831 2214 desideraret,
868 2184 930 2217 quo
958 2172 987 2205 id
1024 2172 1159 2217 legitime

421 2220 706 2266 rationabiliterque
733 2221 797 2253 lieri
826 2221 998 2266 potuisset,
1035 2221 1160 2254 Heinri-

421 2282 492 2304 cum
517 2270 720 2303 ienerabilem
744 2269 1016 2315 wirzeburgensis
1045 2270 1161 2304 Eccle—

421 2319 484 2353 siae
508 2319 710 2365 provisorem7
732 2327 885 2364 quatenns
908 2321 1100 2365 praedictum
1121 2320 1162 2352 lo-

421 2380 504 2408 cuni,
529 2368 646 2402 Baberc
668 2377 895 2414 nuncupatum7
910 2381 980 2402 cnm
998 2383 1087 2416 pago3
1104 2368 1162 2402 Ra-

422 2426 569 2463 tenzgaie
591 2418 644 2463 qui
667 2418 792 2458 dicitnr,
814 2418 866 2464 qui
889 2417 925 2451 ad
945 2430 1017 2452 snae
1044 2422 1161 2452 dioece-

422 2478 493 2500 seos
518 2475 631 2499 statum
656 2475 809 2512 pertinere
833 2466 1010 2507 ridebatnt·‚
1041 2468 1079 2501 tle
1106 2480 1162 2502 sno

424 2516 489 2549 iure
511 2515 541 2549 in
569 2516 635 2549 eius
657 2517 693 2549 ad
715 2516 744 2549 id
767 2515 988 2562 periit-ieinltim
1013 2518 1162 2550 trans-tun

425 2564 522 2604 deret,
545 2564 683 2598 studiose
708 2573 811 2611 coepit
831 2566 977 2610 flagitare.
1001 2566 1073 2607 Qui,
1089 2579 1164 2612 ‹pio-

425 2614 507 2647 niam
537 2613 635 2647 iustae
659 2621 689 2648 et
710 2614 907 2648 rationabiles
934 2628 956 2647 e
972 2628 1042 2648 nsie
1079 2620 1165 2649 inle—

427 2663 550 2708 bantur,
583 2671 722 2697 eiusdem
749 2665 944 2698 tntictissimi
978 2676 1058 2710 regis
1083 2666 1164 2712 peti-

1199 286 1360 309 nonaxt'n

1197 341 1336 376 tionibus
1357 339 1574 387 acquiescens,
1597 350 1668 372 cum
1693 335 1852 371 communi
1873 335 1946 371 cleri

1195 391 1257 435 sui⁷
1278 398 1373 437 atque
1388 389 1534 428 militnm,
1557 401 1614 436 pec
1637 400 1699 422 non
1723 388 1817 421 totius
1837 386 1943 432 populi

1195 441 1327 475 consilio
1356 447 1387 474 et
1422 450 1578 473 consensu
1596 465 1604 479 ,
1640 437 1811 484 praefatum
1840 436 1944 470 locum

1195 502 1266 524 cum
1296 488 1455 536 praedicto
1478 500 1576 535 pago,
1610 486 1709 521 tribus
1745 485 1946 533 parochianis

1196 539 1348 573 Ecclesiis
1370 550 1440 572 cum
1464 538 1529 571 suis
1562 536 1747 572 adiaceniiis
1781 535 1945 582 exceptis,

1194 601 1326 635 quarum
1350 588 1477 622 nomina
1505 594 1579 621 sunt
1602 587 1689 629 llaec,
1708 584 1945 626 wachenrode,

1193 638 1390 677 hinet-estat,
1416 636 1606 676 Mnlhuseu,
1629 636 1714 670 omni
1739 633 1943 682 postmodum

1196 698 1312 722 remota
1335 684 1592 725 contradictione,
1613 697 1688 720 snae
1716 684 1862 732 potestati
1886 691 1945 718 tra-

1194 736 1282 770 iliilit.
1305 736 1444 771 Alterius
1465 744 1567 769 autem
1596 735 1686 782 pagi,
1721 735 1772 781 qni
1801 733 1944 781 Volcvelt

1194 787 1389 825 nominatur,
1413 786 1443 819 in
1479 797 1542 832 qno
1570 785 1727 832 praelatus
1751 784 1837 818 locus
1863 782 1944 818 situs

1193 844 1260 875 est,
1289 844 1407 882 partem
1439 835 1541 869 eidem
1564 834 1628 880 regi
1651 833 1818 873 concessit,
1842 845 1944 880 quan-

1967 267 2019 295 An..
2037 266 2067 295 C.
2085 264 2155 295 {052

1194 893 1259 918 tuni
1283 893 1329 919 est
1351 885 1389 918 ile
1415 884 1602 930 Babenberg
1628 896 1728 931 usqne
1751 884 1788 918 ad
1824 883 1942 917 flumen
1982 910 1985 913 .

1193 934 1313 974 Uralia,
1341 934 1380 968 de
1406 933 1510 968 Uralia
1545 934 1576 967 in
1600 933 1769 968 Ratenzam
1805 931 1942 977 flumen,

1193 992 1223 1018 et
1249 984 1295 1017 sic
1318 984 1401 1018 iuxta
1435 983 1602 1018 decursum
1634 983 1775 1017 eiusdem
1805 982 1944 1016 flaminis

1194 1033 1223 1067 in
1248 1033 1348 1077 Mein,
1387 1041 1415 1067 et
1438 1032 1510 1067 inde
1533 1033 1569 1067 ad
1594 1033 1727 1067 rivulum
1755 1031 1940 1066 W'ichibac:

1193 1083 1306 1117 deinde
1331 1082 1367 1117 ad
1392 1091 1483 1130 caput
1508 1082 1650 1117 eiusdem
1686 1081 1798 1120 rivuli,
1833 1081 1942 1128 sicque

1194 1145 1254 1179 qua
1277 1133 1427 1166 citissime
1449 1144 1484 1167 ac
1502 1133 1644 1179 proxime
1667 1131 1822 1179 perveniri
1841 1134 1961 1177 potestv

1192 1183 1230 1216 ad
1254 1181 1369 1217 Uralia.
1393 1181 1432 1215 Et
1455 1190 1487 1216 ut
1524 1182 1599 1216 baec
1631 1181 1758 1216 traditio
1794 1180 1881 1216 firma
1908 1189 1940 1216 et

1194 1232 1375 1266 inconvulsa
1405 1239 1625 1278 permaneret⁷
1661 1231 1727 1278 ipse
1762 1231 1941 1277 praedictus

1194 1283 1316 1328 praesul
1356 1280 1524 1315 Heinricus
1562 1293 1632 1315 cnm
1678 1280 1841 1315 canonicis
1875 1280 1940 1315 suis

1193 1330 1404 1366 corroborarit
1425 1338 1456 1364 et
1483 1330 1681 1377 subscripsit.

1243 1383 1274 1414 5.
1315 1380 1383 1421 Qua
1419 1379 1653 1426 subscriptione
1689 1379 1827 1423 relecta,
1867 1391 1940 1414 cnm

1195 1430 1278 1463 iuxta
1307 1438 1411 1463 votnm
1439 1430 1593 1468 omnium,
1615 1429 1688 1476 qnia
1707 1441 1832 1476 semper
1853 1428 1942 1464 iustis

1194 1479 1342 1526 operibns
1370 1478 1506 1513 favorem
1530 1479 1683 1518 debemus
1706 1486 1735 1512 et
1762 1490 1819 1512 nos
1849 1490 1942 1525 prae-

1194 1530 1311 1562 dictum
1337 1529 1542 1562 venerabilem
1563 1529 1664 1562 locum
1687 1527 1858 1575 apostolica
1882 1540 1942 1562 au-

1194 1579 1336 1612 ctoritate
1361 1578 1511 1612 vellemus
1528 1578 1742 1617 corroborare,
1767 1578 1831 1624 ipse
1850 1589 1942 1624 prae-

1197 1629 1375 1662 nominatus
1408 1627 1548 1662 eiusdem
1577 1627 1636 1662 loci
1663 1628 1833 1674 episcopus
1855 1627 1943 1661 Har—

1197 1687 1306 1711 twicns
1329 1677 1604 1724 proclamationem
1627 1689 1715 1711 snam
1745 1677 1834 1717 lecim
1868 1676 1941 1723 qnia

1196 1729 1283 1762 locus
1304 1740 1381 1761 suns
1415 1739 1430 1760 a
1453 1727 1575 1760 clericis
1608 1726 1815 1761 Adelberonis
1848 1726 1943 1760 &Vir-¹

1196 1776 1401 1823 'teburgensis
1422 1777 1560 1822 episcopi
1583 1776 1746 1810 temeraria
1770 1787 1942 1823 praesum-

1199 1834 1304 1873 ptione
1341 1827 1466 1860 inuisus
1491 1833 1583 1860 esset.
1623 1819 1715 1867 Quod
1752 1837 1831 1865 nos,
1867 1827 1942 1872 quia

1198 1875 1335 1922 episcopi
1368 1884 1546 1922 praesentes
1572 1876 1712 1918 aderant,
1748 1875 1828 1908 inter
1862 1887 1942 1921 quos

1198 1938 1289 1959 cansa
1321 1926 1431 1968 stabat,
1467 1925 1582 1959 ibidem
1609 1924 1747 1958 volentes
1773 1923 1942 1965 discutere,

1198 1975 1391 2009 Adetberoni
1410 1975 1571 2020 episcopo,
1598 1986 1614 2008 a
1638 1986 1701 2020 quo
1724 1973 1837 2008 iniuria
1860 1973 1942 2008 illata

1199 2033 1275 2067 erat,
1297 2024 1554 2058 deliberationem
1573 2023 1715 2063 fecimus,
1740 2032 1772 2057 nt
1796 2023 1944 2058 obiectio-

1201 2086 1271 2107 ncni
1302 2076 1392 2117 lianc,
1415 2074 1438 2107 si
1465 2082 1586 2119 posset,
1611 2072 1783 2112 refelleretg
1809 2073 1836 2107 si
1858 2084 1944 2116 non,

1201 2124 1336 2157 iustitiae
1363 2124 1563 2157 satisfaceret.
1590 2122 1674 2157 Dum
1695 2122 1758 2163 ille,
1782 2123 1857 2156 inito
1871 2134 1943 2156 cum

1201 2185 1267 2206 suis
1293 2172 1461 2216 omuian
1488 2173 1541 2219 qui
1576 2172 1726 2216 aderant,
1758 2171 1881 2206 clericis
1914 2178 1945 2205 et

1203 2222 1287 2255 laicis
1318 2224 1460 2262 consilio,
1493 2222 1672 2268 regrediens
1697 2222 1734 2255 ad
1763 2221 1942 2262 ambonem,

1203 2272 1241 2305 (le
1269 2272 1350 2305 illata
1372 2272 1483 2305 iniuria
1507 2284 1539 2305 se
1566 2284 1638 2305 cum
1661 2270 1871 2304 satisfactione
1895 2282 1947 2304 ex-

1203 2322 1339 2361 cnsarit·⁷
1361 2320 1442 2354 etde
1457 2320 1615 2360 omnihus,
1637 2332 1718 2367 quae
1735 2319 1774 2354 ad
1794 2319 1946 2363 bannum,

1203 2378 1233 2404 et
1267 2371 1476 2416 episcopalem
1512 2371 1660 2404 iustitiam
1694 2377 1725 2403 et
1759 2376 1945 2416 potestatem

1204 2419 1447 2465 Bambergensis
1473 2419 1632 2454 Ecclesiae
1659 2418 1776 2453 Clu-isti
1809 2419 1946 2465 pertine-

1206 2477 1284 2511 rent,
1317 2481 1354 2503 ex
1388 2476 1461 2503 tunc
1495 2478 1524 2503 et
1558 2470 1708 2514 deinceps
1735 2467 1947 2511 renunciavit,

1206 2519 1343 2564 exceptis
1365 2518 1413 2551 liis
1439 2519 1553 2557 causis,
1575 2519 1703 2565 quasde
1719 2517 1810 2551 bonis
1831 2517 1950 2551 utrius-

1206 2580 1265 2613 que
1287 2568 1437 2614 episcopii
1462 2577 1588 2613 possent
1612 2567 1751 2613 legaliter
1764 2566 1904 2601 delinire.

1255 2619 1287 2649 lt.
1320 2616 1433 2650 Verum
1463 2629 1531 2654 nos„
1558 2618 1639 2651 sicut
1665 2628 1789 2663 semper
1815 2616 1854 2649 de
1877 2626 1952 2662 pro-

1206 2665 1288 2701 sectu
1312 2666 1486 2713 gaudemus
1507 2666 1661 2709 fidelium,
1687 2674 1719 2702 et
1731 2664 1820 2700 iustis
1846 2664 1952 2712 operi-

1989 1404 2161 1429 eona-mnino

1973 1442 2024 1465 huic
2041 1443 2114 1464 mou·
2136 1442 2159 1463 et

1974 1485 2019 1500 non
2091 1475 2161 1499 multo

1974 1515 2028 1545 pust
2090 1519 2160 1543 open

2007 1547 2121 1573 pontifici:

1992 1585 2138 1617 composino.

1979 2615 2059 2637 Vetera
2093 2613 2167 2637 omni·

1980 2650 2096 2681 privilegi·
2106 2657 2166 2673 eon-

1978 2687 2066 2710 finmu
2071 2703 2077 2715 ,
