2237 3127
77 307 123 333 An.
153 305 180 332 (ἶ,
203 305 254 332 ’546

925 307 1070 331 vmmus
1098 306 1146 330 PP-

1700 296 1770 329 ¹153

75 376 178 405 Episcopi
195 383 205 397 a
218 382 255 397 su·
283 364 415 400 formata
436 370 506 399 tuae
521 361 721 400 fraternitatis
741 362 779 399 ad
799 362 941 410 longiora
963 363 1030 397 loca
1071 363 1260 394 Dilectissimis
1277 362 1411 392 fratribus
1439 363 1573 392 universis
1602 363 1753 400 episcopis,
1774 365 1818 400 qui

74 411 173 434 Ecclesia
212 419 254 433 nnn

72 447 175 469 recedant
208 447 255 469 siue

72 484 147 504 nutarit
165 486 253 511 aposto-

69 519 108 540 tic·
125 519 221 540 lit-entia.

71 724 160 746 l'ulliuni
186 726 253 747 ture-

70 756 128 776 lianu
153 756 253 779 cont-edit

72 792 133 812 Punt.

283 414 396 449 audeat
430 414 601 462 proficisci:
628 414 682 448 sed
710 421 743 448 ut
768 412 1030 448 consuetudinem

282 463 366 499 illam
401 463 536 498 debcant
565 462 746 504 custodire,
779 474 873 509 quam
908 469 1030 497 constat

282 525 407 560 semper
431 520 558 547 nostrae
579 511 665 547 sedis
689 511 838 546 habuisse
868 511 1029 555 vicarium,

280 570 312 596 et
332 574 348 597 a
371 561 461 597 vobis
481 561 646 597 formatam
676 561 858 608 postulent,
893 560 919 595 si
953 572 1029 595 cau-

280 623 385 646 sarum
406 623 534 646 suarum
568 611 753 645 necessitate
788 609 956 656 compulsi,
990 609 1027 643 ad

280 661 422 707 longiora
444 660 553 695 itinera
575 659 732 694 destinare
755 658 936 705 disponunt.
963 657 1027 693 Sed

279 722 319 745 ne
350 711 381 744 in
404 709 512 755 aliquo
537 708 622 743 sedis
655 716 778 742 nostrae
805 708 938 742 vicarius
966 708 1028 741 mi-

278 772 337 794 nor
358 759 424 794 suis
450 756 669 793 decessoribus
694 756 853 797 videatur,
886 767 1029 791 necessa-

279 809 359 843 rium
386 807 452 842 sore
478 806 672 842 credidimus
695 805 781 853 pallii
813 805 902 840 vobis
933 817 1026 840 usum

277 855 546 904 quemadmodum
573 855 730 890 decessori
753 862 855 890 vestro
876 854 1027 889 hactenus

277 905 466 941 dederamus
482 932 490 946 ,
525 905 680 952 praesenti
707 904 889 938 auctoritate
911 915 1027 938 eonce-

277 956 370 995 dere,
392 962 427 989 ut
446 966 570 988 morum
590 961 619 988 et
640 952 782 987 omnium
805 953 957 989 bonarum
977 964 1027 987 re-

276 1017 346 1039 rum
382 1003 469 1039 vobis
495 1003 586 1038 beato
613 1002 707 1038 Petro
742 1002 883 1049 apostolo
916 1001 1028 1036 suffra-

276 1060 369 1100 gante
389 1080 397 1094 ,
423 1065 488 1087 non
515 1052 596 1087 desit
622 1058 760 1086 ornatus.
794 1050 927 1098 Oportet
952 1063 1026 1097 ergo

276 1103 461 1138 charitatem
482 1108 616 1136 vestram
629 1100 813 1135 sacerdotali
826 1112 951 1147 semper
964 1108 1028 1135 stu-

277 1152 329 1186 dio
352 1153 434 1187 inter
455 1150 590 1186 domnos
620 1150 701 1185 filios
734 1157 856 1184 nostros
887 1149 1028 1184 clemen-

1117 410 1165 438 sub
1184 416 1267 445 regno
1279 409 1469 445 gloriosissimi
1481 409 1531 437 filii
1550 409 1638 437 nostri
1656 409 1819 437 Childeberti

1117 454 1192 491 regis
1206 455 1269 483 sunt
1284 461 1333 490 per
1352 454 1452 481 Gallias
1463 453 1615 487 constituti,
1636 453 1762 489 vigilius.

1119 512 1282 548 Admonet
1303 525 1360 547 nos
1386 512 1445 546 loci
1482 513 1579 547 nostri
1608 513 1815 549 ministerium

1070 561 1195 596 divinae
1241 562 1473 596 misericordiae
1519 562 1603 597 dono
1646 563 1816 602 collatum,

1068 611 1195 645 Domini
1219 623 1275 645 nos
1294 611 1390 657 gratia
1411 619 1606 657 protegente,
1628 613 1816 658 negligentis*

1068 660 1275 706 speculatoris
1313 660 1458 694 evitando
1496 661 1690 706 periculum,
1725 661 1817 697 bonis

1068 709 1174 755 potius
1190 709 1325 756 palmam
1349 709 1564 744 retributionis
1586 711 1770 756 promissae,
1784 720 1814 746 et

1067 758 1261 799 studeamus,
1286 766 1317 792 et
1343 770 1520 793 mereamur
1545 759 1699 806 accipere.
1724 759 1816 795 Unde.

1068 819 1125 841 nos
1148 806 1296 841 Christus
1317 807 1404 841 Deus
1430 807 1587 843 Dominus
1613 816 1644 843 et
1673 809 1816 844 Salvator

1067 863 1174 890 noster
1213 856 1305 902 primi
1350 856 1567 902 apostolorum
1619 858 1723 893 locum
1759 870 1815 905 pro

1067 904 1380 951 ineffabili‘pietatis
1412 917 1487 939 suae
1528 918 1636 951 gerere
1678 907 1818 954 largitate

1067 954 1233 994 concessit,
1247 962 1366 987 tantum
1382 966 1439 988 nos
1453 954 1491 988 (le
1507 955 1721 990 universarum
1736 969 1813 1004 pace

1067 1002 1299 1043 Ecclesiarum‚
1338 1014 1418 1050 quae
1451 1003 1523 1038 licet
1545 1003 1576 1038 in
1604 1004 1724 1046 multis,
1752 1018 1814 1040 una

1067 1060 1171 1086 tamen
1194 1059 1242 1087 est
1264 1059 1328 1086 toto
1365 1051 1440 1087 orbe
1482 1052 1611 1095 diffusa,
1646 1054 1817 1089 incessanti

1067 1101 1173 1136 studio
1207 1100 1353 1136 convenit
1387 1113 1455 1136 esse
1494 1102 1644 1137 solicitos.
1687 1103 1815 1151 Quippe

1067 1150 1140 1197 quia
1165 1163 1224 1185 nos
1241 1158 1420 1186 sanctarum
1434 1150 1667 1198 Scripturarum
1689 1153 1815 1201 eloquia

1843 300 1893 325 An.
1913 300 1939 326 tl.
1973 301 1987 324 Γ.

1996 301 2022 325 il»

277 1201 417 1236 tissimos
443 1200 613 1248 principes,
640 1207 671 1235 et
697 1199 959 1246 gloriosissimum
981 1199 1048 1250 vi-,
1068 1199 1201 1235 reddant
1221 1199 1388 1246 diligenter
1413 1199 1594 1243 instructos,
1627 1202 1712 1249 quod
1740 1215 1814 1238 cum

278 1263 361 1295 rum,
382 1250 464 1285 idest
489 1249 590 1284 filium
618 1258 759 1284 nostrum
786 1248 1027 1284 Cliildebertum
1045 1253 1048 1286 ἐ
1066 1249 1192 1296 Moyses
1217 1248 1276 1284 Dei
1305 1248 1441 1284 famulus
1472 1249 1587 1285 divinis
1622 1251 1816 1287 iussionibus

277 1312 384 1347 regem
400 1326 410 1344 ,
431 1299 548 1346 gratiae
565 1299 701 1334 intactae
717 1298 843 1333 foedera
858 1298 1025 1332 custodire.
1067 1298 1300 1339 obsecundans,
1321 1298 1359 1333 ad
1374 1306 1514 1334 montem
1534 1299 1684 1335 voluisset
1703 1313 1818 1336 ascen-

279 1349 377 1384 Scitis
398 1349 496 1393 enim,
526 1360 584 1383 nec
616 1359 671 1383 vos
701 1347 847 1382 convenit
872 1347 1026 1393 ignorare,
1045 1382 1049 1404 ἲ
1069 1347 1154 1389 dere,
1176 1347 1246 1382 loco
1272 1347 1320 1382 sui
1348 1348 1464 1392 Aaron,
1492 1356 1522 1383 et
1543 1348 1612 1383 Hur
1630 1350 1745 1396 legitur
1766 1363 1817 1386 re-

278 1398 362 1446 quod
377 1397 556 1433 necessario
571 1397 768 1443 praedicatis,
779 1396 850 1443 quia
863 1396 1026 1443 Scriptura
1046 1441 1048 1444 ⁴
1068 1397 1214 1443 liquisse,
1253 1396 1374 1431 dicens:
1412 1397 1584 1444 Expectate
1613 1399 1680 1443 hic,
1718 1399 1819 1435 donec

278 1447 479 1494 pronunciat,
502 1446 627 1481 dicens:
646 1446 734 1480 Beati
756 1445 854 1492 pedes
875 1445 1029 1491 evangeli·
1046 1451 1049 1480 ἰ
1068 1453 1260 1480 revertamur
1274 1445 1312 1480 ad
1327 1458 1381 1479 vos
1391 1446 1582 1489 (ayllabetis
1591 1447 1697 1483 Aaron
1712 1449 1820 1484 etHur

277 1497 415 1531 zautium
438 1507 559 1543 pacem,
581 1495 862 1541 evangelizantium
876 1495 955 1529 bona
973 1497 1025 1538 (a).
1046 1484 1241 1544 lvobiscum,
1263 1495 1290 1529 si
1316 1494 1392 1541 quid
1414 1504 1520 1530 natum
1540 1496 1633 1531 suerit
1659 1499 1818 1545 quaestio-

277 1545 318 1580 Εἰ
340 1545 401 1580 hoc
422 1556 550 1592 quoque
570 1551 708 1579 vestrum
732 1543 833 1579 facere
865 1544 1028 1578 desidera-
1046 1545 1049 1578 l
1067 1544 1128 1588 nis,
1151 1544 1294 1578 referetis
1315 1544 1352 1578 ad
1380 1556 1445 1579 eos
1482 1544 1527 1579 Ita
1549 1546 1633 1580 enirn
1657 1547 1739 1582 inter
1759 1560 1820 1583 sa-
1876 1556 1955 1576 ‘'iaus-¹
1975 1562 2026 1584 arx·-

277 1607 349 1630 mus
371 1594 529 1635 affectum,
552 1601 587 1629 ut
607 1594 743 1640 glorioso
765 1593 830 1628 viro
864 1593 928 1628 filio
962 1606 1027 1628 no-
1046 1579 1049 1650 ἰ
1068 1593 1210 1628 cerdetes
1236 1592 1364 1628 Domini
1402 1602 1505 1641 potest
1533 1607 1591 1642 pax
1622 1608 1717 1643 super
1744 1609 1819 1632 om—
1845 1592 1920 1612 ΨΜ*
1939 1598 2029 1612 “””““““

277 1654 341 1679 stro
365 1643 498 1691 patricio
524 1643 677 1678 Belisario
706 1642 869 1677 destinatis
902 1642 1028 1689 scriptis
1068 1642 1119 1677 nia
1141 1642 1209 1678 Deo
1231 1643 1342 1689 placita
1364 1643 1514 1678 custodiri
1537 1644 1562 1679 si
1586 1645 1678 1680 fuerit
1700 1647 1819 1693 quivi-
1844 1630 2029 1683 ωζ-ᾙΣζ-κ-ιηι-Πι

277 1694 394 1740 gratias
414 1693 567 1737 referatis,
590 1692 645 1740 qui
669 1692 790 1727 homini
818 1699 919 1727 vestro
942 1692 1029 1727 labo-
1068 1704 1141 1726 cum
1180 1700 1357 1726 nostrarum
1411 1693 1595 1729 auctoritate
1639 1695 1796 1731 subnixus
1811 1725 1818 1738 ‚
1843 1704 1882 1735 W
1899 1697 2027 1753 fflffil'*

1843 1739 1853 1753 s
1875 1740 1880 1753 3
1919 1741 1935 1752 vt

276 1756 343 1778 rem
371 1743 409 1778 ad
437 1742 721 1778 clementissimum
756 1741 929 1788 principem
969 1739 1049 1791 :ib-j
1070 1753 1234 1788 personam
1262 1750 1400 1776 nostram
1426 1741 1456 1775 iu
1480 1742 1654 1778 Galliarum
1677 1745 1819 1790 partibus
1865 1740 1869 1752 ¹

277 1793 367 1827 stulit
388 1791 590 1832 transeundi3
613 1791 668 1826 sed
696 1803 770 1825 mox
792 1798 825 1826 ut
840 1803 1027 1837 responsum
1047 1822 1049 1826 .
1069 1798 1284 1837 praesentans,
1311 1790 1487 1825 secundum
1515 1793 1779 1829 consuetudinem
1803 1808 1819 1830 a

277 1842 407 1888 recepit,
429 1841 520 1876 nobis
542 1842 606 1876 suis
632 1840 731 1876 literis
756 1840 914 1874 indicavit.
941 1840 1029 1875 Deus
1046 1836 1049 1868 l
1068 1839 1185 1874 nostris
1210 1839 1430 1875 decessoribus
1451 1841 1647 1887 attributam,
1688 1843 1817 1890 sapien-

278 1899 309 1926 te
326 1891 517 1926 incolumem
539 1890 710 1930 custodiat,
739 1888 832 1924 frater
856 1889 1026 1924 carissime.
1068 1888 1142 1923 tiam
1165 1889 1286 1924 solicita
1325 1889 1525 1936 indagatione
1560 1892 1754 1937 custodiens,
1789 1895 1816 1928 si

277 1940 356 1975 Data
376 1953 401 1975 x
420 1939 569 1974 kalendas
594 1937 802 1986 septembris,
824 1950 845 1973 v
866 1947 937 1986 post
958 1951 1029 1974 con·
1067 1949 1162 1985 quam
1184 1938 1314 1973 humani
1333 1939 1458 1985 generis
1476 1939 1577 1976 hostis
1604 1941 1755 1989 antiquus
1773 1944 1816 1977 zi-

278 1989 414 2024 sulatum
436 1988 544 2024 Basilii
561 1988 618 2023 viri
635 1987 811 2023 clarissimi.
1067 1988 1189 2022 zaniam
1216 1987 1297 2022 inter
1318 1988 1378 2023 Dei
1404 1987 1539 2024 famulos
1570 1991 1710 2038 nequitia
1738 2003 1818 2027 con-

333 2045 396 2076 flat,
415 2046 463 2078 die
484 2045 523 2076 23
546 2045 663 2084 augusti
685 2054 761 2075 anno
782 2044 899 2076 Domini
916 2045 985 2083 546,
1067 2044 1155 2071 sueta
1181 2037 1338 2072 seminare
1364 2039 1539 2081 tentaverit,
1557 2041 1728 2085 sapientiae
1743 2054 1818 2076 suae

462 2085 565 2126 pontif.
597 2085 697 2124 Vigilii
718 2094 794 2115 anno
816 2093 854 2115 lx.
1068 2086 1297 2128 moderamine,
1319 2086 1470 2122 adhibitis
1501 2088 1561 2123 sibi
1589 2089 1749 2132 fratribus,
1784 2103 1819 2126 ac

580 2128 718 2158 —3
1068 2135 1265 2183 coepiscopis
1293 2136 1420 2176 nostris,
1459 2137 1577 2172 iustitia
1603 2138 1671 2174 Deo
1705 2140 1819 2186 placita

627 2206 670 2241 VI
1068 2184 1215 2219 scandala
1236 2193 1303 2220 orta
1325 2185 1522 2221 submoveat.
1550 2187 1642 2223 Unde
1660 2189 1734 2235 quia
1756 2189 1819 2224 du-
1842 2202 1906 2223 xit-n«
1935 2206 2023 2230 musto>

498 2280 504 2286 ¹
673 2233 680 2240 '
1069 2234 1144 2269 dum
1171 2234 1317 2270 Auxanio
1343 2235 1504 2282 quondam
1531 2237 1725 2273 Arelatensis
1746 2239 1820 2273 civi·
1840 2237 2024 2276 ¹²⁶³⁶*¹¹¹“¹¹³.⁰⁰

425 2279 465 2314 In
490 2280 570 2314 idem
596 2280 880 2325 ar-9umentum(1).
1069 2283 1140 2318 tatis
1161 2284 1304 2326 antistiti,
1339 2285 1442 2320 vicum
1470 2294 1647 2321 nostrarum
1669 2287 1819 2323 solicitu-
1868 2272 2008 2329 ³n¹.¹¹“e

544 2348 761 2380 SUMMARIUM
1020 2342 1032 2361 κ
1069 2332 1176 2368 dinem
1199 2333 1399 2375 dederamus,
1421 2335 1475 2369 sed
1488 2347 1615 2370 cursum
1638 2337 1718 2373 vitae
1733 2350 1819 2384 prae-

1046 2342 1166 2429 lsentis
1193 2383 1355 2430 implendo
1377 2383 1416 2419 de
1443 2384 1501 2419 bac
1527 2384 1598 2420 luce
1619 2386 1817 2432 migravit,in

280 2411 388 2442 Vicarii
413 2411 568 2452 apostolici
599 2412 827 2450 constituuntur,
854 2416 887 2443 ut
907 2420 1048 2448 consen,
1111 2433 1117 2438 -
1372 2433 1377 2438 -
1794 2437 1799 2442 .

318 2456 401 2482 vetur
421 2461 475 2491 pax
496 2452 527 2482 in
554 2451 696 2482 Ecclesiis
721 2450 782 2482 Dei·
795 2452 932 2482 —vices
959 2462 1030 2491 apo,
1047 2457 1049 2489 }
1068 2444 1158 2467 cums
1179 2431 1249 2467 loco
1270 2432 1461 2469 Aurelianus
1481 2433 1572 2469 frater
1593 2443 1699 2470 noster
1714 2448 1815 2471 nosci-

319 2492 440 2522 stolicae
467 2491 626 2522 Aureliano
651 2491 817 2522 Arelatensi
841 2493 1028 2522 commissae.
1046 2507 1049 2533 ἃ
1067 2488 1120 2516 tur
1140 2482 1342 2522 SUCOssSSiSSss,
1364 2483 1576 2518 necessarium
1598 2484 1689 2519 valde
1710 2485 1820 2521 credi·-

317 2531 402 2562 -De
412 2531 784 2578 ohedientia-abepiscopis
796 2532 824 2562 ei
841 2536 1028 2572 praestantur.
1046 2537 1049 2573 ξ
1068 2530 1175 2566 dimus
1196 2530 1430 2567 solicitudinem
1462 2532 1543 2567 hanc
1569 2545 1585 2568 a
1607 2533 1700 2569 nobis
1726 2545 1818 2570 ante-

317 2588 358 2617 “.“
372 2571 413 2641 Dle]
431 2571 597 2641 afcedlend⁰
612 2571 649 2602 ad
666 2572 824 2603 ⁰⁰n⁰¹¹¹¹¹ffl
837 2572 954 2613 ‘lu‘ffld0
965 2571 1030 2603 ΓΗΒ*
1046 2577 1049 2607 ἶ
1068 2579 1131 2616 fato
1157 2580 1273 2616 debere
1295 2581 1460 2624 committi,
1495 2582 1692 2619 confidentes
1714 2584 1816 2629 illum,

318 2616 357 2641 ¹⁸¹¹
378 2620 392 2641 ³
436 2620 536 2642 ‘ure’
557 2615 761 2642 ⁰⁰¹¹v⁰⁶²¹¹¹¹m'
1067 2637 1099 2666 et
1125 2642 1180 2677 pro
1211 2630 1270 2665 loci
1308 2631 1357 2666 sui
1384 2631 1532 2681 qualitate
1567 2632 1660 2669 bonis
1690 2633 1815 2670 actibus

315 2681 355 2717 (a)
372 2682 447 2708 Rom.
471 2682 512 2709 10.
550 2681 590 2717 (l)
605 2681 687 2710 Conc-
704 2685 768 2711 tom.
789 2689 817 2710 ν.
1102 2686 1144 2724 (a)
1159 2686 1243 2715 Exod.
1265 2688 1309 2715 au.

359 2725 434 2756 Bali.
451 2725 530 2756 Rom.
558 2726 611 2756 t'ol.
629 2726 645 2756 1
809 2725 850 2760 ΞΟ
