<?xml version="1.0" encoding="UTF-8"?>
<!DOCTYPE html PUBLIC "-//W3C//DTD XHTML 1.0 Transitional//EN"
    "http://www.w3.org/TR/xhtml1/DTD/xhtml1-transitional.dtd">
<html xmlns="http://www.w3.org/1999/xhtml" xml:lang="en" lang="en">
 <head>
  <title>
</title>
<meta http-equiv="Content-Type" content="text/html;charset=utf-8" />
  <meta name='ocr-system' content='tesseract 3.04.00' />
  <meta name='ocr-capabilities' content='ocr_page ocr_carea ocr_par ocr_line ocrx_word'/>
</head>
<body>
  <div class='ocr_page' id='page_1' title='image "./bullarumdiplomat01cath_0730.png"; bbox 0 0 2237 3127; ppageno 0'>
   <div class='ocr_carea' id='block_1_1' title="bbox 503 303 1430 339">
    <p class='ocr_par' dir='ltr' id='par_1_1' title="bbox 503 303 1430 339">
     <span class='ocr_line' id='line_1_1' title="bbox 503 303 1430 339; baseline -0.006 0"><span class='ocrx_word' id='word_1_1' title='bbox 503 303 577 339; x_wconf 87' lang='grc'>690</span> <span class='ocrx_word' id='word_1_2' title='bbox 1046 311 1237 335; x_wconf 67' lang='lat' dir='ltr'>natantum</span> <span class='ocrx_word' id='word_1_3' title='bbox 1262 310 1430 334; x_wconf 70' lang='lat' dir='ltr'>Romnum</span> 
     </span>
    </p>
   </div>
   <div class='ocr_carea' id='block_1_2' title="bbox 452 363 2049 2228">
    <p class='ocr_par' dir='ltr' id='par_1_2' title="bbox 549 363 2001 557">
     <span class='ocr_line' id='line_1_2' title="bbox 550 363 2000 409; baseline -0.001 -8"><span class='ocrx_word' id='word_1_4' title='bbox 550 376 707 402; x_wconf 84' lang='lat' dir='ltr'>retranam</span> <span class='ocrx_word' id='word_1_5' title='bbox 736 365 899 401; x_wconf 84' lang='lat' dir='ltr'>Ecclesias</span> <span class='ocrx_word' id='word_1_6' title='bbox 920 365 959 400; x_wconf 86' lang='lat' dir='ltr'>ab</span> <span class='ocrx_word' id='word_1_7' title='bbox 990 365 1101 400; x_wconf 80' lang='lat' dir='ltr'>eodem</span> <span class='ocrx_word' id='word_1_8' title='bbox 1131 365 1305 409; x_wconf 69' lang='lat' dir='ltr'>pontifice,</span> <span class='ocrx_word' id='word_1_9' title='bbox 1334 366 1404 399; x_wconf 79' lang='grc'>468</span> <span class='ocrx_word' id='word_1_10' title='bbox 1427 378 1446 399; x_wconf 85' lang='lat' dir='ltr'>a</span> <span class='ocrx_word' id='word_1_11' title='bbox 1462 372 1491 398; x_wconf 89' lang='lat' dir='ltr'>et</span> <span class='ocrx_word' id='word_1_12' title='bbox 1506 376 1587 409; x_wconf 77' lang='lat' dir='ltr'>seq.;</span> <span class='ocrx_word' id='word_1_13' title='bbox 1615 375 1673 398; x_wconf 87' lang='lat' dir='ltr'>nec</span> <span class='ocrx_word' id='word_1_14' title='bbox 1695 375 1758 398; x_wconf 88' lang='lat' dir='ltr'>non</span> <span class='ocrx_word' id='word_1_15' title='bbox 1782 363 2000 400; x_wconf 83' lang='lat' dir='ltr'>Comaclensis</span> 
     </span>
     <span class='ocr_line' id='line_1_3' title="bbox 550 414 2001 460; baseline -0.001 -10"><span class='ocrx_word' id='word_1_16' title='bbox 550 416 730 460; x_wconf 76' lang='lat' dir='ltr'>comitatus,</span> <span class='ocrx_word' id='word_1_17' title='bbox 751 427 822 449; x_wconf 89' lang='lat' dir='ltr'>cum</span> <span class='ocrx_word' id='word_1_18' title='bbox 845 415 915 449; x_wconf 91' lang='lat' dir='ltr'>aliis</span> <span class='ocrx_word' id='word_1_19' title='bbox 938 415 1050 454; x_wconf 81' lang='lat' dir='ltr'>honis,</span> <span class='ocrx_word' id='word_1_20' title='bbox 1077 417 1141 448; x_wconf 88' lang='grc'>471</span> <span class='ocrx_word' id='word_1_21' title='bbox 1175 427 1194 448; x_wconf 87' lang='grc' dir='ltr'><em>α</em></span> <span class='ocrx_word' id='word_1_22' title='bbox 1221 422 1326 459; x_wconf 80' lang='lat' dir='ltr'>etseq.</span> <span class='ocrx_word' id='word_1_23' title='bbox 1350 414 1429 448; x_wconf 89' lang='lat' dir='ltr'>Eius</span> <span class='ocrx_word' id='word_1_24' title='bbox 1458 414 1716 459; x_wconf 79' lang='lat' dir='ltr'>archiepiscopus</span> <span class='ocrx_word' id='word_1_25' title='bbox 1742 414 1905 448; x_wconf 88' lang='lat' dir='ltr'>secundus</span> <span class='ocrx_word' id='word_1_26' title='bbox 1933 423 2001 460; x_wconf 87' lang='lat' dir='ltr'>post</span> 
     </span>
     <span class='ocr_line' id='line_1_4' title="bbox 549 463 2001 509; baseline -0.001 -10"><span class='ocrx_word' id='word_1_27' title='bbox 549 465 731 499; x_wconf 85' lang='lat' dir='ltr'>Romanum</span> <span class='ocrx_word' id='word_1_28' title='bbox 760 464 948 499; x_wconf 83' lang='lat' dir='ltr'>Pontificem</span> <span class='ocrx_word' id='word_1_29' title='bbox 978 464 1066 498; x_wconf 86' lang='lat' dir='ltr'>locus</span> <span class='ocrx_word' id='word_1_30' title='bbox 1099 463 1130 497; x_wconf 91' lang='lat' dir='ltr'>in</span> <span class='ocrx_word' id='word_1_31' title='bbox 1153 463 1315 503; x_wconf 67' lang='lat' dir='ltr'>conciliis,</span> <span class='ocrx_word' id='word_1_32' title='bbox 1346 463 1476 497; x_wconf 85' lang='lat' dir='ltr'>absente</span> <span class='ocrx_word' id='word_1_33' title='bbox 1500 463 1700 508; x_wconf 76' lang='lat' dir='ltr'>imperatore,</span> <span class='ocrx_word' id='word_1_34' title='bbox 1730 463 1758 496; x_wconf 90' lang='lat' dir='ltr'>ei</span> <span class='ocrx_word' id='word_1_35' title='bbox 1781 463 1960 509; x_wconf 82' lang='lat' dir='ltr'>assignatur</span> <span class='ocrx_word' id='word_1_36' title='bbox 1985 476 2001 497; x_wconf 91' lang='lat' dir='ltr'>a</span> 
     </span>
     <span class='ocr_line' id='line_1_5' title="bbox 551 513 1155 557; baseline -0.005 -9"><span class='ocrx_word' id='word_1_37' title='bbox 551 513 719 548; x_wconf 72' lang='lat' dir='ltr'>Clemente</span> <span class='ocrx_word' id='word_1_38' title='bbox 745 513 773 547; x_wconf 91' lang='lat' dir='ltr'>Il</span> <span class='ocrx_word' id='word_1_39' title='bbox 796 513 871 553; x_wconf 71' lang='lat' dir='ltr'><strong>PP.,</strong></span> <span class='ocrx_word' id='word_1_40' title='bbox 901 515 965 547; x_wconf 78' lang='lat'>571</span> <span class='ocrx_word' id='word_1_41' title='bbox 995 515 1011 546; x_wconf 88' lang='lat' dir='ltr'><em>b</em></span> <span class='ocrx_word' id='word_1_42' title='bbox 1039 521 1066 547; x_wconf 91' lang='lat' dir='ltr'>et</span> <span class='ocrx_word' id='word_1_43' title='bbox 1094 525 1155 557; x_wconf 77' lang='lat' dir='ltr'>seq.</span> 
     </span>
    </p>

    <p class='ocr_par' dir='ltr' id='par_1_3' title="bbox 452 559 2000 608">
     <span class='ocr_line' id='line_1_6' title="bbox 452 559 2000 608; baseline -0.001 -10"><span class='ocrx_word' id='word_1_44' title='bbox 452 563 695 598; x_wconf 81' lang='lat' dir='ltr'>Ravennatense</span> <span class='ocrx_word' id='word_1_45' title='bbox 717 562 941 597; x_wconf 87' lang='lat' dir='ltr'>monasterinm</span> <span class='ocrx_word' id='word_1_46' title='bbox 966 562 1126 608; x_wconf 64' lang='lat' dir='ltr'>privilegia</span> <span class='ocrx_word' id='word_1_47' title='bbox 1155 561 1258 607; x_wconf 80' lang='lat' dir='ltr'>aliqua</span> <span class='ocrx_word' id='word_1_48' title='bbox 1282 560 1401 595; x_wconf 86' lang='lat' dir='ltr'>obtinet</span> <span class='ocrx_word' id='word_1_49' title='bbox 1420 572 1436 594; x_wconf 87' lang='lat' dir='ltr'>a</span> <span class='ocrx_word' id='word_1_50' title='bbox 1451 559 1607 606; x_wconf 78' lang='lat' dir='ltr'>Gregorio</span> <span class='ocrx_word' id='word_1_51' title='bbox 1624 560 1636 594; x_wconf 91' lang='lat' dir='ltr'>I</span> <span class='ocrx_word' id='word_1_52' title='bbox 1654 559 1727 600; x_wconf 77' lang='lat' dir='ltr'>PP.,</span> <span class='ocrx_word' id='word_1_53' title='bbox 1758 563 1826 595; x_wconf 82' lang='grc'>169</span> <span class='ocrx_word' id='word_1_54' title='bbox 1849 573 1868 595; x_wconf 87' lang='grc' dir='ltr'><em>α</em></span> <span class='ocrx_word' id='word_1_55' title='bbox 1891 568 1921 595; x_wconf 89' lang='lat' dir='ltr'>et</span> <span class='ocrx_word' id='word_1_56' title='bbox 1941 574 2000 607; x_wconf 82' lang='lat' dir='ltr'>seq.</span> 
     </span>
    </p>

    <p class='ocr_par' dir='ltr' id='par_1_4' title="bbox 452 609 2001 703">
     <span class='ocr_line' id='line_1_7' title="bbox 452 609 2001 660; baseline -0.001 -13"><span class='ocrx_word' id='word_1_57' title='bbox 452 612 660 660; x_wconf 74' lang='lat' dir='ltr'>Raymundus</span> <span class='ocrx_word' id='word_1_58' title='bbox 686 612 855 658; x_wconf 86' lang='lat' dir='ltr'>episcopus</span> <span class='ocrx_word' id='word_1_59' title='bbox 877 611 1055 645; x_wconf 88' lang='lat' dir='ltr'>Tolosanus</span> <span class='ocrx_word' id='word_1_60' title='bbox 1077 610 1349 644; x_wconf 81' lang='lat' dir='ltr'>confirmationem</span> <span class='ocrx_word' id='word_1_61' title='bbox 1379 609 1614 655; x_wconf 67' lang='lat' dir='ltr'>privilegiorum</span> <span class='ocrx_word' id='word_1_62' title='bbox 1642 618 1672 644; x_wconf 87' lang='lat' dir='ltr'>et</span> <span class='ocrx_word' id='word_1_63' title='bbox 1695 610 1890 657; x_wconf 84' lang='lat' dir='ltr'>metropolici</span> <span class='ocrx_word' id='word_1_64' title='bbox 1924 611 2001 645; x_wconf 87' lang='lat' dir='ltr'>iuris</span> 
     </span>
     <span class='ocr_line' id='line_1_8' title="bbox 550 659 1571 703; baseline -0.004 -8"><span class='ocrx_word' id='word_1_65' title='bbox 550 660 711 695; x_wconf 79' lang='lat' dir='ltr'>Ecclesiae</span> <span class='ocrx_word' id='word_1_66' title='bbox 733 672 808 694; x_wconf 84' lang='lat' dir='ltr'>suae</span> <span class='ocrx_word' id='word_1_67' title='bbox 831 660 951 694; x_wconf 85' lang='lat' dir='ltr'>obtinet</span> <span class='ocrx_word' id='word_1_68' title='bbox 973 672 989 694; x_wconf 94' lang='grc'>3</span> <span class='ocrx_word' id='word_1_69' title='bbox 1015 660 1132 694; x_wconf 84' lang='lat' dir='ltr'>Ioanne</span> <span class='ocrx_word' id='word_1_70' title='bbox 1154 659 1197 692; x_wconf 82' lang='lat' dir='ltr'>Xt</span> <span class='ocrx_word' id='word_1_71' title='bbox 1222 659 1298 701; x_wconf 77' lang='lat' dir='ltr'>PP.,</span> <span class='ocrx_word' id='word_1_72' title='bbox 1322 660 1392 692; x_wconf 81' lang='lat'>586</span> <span class='ocrx_word' id='word_1_73' title='bbox 1421 661 1438 692; x_wconf 90' lang='lat' dir='ltr'><strong><em>b</em></strong></span> <span class='ocrx_word' id='word_1_74' title='bbox 1460 667 1488 692; x_wconf 79' lang='lat' dir='ltr'>et</span> <span class='ocrx_word' id='word_1_75' title='bbox 1511 672 1571 703; x_wconf 80' lang='lat' dir='ltr'>seq.</span> 
     </span>
    </p>

    <p class='ocr_par' dir='ltr' id='par_1_5' title="bbox 452 706 1998 803">
     <span class='ocr_line' id='line_1_9' title="bbox 452 706 1998 757; baseline -0.001 -13"><span class='ocrx_word' id='word_1_76' title='bbox 452 710 639 757; x_wconf 84' lang='lat' dir='ltr'>Raynardus</span> <span class='ocrx_word' id='word_1_77' title='bbox 671 721 778 744; x_wconf 86' lang='lat' dir='ltr'>comcs</span> <span class='ocrx_word' id='word_1_78' title='bbox 811 708 977 743; x_wconf 89' lang='lat' dir='ltr'>Santensis</span> <span class='ocrx_word' id='word_1_79' title='bbox 999 709 1226 743; x_wconf 87' lang='lat' dir='ltr'>monasterium</span> <span class='ocrx_word' id='word_1_80' title='bbox 1257 707 1307 742; x_wconf 80' lang='lat' dir='ltr'>Ss.</span> <span class='ocrx_word' id='word_1_81' title='bbox 1341 707 1496 741; x_wconf 76' lang='lat' dir='ltr'>Bet-tharii</span> <span class='ocrx_word' id='word_1_82' title='bbox 1529 717 1558 742; x_wconf 86' lang='lat' dir='ltr'>et</span> <span class='ocrx_word' id='word_1_83' title='bbox 1586 706 1709 742; x_wconf 80' lang='lat' dir='ltr'>Atalani</span> <span class='ocrx_word' id='word_1_84' title='bbox 1737 706 1863 752; x_wconf 77' lang='lat' dir='ltr'>fundat,</span> <span class='ocrx_word' id='word_1_85' title='bbox 1890 707 1998 748; x_wconf 82' lang='lat' dir='ltr'>dotat,</span> 
     </span>
     <span class='ocr_line' id='line_1_10' title="bbox 554 760 798 803; baseline -0.008 -10"><span class='ocrx_word' id='word_1_86' title='bbox 554 760 625 793; x_wconf 75' lang='lat'>602</span> <span class='ocrx_word' id='word_1_87' title='bbox 647 760 664 792; x_wconf 90' lang='lat' dir='ltr'><strong><em>b</em></strong></span> <span class='ocrx_word' id='word_1_88' title='bbox 686 766 716 793; x_wconf 83' lang='lat' dir='ltr'>et</span> <span class='ocrx_word' id='word_1_89' title='bbox 738 764 798 803; x_wconf 74' lang='lat' dir='ltr'>seq.</span> 
     </span>
    </p>

    <p class='ocr_par' dir='ltr' id='par_1_6' title="bbox 453 805 1998 895">
     <span class='ocr_line' id='line_1_11' title="bbox 453 805 1998 853; baseline -0.001 -10"><span class='ocrx_word' id='word_1_90' title='bbox 453 807 622 843; x_wconf 88' lang='lat' dir='ltr'>Remaclus</span> <span class='ocrx_word' id='word_1_91' title='bbox 662 807 719 851; x_wconf 51' lang='lat' dir='ltr'>(S.)</span> <span class='ocrx_word' id='word_1_92' title='bbox 759 807 954 852; x_wconf 79' lang='lat' dir='ltr'>Tungrensis</span> <span class='ocrx_word' id='word_1_93' title='bbox 992 806 1163 853; x_wconf 86' lang='lat' dir='ltr'>episcopus</span> <span class='ocrx_word' id='word_1_94' title='bbox 1193 805 1383 840; x_wconf 87' lang='lat' dir='ltr'>monasteria</span> <span class='ocrx_word' id='word_1_95' title='bbox 1417 805 1607 840; x_wconf 82' lang='lat' dir='ltr'>Stahulense</span> <span class='ocrx_word' id='word_1_96' title='bbox 1641 813 1672 839; x_wconf 85' lang='lat' dir='ltr'>et</span> <span class='ocrx_word' id='word_1_97' title='bbox 1707 805 1998 842; x_wconf 87' lang='lat' dir='ltr'>Malmundariense</span> 
     </span>
     <span class='ocr_line' id='line_1_12' title="bbox 555 856 834 895; baseline 0 -5"><span class='ocrx_word' id='word_1_98' title='bbox 555 856 677 895; x_wconf 74' lang='lat' dir='ltr'>fundat,</span> <span class='ocrx_word' id='word_1_99' title='bbox 705 858 776 890; x_wconf 72' lang='lat'>465</span> <span class='ocrx_word' id='word_1_100' title='bbox 803 869 834 890; x_wconf 87' lang='lat' dir='ltr'>a.</span> 
     </span>
    </p>

    <p class='ocr_par' dir='ltr' id='par_1_7' title="bbox 453 903 1999 1050">
     <span class='ocr_line' id='line_1_13' title="bbox 453 903 1999 950; baseline -0.001 -10"><span class='ocrx_word' id='word_1_101' title='bbox 453 906 623 941; x_wconf 87' lang='lat' dir='ltr'>Remensis</span> <span class='ocrx_word' id='word_1_102' title='bbox 651 905 795 940; x_wconf 83' lang='lat' dir='ltr'>Ecclesia</span> <span class='ocrx_word' id='word_1_103' title='bbox 822 904 1095 939; x_wconf 83' lang='lat' dir='ltr'>confirmationem</span> <span class='ocrx_word' id='word_1_104' title='bbox 1122 903 1245 938; x_wconf 84' lang='lat' dir='ltr'>obtinet</span> <span class='ocrx_word' id='word_1_105' title='bbox 1278 903 1513 950; x_wconf 78' lang='lat' dir='ltr'>privilegiorum</span> <span class='ocrx_word' id='word_1_106' title='bbox 1547 915 1675 938; x_wconf 91' lang='lat' dir='ltr'>suorum</span> <span class='ocrx_word' id='word_1_107' title='bbox 1703 916 1720 938; x_wconf 88' lang='lat' dir='ltr'>a</span> <span class='ocrx_word' id='word_1_108' title='bbox 1754 903 1928 939; x_wconf 84' lang='lat' dir='ltr'>Benedicto</span> <span class='ocrx_word' id='word_1_109' title='bbox 1955 904 1999 939; x_wconf 92' lang='grc' dir='ltr'>ΙΙΙ</span> 
     </span>
     <span class='ocr_line' id='line_1_14' title="bbox 552 952 1997 1000; baseline -0.001 -11"><span class='ocrx_word' id='word_1_110' title='bbox 552 955 637 998; x_wconf 77' lang='lat' dir='ltr'>PP.,</span> <span class='ocrx_word' id='word_1_111' title='bbox 660 956 731 989; x_wconf 75' lang='lat'>⁶294</span> <span class='ocrx_word' id='word_1_112' title='bbox 761 967 780 989; x_wconf 88' lang='grc' dir='ltr'><em>α</em></span> <span class='ocrx_word' id='word_1_113' title='bbox 815 963 845 989; x_wconf 81' lang='lat' dir='ltr'>et</span> <span class='ocrx_word' id='word_1_114' title='bbox 879 956 908 993; x_wconf 77' lang='lat' dir='ltr'>b,</span> <span class='ocrx_word' id='word_1_115' title='bbox 932 966 989 988; x_wconf 86' lang='lat' dir='ltr'>nec</span> <span class='ocrx_word' id='word_1_116' title='bbox 1024 966 1084 987; x_wconf 91' lang='lat' dir='ltr'>non</span> <span class='ocrx_word' id='word_1_117' title='bbox 1112 966 1170 998; x_wconf 79' lang='lat' dir='ltr'>seq.</span> <span class='ocrx_word' id='word_1_118' title='bbox 1200 953 1236 987; x_wconf 89' lang='lat' dir='ltr'>Ei</span> <span class='ocrx_word' id='word_1_119' title='bbox 1261 952 1393 988; x_wconf 82' lang='lat' dir='ltr'>debetur</span> <span class='ocrx_word' id='word_1_120' title='bbox 1425 952 1605 988; x_wconf 84' lang='lat' dir='ltr'>obedientia</span> <span class='ocrx_word' id='word_1_121' title='bbox 1633 953 1671 987; x_wconf 88' lang='lat' dir='ltr'>ab</span> <span class='ocrx_word' id='word_1_122' title='bbox 1698 953 1857 1000; x_wconf 88' lang='lat' dir='ltr'>episcopis</span> <span class='ocrx_word' id='word_1_123' title='bbox 1883 953 1997 1000; x_wconf 76' lang='lat' dir='ltr'>Belgii,</span> 
     </span>
     <span class='ocr_line' id='line_1_15' title="bbox 555 1003 1136 1050; baseline -0.005 -12"><span class='ocrx_word' id='word_1_124' title='bbox 555 1007 621 1038; x_wconf 80' lang='grc'>511</span> <span class='ocrx_word' id='word_1_125' title='bbox 649 1017 679 1038; x_wconf 87' lang='grc' dir='ltr'>α.</span> <span class='ocrx_word' id='word_1_126' title='bbox 706 1004 787 1038; x_wconf 90' lang='lat' dir='ltr'>Eius</span> <span class='ocrx_word' id='word_1_127' title='bbox 815 1003 978 1050; x_wconf 73' lang='lat' dir='ltr'>primatus,</span> <span class='ocrx_word' id='word_1_128' title='bbox 1005 1004 1079 1036; x_wconf 70' lang='lat' dir='ltr'>ibid.</span> <span class='ocrx_word' id='word_1_129' title='bbox 1107 1004 1136 1036; x_wconf 93' lang='lat' dir='ltr'>b.</span> 
     </span>
    </p>

    <p class='ocr_par' dir='ltr' id='par_1_8' title="bbox 453 1051 2001 1147">
     <span class='ocr_line' id='line_1_16' title="bbox 453 1051 2001 1094; baseline -0.002 -5"><span class='ocrx_word' id='word_1_130' title='bbox 453 1053 612 1089; x_wconf 87' lang='lat' dir='ltr'>Remense</span> <span class='ocrx_word' id='word_1_131' title='bbox 639 1053 808 1088; x_wconf 88' lang='lat' dir='ltr'>concilium</span> <span class='ocrx_word' id='word_1_132' title='bbox 836 1052 896 1086; x_wconf 90' lang='lat' dir='ltr'>sub</span> <span class='ocrx_word' id='word_1_133' title='bbox 929 1052 1036 1086; x_wconf 85' lang='lat' dir='ltr'>Leone</span> <span class='ocrx_word' id='word_1_134' title='bbox 1066 1051 1108 1086; x_wconf 83' lang='lat' dir='ltr'>tx</span> <span class='ocrx_word' id='word_1_135' title='bbox 1129 1051 1193 1085; x_wconf 90' lang='lat' dir='ltr'>PP.</span> <span class='ocrx_word' id='word_1_136' title='bbox 1225 1051 1367 1086; x_wconf 86' lang='lat' dir='ltr'>habitum</span> <span class='ocrx_word' id='word_1_137' title='bbox 1397 1051 1435 1086; x_wconf 88' lang='lat' dir='ltr'>ab</span> <span class='ocrx_word' id='word_1_138' title='bbox 1462 1051 1573 1086; x_wconf 83' lang='lat' dir='ltr'>eodem</span> <span class='ocrx_word' id='word_1_139' title='bbox 1602 1051 1758 1086; x_wconf 86' lang='lat' dir='ltr'>Pontifice</span> <span class='ocrx_word' id='word_1_140' title='bbox 1785 1051 2001 1094; x_wconf 76' lang='lat' dir='ltr'>confirmatur,</span> 
     </span>
     <span class='ocr_line' id='line_1_17' title="bbox 563 1104 808 1147; baseline -0.008 -10"><span class='ocrx_word' id='word_1_141' title='bbox 563 1104 632 1137; x_wconf 73' lang='lat'>604</span> <span class='ocrx_word' id='word_1_142' title='bbox 661 1104 677 1136; x_wconf 90' lang='lat' dir='ltr'><strong><em>b</em></strong></span> <span class='ocrx_word' id='word_1_143' title='bbox 698 1110 728 1137; x_wconf 82' lang='lat' dir='ltr'>et</span> <span class='ocrx_word' id='word_1_144' title='bbox 748 1115 808 1147; x_wconf 81' lang='lat' dir='ltr'>seq.</span> 
     </span>
    </p>

    <p class='ocr_par' dir='ltr' id='par_1_9' title="bbox 453 1149 2000 1240">
     <span class='ocr_line' id='line_1_18' title="bbox 453 1149 2000 1198; baseline -0.001 -12"><span class='ocrx_word' id='word_1_145' title='bbox 453 1151 622 1198; x_wconf 82' lang='lat' dir='ltr'>Remigius</span> <span class='ocrx_word' id='word_1_146' title='bbox 643 1152 812 1198; x_wconf 88' lang='lat' dir='ltr'>episcopus</span> <span class='ocrx_word' id='word_1_147' title='bbox 829 1150 1000 1185; x_wconf 85' lang='lat' dir='ltr'>Remensis</span> <span class='ocrx_word' id='word_1_148' title='bbox 1022 1149 1157 1184; x_wconf 86' lang='lat' dir='ltr'>vicarius</span> <span class='ocrx_word' id='word_1_149' title='bbox 1170 1149 1264 1184; x_wconf 87' lang='lat' dir='ltr'>Sedis</span> <span class='ocrx_word' id='word_1_150' title='bbox 1280 1149 1482 1197; x_wconf 86' lang='lat' dir='ltr'>Apostolicae</span> <span class='ocrx_word' id='word_1_151' title='bbox 1505 1149 1535 1183; x_wconf 91' lang='lat' dir='ltr'>in</span> <span class='ocrx_word' id='word_1_152' title='bbox 1557 1149 1659 1184; x_wconf 86' lang='lat' dir='ltr'>Gallia</span> <span class='ocrx_word' id='word_1_153' title='bbox 1674 1149 1801 1196; x_wconf 83' lang='lat' dir='ltr'>eligitur</span> <span class='ocrx_word' id='word_1_154' title='bbox 1822 1161 1838 1184; x_wconf 96' lang='grc'>3</span> <span class='ocrx_word' id='word_1_155' title='bbox 1857 1149 1892 1185; x_wconf 85' lang='lat' dir='ltr'>S.</span> <span class='ocrx_word' id='word_1_156' title='bbox 1914 1150 2000 1185; x_wconf 92' lang='lat' dir='ltr'>Hor-</span> 
     </span>
     <span class='ocr_line' id='line_1_19' title="bbox 555 1200 910 1240; baseline -0.003 -6"><span class='ocrx_word' id='word_1_157' title='bbox 555 1201 653 1235; x_wconf 89' lang='lat' dir='ltr'>misda</span> <span class='ocrx_word' id='word_1_158' title='bbox 675 1200 752 1240; x_wconf 82' lang='lat' dir='ltr'>PP.,</span> <span class='ocrx_word' id='word_1_159' title='bbox 784 1202 852 1234; x_wconf 76' lang='lat'>152</span> <span class='ocrx_word' id='word_1_160' title='bbox 880 1212 910 1234; x_wconf 85' lang='lat' dir='ltr'>a.</span> 
     </span>
    </p>

    <p class='ocr_par' dir='ltr' id='par_1_10' title="bbox 454 1247 2002 1393">
     <span class='ocr_line' id='line_1_20' title="bbox 454 1247 2002 1296; baseline -0.002 -11"><span class='ocrx_word' id='word_1_161' title='bbox 454 1249 591 1296; x_wconf 82' lang='lat' dir='ltr'>Remigii</span> <span class='ocrx_word' id='word_1_162' title='bbox 625 1250 680 1293; x_wconf 84' lang='lat' dir='ltr'>(S.)</span> <span class='ocrx_word' id='word_1_163' title='bbox 709 1250 866 1284; x_wconf 78' lang='lat' dir='ltr'>Remense</span> <span class='ocrx_word' id='word_1_164' title='bbox 900 1248 1126 1282; x_wconf 84' lang='lat' dir='ltr'>monasterium</span> <span class='ocrx_word' id='word_1_165' title='bbox 1155 1247 1356 1293; x_wconf 10' lang='lat' dir='ltr'>corporebss.</span> <span class='ocrx_word' id='word_1_166' title='bbox 1392 1247 1527 1294; x_wconf 77' lang='lat' dir='ltr'>Remigii</span> <span class='ocrx_word' id='word_1_167' title='bbox 1560 1248 1771 1289; x_wconf 78' lang='lat' dir='ltr'>nobilitatum,</span> <span class='ocrx_word' id='word_1_168' title='bbox 1806 1248 2002 1295; x_wconf 80' lang='lat' dir='ltr'>privilegium</span> 
     </span>
     <span class='ocr_line' id='line_1_21' title="bbox 553 1297 1998 1343; baseline -0.001 -10"><span class='ocrx_word' id='word_1_169' title='bbox 553 1299 675 1334; x_wconf 87' lang='lat' dir='ltr'>obtinet</span> <span class='ocrx_word' id='word_1_170' title='bbox 701 1312 716 1333; x_wconf 88' lang='lat' dir='ltr'>a</span> <span class='ocrx_word' id='word_1_171' title='bbox 738 1298 856 1333; x_wconf 87' lang='lat' dir='ltr'>Ioanne</span> <span class='ocrx_word' id='word_1_172' title='bbox 883 1297 958 1331; x_wconf 80' lang='lat' dir='ltr'>XII!</span> <span class='ocrx_word' id='word_1_173' title='bbox 980 1297 1045 1331; x_wconf 87' lang='lat' dir='ltr'>PP.</span> <span class='ocrx_word' id='word_1_174' title='bbox 1076 1309 1140 1343; x_wconf 87' lang='lat' dir='ltr'>quo</span> <span class='ocrx_word' id='word_1_175' title='bbox 1168 1297 1249 1331; x_wconf 90' lang='lat' dir='ltr'>hona</span> <span class='ocrx_word' id='word_1_176' title='bbox 1277 1297 1344 1330; x_wconf 86' lang='lat' dir='ltr'>eius</span> <span class='ocrx_word' id='word_1_177' title='bbox 1376 1304 1407 1331; x_wconf 80' lang='lat' dir='ltr'>et</span> <span class='ocrx_word' id='word_1_178' title='bbox 1433 1298 1497 1331; x_wconf 83' lang='lat' dir='ltr'>iura</span> <span class='ocrx_word' id='word_1_179' title='bbox 1531 1297 1558 1331; x_wconf 87' lang='lat' dir='ltr'>ei</span> <span class='ocrx_word' id='word_1_180' title='bbox 1593 1298 1831 1340; x_wconf 78' lang='lat' dir='ltr'>confirmantur⁷</span> <span class='ocrx_word' id='word_1_181' title='bbox 1860 1297 1998 1332; x_wconf 87' lang='lat' dir='ltr'>iniuncta</span> 
     </span>
     <span class='ocr_line' id='line_1_22' title="bbox 554 1346 1999 1393; baseline -0.001 -11"><span class='ocrx_word' id='word_1_182' title='bbox 554 1348 764 1383; x_wconf 87' lang='lat' dir='ltr'>anathematis</span> <span class='ocrx_word' id='word_1_183' title='bbox 787 1359 885 1393; x_wconf 88' lang='lat' dir='ltr'>poena</span> <span class='ocrx_word' id='word_1_184' title='bbox 905 1354 1011 1381; x_wconf 82' lang='lat' dir='ltr'>contra</span> <span class='ocrx_word' id='word_1_185' title='bbox 1036 1346 1211 1380; x_wconf 71' lang='lat' dir='ltr'>molestiam</span> <span class='ocrx_word' id='word_1_186' title='bbox 1235 1353 1266 1380; x_wconf 89' lang='lat' dir='ltr'>et</span> <span class='ocrx_word' id='word_1_187' title='bbox 1288 1346 1347 1379; x_wconf 82' lang='lat' dir='ltr'>vim</span> <span class='ocrx_word' id='word_1_188' title='bbox 1373 1346 1466 1380; x_wconf 87' lang='lat' dir='ltr'>ullam</span> <span class='ocrx_word' id='word_1_189' title='bbox 1490 1347 1516 1381; x_wconf 86' lang='lat' dir='ltr'>ei</span> <span class='ocrx_word' id='word_1_190' title='bbox 1537 1346 1821 1391; x_wconf 74' lang='lat' dir='ltr'>infe1·entcs,&#39;429</span> <span class='ocrx_word' id='word_1_191' title='bbox 1849 1349 1866 1380; x_wconf 89' lang='lat' dir='ltr'><strong><em>b</em></strong></span> <span class='ocrx_word' id='word_1_192' title='bbox 1888 1355 1918 1381; x_wconf 84' lang='lat' dir='ltr'>et</span> <span class='ocrx_word' id='word_1_193' title='bbox 1939 1360 1999 1392; x_wconf 81' lang='lat' dir='ltr'>seq.</span> 
     </span>
    </p>

    <p class='ocr_par' dir='ltr' id='par_1_11' title="bbox 456 1394 2002 1541">
     <span class='ocr_line' id='line_1_23' title="bbox 456 1394 2002 1432; baseline -0.001 0"><span class='ocrx_word' id='word_1_194' title='bbox 456 1396 627 1432; x_wconf 83' lang='lat' dir='ltr'>Restoldus</span> <span class='ocrx_word' id='word_1_195' title='bbox 654 1397 750 1431; x_wconf 88' lang='lat' dir='ltr'>abbas</span> <span class='ocrx_word' id='word_1_196' title='bbox 778 1396 967 1430; x_wconf 82' lang='lat' dir='ltr'>monasterio</span> <span class='ocrx_word' id='word_1_197' title='bbox 989 1408 1047 1429; x_wconf 89' lang='lat' dir='ltr'>suo</span> <span class='ocrx_word' id='word_1_198' title='bbox 1074 1395 1108 1429; x_wconf 88' lang='lat' dir='ltr'>S.</span> <span class='ocrx_word' id='word_1_199' title='bbox 1130 1394 1265 1429; x_wconf 81' lang='lat' dir='ltr'>Valarici</span> <span class='ocrx_word' id='word_1_200' title='bbox 1296 1395 1416 1429; x_wconf 80' lang='lat' dir='ltr'>ordinis</span> <span class='ocrx_word' id='word_1_201' title='bbox 1443 1395 1642 1430; x_wconf 80' lang='lat' dir='ltr'>Benedictini</span> <span class='ocrx_word' id='word_1_202' title='bbox 1677 1396 1706 1430; x_wconf 92' lang='lat' dir='ltr'>in</span> <span class='ocrx_word' id='word_1_203' title='bbox 1734 1397 1885 1431; x_wconf 82' lang='lat' dir='ltr'>comitatu</span> <span class='ocrx_word' id='word_1_204' title='bbox 1915 1396 2002 1431; x_wconf 87' lang='lat' dir='ltr'>Leu-</span> 
     </span>
     <span class='ocr_line' id='line_1_24' title="bbox 555 1443 2000 1481; baseline -0.001 0"><span class='ocrx_word' id='word_1_205' title='bbox 555 1446 703 1481; x_wconf 87' lang='lat' dir='ltr'>conaensi</span> <span class='ocrx_word' id='word_1_206' title='bbox 731 1445 1001 1480; x_wconf 84' lang='lat' dir='ltr'>confirmationem</span> <span class='ocrx_word' id='word_1_207' title='bbox 1033 1444 1155 1478; x_wconf 85' lang='lat' dir='ltr'>obtinet</span> <span class='ocrx_word' id='word_1_208' title='bbox 1176 1456 1192 1478; x_wconf 90' lang='lat' dir='ltr'>a</span> <span class='ocrx_word' id='word_1_209' title='bbox 1219 1443 1395 1478; x_wconf 78' lang='lat' dir='ltr'>Bencdieto</span> <span class='ocrx_word' id='word_1_210' title='bbox 1418 1444 1473 1478; x_wconf 86' lang='lat' dir='ltr'>Vll</span> <span class='ocrx_word' id='word_1_211' title='bbox 1499 1445 1559 1478; x_wconf 82' lang='lat' dir='ltr'>PP.</span> <span class='ocrx_word' id='word_1_212' title='bbox 1593 1453 1622 1479; x_wconf 86' lang='lat' dir='ltr'>et</span> <span class='ocrx_word' id='word_1_213' title='bbox 1650 1453 1684 1479; x_wconf 86' lang='lat' dir='ltr'>ut</span> <span class='ocrx_word' id='word_1_214' title='bbox 1707 1445 1782 1479; x_wconf 90' lang='lat' dir='ltr'>illud</span> <span class='ocrx_word' id='word_1_215' title='bbox 1813 1444 1874 1480; x_wconf 89' lang='lat' dir='ltr'>sub</span> <span class='ocrx_word' id='word_1_216' title='bbox 1897 1445 1934 1480; x_wconf 86' lang='lat' dir='ltr'>R.</span> <span class='ocrx_word' id='word_1_217' title='bbox 1962 1445 2000 1481; x_wconf 90' lang='lat' dir='ltr'>E.</span> 
     </span>
     <span class='ocr_line' id='line_1_25' title="bbox 557 1493 1773 1541; baseline -0.001 -12"><span class='ocrx_word' id='word_1_218' title='bbox 557 1496 677 1529; x_wconf 83' lang='lat' dir='ltr'>ditione</span> <span class='ocrx_word' id='word_1_219' title='bbox 701 1495 878 1541; x_wconf 75' lang='lat' dir='ltr'>recipiatur,</span> <span class='ocrx_word' id='word_1_220' title='bbox 903 1493 1126 1539; x_wconf 78' lang='lat' dir='ltr'>nonnullisque</span> <span class='ocrx_word' id='word_1_221' title='bbox 1154 1493 1325 1539; x_wconf 74' lang='lat' dir='ltr'>privilegiis</span> <span class='ocrx_word' id='word_1_222' title='bbox 1351 1493 1497 1536; x_wconf 71' lang='lat' dir='ltr'>donetur,</span> <span class='ocrx_word' id='word_1_223' title='bbox 1519 1496 1591 1528; x_wconf 74' lang='lat'>445</span> <span class='ocrx_word' id='word_1_224' title='bbox 1619 1496 1636 1528; x_wconf 91' lang='lat' dir='ltr'><strong><em>b</em></strong></span> <span class='ocrx_word' id='word_1_225' title='bbox 1658 1502 1688 1528; x_wconf 86' lang='lat' dir='ltr'>et</span> <span class='ocrx_word' id='word_1_226' title='bbox 1713 1508 1773 1539; x_wconf 82' lang='lat' dir='ltr'>seq.</span> 
     </span>
    </p>

    <p class='ocr_par' dir='ltr' id='par_1_12' title="bbox 456 1542 2004 1688">
     <span class='ocr_line' id='line_1_26' title="bbox 456 1542 2004 1590; baseline 0 -12"><span class='ocrx_word' id='word_1_227' title='bbox 456 1543 603 1578; x_wconf 79' lang='lat' dir='ltr'>Riculfus</span> <span class='ocrx_word' id='word_1_228' title='bbox 625 1544 795 1590; x_wconf 80' lang='lat' dir='ltr'>episcopus</span> <span class='ocrx_word' id='word_1_229' title='bbox 821 1543 986 1577; x_wconf 72' lang='lat' dir='ltr'>Ecclesiae</span> <span class='ocrx_word' id='word_1_230' title='bbox 1008 1554 1082 1577; x_wconf 80' lang='lat' dir='ltr'>suae</span> <span class='ocrx_word' id='word_1_231' title='bbox 1109 1542 1237 1576; x_wconf 85' lang='lat' dir='ltr'>Helensi</span> <span class='ocrx_word' id='word_1_232' title='bbox 1270 1542 1342 1585; x_wconf 56' lang='lat' dir='ltr'>tiam</span> <span class='ocrx_word' id='word_1_233' title='bbox 1372 1542 1629 1586; x_wconf 79' lang='lat' dir='ltr'>Rossilioncnsis)</span> <span class='ocrx_word' id='word_1_234' title='bbox 1657 1543 1855 1590; x_wconf 68' lang='lat' dir='ltr'>privilegium</span> <span class='ocrx_word' id='word_1_235' title='bbox 1883 1543 2004 1579; x_wconf 86' lang='lat' dir='ltr'>obtinet</span> 
     </span>
     <span class='ocr_line' id='line_1_27' title="bbox 557 1591 2003 1638; baseline -0.001 -10"><span class='ocrx_word' id='word_1_236' title='bbox 557 1606 573 1628; x_wconf 89' lang='lat' dir='ltr'>a</span> <span class='ocrx_word' id='word_1_237' title='bbox 595 1593 742 1627; x_wconf 86' lang='lat' dir='ltr'>Romano</span> <span class='ocrx_word' id='word_1_238' title='bbox 766 1592 827 1626; x_wconf 88' lang='lat' dir='ltr'>PP.</span> <span class='ocrx_word' id='word_1_239' title='bbox 854 1604 916 1638; x_wconf 90' lang='lat' dir='ltr'>quo</span> <span class='ocrx_word' id='word_1_240' title='bbox 933 1591 1013 1625; x_wconf 86' lang='lat' dir='ltr'>hona</span> <span class='ocrx_word' id='word_1_241' title='bbox 1035 1592 1104 1625; x_wconf 84' lang='lat' dir='ltr'>eius</span> <span class='ocrx_word' id='word_1_242' title='bbox 1118 1592 1221 1624; x_wconf 91' lang='lat' dir='ltr'>omnia</span> <span class='ocrx_word' id='word_1_243' title='bbox 1240 1591 1477 1632; x_wconf 68' lang='lat' dir='ltr'>confirmantur,</span> <span class='ocrx_word' id='word_1_244' title='bbox 1495 1600 1523 1627; x_wconf 88' lang='lat' dir='ltr'>et</span> <span class='ocrx_word' id='word_1_245' title='bbox 1540 1592 1636 1626; x_wconf 79' lang='lat' dir='ltr'>libera</span> <span class='ocrx_word' id='word_1_246' title='bbox 1658 1592 1697 1626; x_wconf 89' lang='lat' dir='ltr'>ab</span> <span class='ocrx_word' id='word_1_247' title='bbox 1713 1593 1798 1626; x_wconf 89' lang='lat' dir='ltr'>omni</span> <span class='ocrx_word' id='word_1_248' title='bbox 1821 1594 2003 1627; x_wconf 86' lang='lat' dir='ltr'>cuiuscum-</span> 
     </span>
     <span class='ocr_line' id='line_1_28' title="bbox 559 1639 1998 1688; baseline 0.001 -12"><span class='ocrx_word' id='word_1_249' title='bbox 559 1654 621 1688; x_wconf 87' lang='lat' dir='ltr'>que</span> <span class='ocrx_word' id='word_1_250' title='bbox 644 1653 794 1687; x_wconf 83' lang='lat' dir='ltr'>personae</span> <span class='ocrx_word' id='word_1_251' title='bbox 809 1641 951 1675; x_wconf 86' lang='lat' dir='ltr'>molestia</span> <span class='ocrx_word' id='word_1_252' title='bbox 967 1640 1026 1674; x_wconf 87' lang='lat' dir='ltr'>sub</span> <span class='ocrx_word' id='word_1_253' title='bbox 1048 1639 1254 1674; x_wconf 71' lang='lat' dir='ltr'>anathematis</span> <span class='ocrx_word' id='word_1_254' title='bbox 1270 1652 1369 1685; x_wconf 82' lang='lat' dir='ltr'>poena</span> <span class='ocrx_word' id='word_1_255' title='bbox 1392 1640 1494 1675; x_wconf 86' lang='lat' dir='ltr'>futura</span> <span class='ocrx_word' id='word_1_256' title='bbox 1517 1642 1741 1682; x_wconf 81' lang='lat' dir='ltr'>decernuntur,</span> <span class='ocrx_word' id='word_1_257' title='bbox 1766 1644 1835 1675; x_wconf 69' lang='lat'>574</span> <span class='ocrx_word' id='word_1_258' title='bbox 1851 1655 1870 1676; x_wconf 83' lang='lat' dir='ltr'>a</span> <span class='ocrx_word' id='word_1_259' title='bbox 1886 1650 1916 1676; x_wconf 85' lang='lat' dir='ltr'>et</span> <span class='ocrx_word' id='word_1_260' title='bbox 1937 1655 1998 1688; x_wconf 81' lang='lat' dir='ltr'>seq.</span> 
     </span>
    </p>

    <p class='ocr_par' dir='ltr' id='par_1_13' title="bbox 464 1689 1981 1736">
     <span class='ocr_line' id='line_1_29' title="bbox 464 1689 1981 1736; baseline -0.003 -11"><span class='ocrx_word' id='word_1_261' title='bbox 464 1691 598 1725; x_wconf 85' lang='lat' dir='ltr'>Rituum</span> <span class='ocrx_word' id='word_1_262' title='bbox 621 1690 785 1724; x_wconf 82' lang='lat' dir='ltr'>diversitas</span> <span class='ocrx_word' id='word_1_263' title='bbox 808 1690 913 1736; x_wconf 85' lang='lat' dir='ltr'>populi</span> <span class='ocrx_word' id='word_1_264' title='bbox 937 1689 1120 1724; x_wconf 73' lang='lat' dir='ltr'>scandalunt</span> <span class='ocrx_word' id='word_1_265' title='bbox 1150 1690 1239 1735; x_wconf 58' lang='lat' dir='ltr'>parit5</span> <span class='ocrx_word' id='word_1_266' title='bbox 1266 1690 1336 1722; x_wconf 69' lang='lat'>592</span> <span class='ocrx_word' id='word_1_267' title='bbox 1359 1691 1376 1723; x_wconf 91' lang='lat' dir='ltr'><strong><em>b</em></strong></span> <span class='ocrx_word' id='word_1_268' title='bbox 1394 1698 1423 1724; x_wconf 84' lang='lat' dir='ltr'>ct</span> <span class='ocrx_word' id='word_1_269' title='bbox 1444 1703 1503 1735; x_wconf 74' lang='lat' dir='ltr'>seq.</span> <span class='ocrx_word' id='word_1_270' title='bbox 1975 1693 1981 1699; x_wconf 93' lang='lat'>&#39;</span> 
     </span>
    </p>

    <p class='ocr_par' dir='ltr' id='par_1_14' title="bbox 457 1738 2001 1882">
     <span class='ocr_line' id='line_1_30' title="bbox 457 1738 2001 1787; baseline 0.001 -13"><span class='ocrx_word' id='word_1_271' title='bbox 457 1740 678 1787; x_wconf 80' lang='lat' dir='ltr'>Rivipullense</span> <span class='ocrx_word' id='word_1_272' title='bbox 694 1739 919 1773; x_wconf 83' lang='lat' dir='ltr'>monasterium</span> <span class='ocrx_word' id='word_1_273' title='bbox 937 1738 1206 1772; x_wconf 70' lang='lat' dir='ltr'>confirmationem</span> <span class='ocrx_word' id='word_1_274' title='bbox 1224 1738 1377 1771; x_wconf 82' lang='lat' dir='ltr'>honorum</span> <span class='ocrx_word' id='word_1_275' title='bbox 1401 1752 1435 1773; x_wconf 85' lang='lat' dir='ltr'>ac</span> <span class='ocrx_word' id='word_1_276' title='bbox 1458 1740 1693 1785; x_wconf 76' lang='lat' dir='ltr'>privilegiorum</span> <span class='ocrx_word' id='word_1_277' title='bbox 1710 1752 1839 1774; x_wconf 91' lang='lat' dir='ltr'>suorum</span> <span class='ocrx_word' id='word_1_278' title='bbox 1856 1741 2001 1775; x_wconf 88' lang='lat' dir='ltr'>omnium</span> 
     </span>
     <span class='ocr_line' id='line_1_31' title="bbox 559 1787 2000 1835; baseline 0.002 -14"><span class='ocrx_word' id='word_1_279' title='bbox 559 1789 681 1823; x_wconf 84' lang='lat' dir='ltr'>obtinet</span> <span class='ocrx_word' id='word_1_280' title='bbox 702 1789 838 1835; x_wconf 86' lang='lat' dir='ltr'>primum</span> <span class='ocrx_word' id='word_1_281' title='bbox 863 1788 900 1821; x_wconf 87' lang='lat' dir='ltr'>ab</span> <span class='ocrx_word' id='word_1_282' title='bbox 922 1787 1065 1833; x_wconf 78' lang='lat' dir='ltr'>Agapcto</span> <span class='ocrx_word' id='word_1_283' title='bbox 1083 1787 1110 1821; x_wconf 91' lang='grc'>11</span> <span class='ocrx_word' id='word_1_284' title='bbox 1133 1787 1208 1825; x_wconf 77' lang='grc' dir='ltr'>ΡΡ.,</span> <span class='ocrx_word' id='word_1_285' title='bbox 1233 1789 1301 1820; x_wconf 75' lang='grc'>401·</span> <span class='ocrx_word' id='word_1_286' title='bbox 1325 1801 1343 1821; x_wconf 78' lang='grc' dir='ltr'>ιι</span> <span class='ocrx_word' id='word_1_287' title='bbox 1366 1796 1396 1822; x_wconf 73' lang='lat' dir='ltr'>et</span> <span class='ocrx_word' id='word_1_288' title='bbox 1410 1802 1485 1833; x_wconf 71' lang='lat' dir='ltr'>seq.;</span> <span class='ocrx_word' id='word_1_289' title='bbox 1501 1788 1615 1823; x_wconf 84' lang='lat' dir='ltr'>deinde</span> <span class='ocrx_word' id='word_1_290' title='bbox 1631 1802 1645 1823; x_wconf 89' lang='grc'>3</span> <span class='ocrx_word' id='word_1_291' title='bbox 1662 1789 1773 1835; x_wconf 80' lang='lat' dir='ltr'>Sergio</span> <span class='ocrx_word' id='word_1_292' title='bbox 1788 1789 1828 1823; x_wconf 87' lang='lat' dir='ltr'>lv</span> <span class='ocrx_word' id='word_1_293' title='bbox 1848 1789 1925 1829; x_wconf 79' lang='lat' dir='ltr'><strong>PP.,</strong></span> <span class='ocrx_word' id='word_1_294' title='bbox 1940 1789 2000 1824; x_wconf 86' lang='lat' dir='ltr'>ad-</span> 
     </span>
     <span class='ocr_line' id='line_1_32' title="bbox 558 1837 1358 1882; baseline -0.003 -11"><span class='ocrx_word' id='word_1_295' title='bbox 558 1838 631 1872; x_wconf 89' lang='lat' dir='ltr'>ditis</span> <span class='ocrx_word' id='word_1_296' title='bbox 654 1837 815 1871; x_wconf 84' lang='lat' dir='ltr'>nonnullis</span> <span class='ocrx_word' id='word_1_297' title='bbox 831 1837 899 1871; x_wconf 88' lang='lat' dir='ltr'>aliis</span> <span class='ocrx_word' id='word_1_298' title='bbox 922 1837 1105 1882; x_wconf 72' lang='lat' dir='ltr'>privilegiis,</span> <span class='ocrx_word' id='word_1_299' title='bbox 1128 1838 1198 1870; x_wconf 67' lang='lat'>498</span> <span class='ocrx_word' id='word_1_300' title='bbox 1217 1837 1234 1869; x_wconf 94' lang='lat' dir='ltr'><strong><em>b</em></strong></span> <span class='ocrx_word' id='word_1_301' title='bbox 1256 1844 1358 1881; x_wconf 79' lang='lat' dir='ltr'>etseq.</span> 
     </span>
    </p>

    <p class='ocr_par' dir='ltr' id='par_1_15' title="bbox 459 1884 2003 2031">
     <span class='ocr_line' id='line_1_33' title="bbox 459 1884 2001 1933; baseline 0.001 -12"><span class='ocrx_word' id='word_1_302' title='bbox 459 1886 620 1922; x_wconf 88' lang='lat' dir='ltr'>Robertus</span> <span class='ocrx_word' id='word_1_303' title='bbox 649 1886 746 1921; x_wconf 87' lang='lat' dir='ltr'>abbas</span> <span class='ocrx_word' id='word_1_304' title='bbox 774 1886 972 1932; x_wconf 72' lang='lat' dir='ltr'>privilegium</span> <span class='ocrx_word' id='word_1_305' title='bbox 1006 1885 1127 1920; x_wconf 80' lang='lat' dir='ltr'>obtinet</span> <span class='ocrx_word' id='word_1_306' title='bbox 1158 1897 1174 1919; x_wconf 91' lang='grc'>3</span> <span class='ocrx_word' id='word_1_307' title='bbox 1202 1884 1318 1919; x_wconf 79' lang='lat' dir='ltr'>Ioanne</span> <span class='ocrx_word' id='word_1_308' title='bbox 1352 1885 1455 1920; x_wconf 80' lang='lat' dir='ltr'>xvtll</span> <span class='ocrx_word' id='word_1_309' title='bbox 1486 1886 1548 1920; x_wconf 89' lang='lat' dir='ltr'>PP.</span> <span class='ocrx_word' id='word_1_310' title='bbox 1577 1899 1640 1933; x_wconf 89' lang='lat' dir='ltr'>quo</span> <span class='ocrx_word' id='word_1_311' title='bbox 1673 1887 1902 1922; x_wconf 88' lang='lat' dir='ltr'>monasterinm</span> <span class='ocrx_word' id='word_1_312' title='bbox 1934 1887 2001 1923; x_wconf 87' lang='lat' dir='ltr'>eius</span> 
     </span>
     <span class='ocr_line' id='line_1_34' title="bbox 558 1935 2003 1984; baseline 0.001 -14"><span class='ocrx_word' id='word_1_313' title='bbox 558 1936 593 1970; x_wconf 91' lang='lat' dir='ltr'>S.</span> <span class='ocrx_word' id='word_1_314' title='bbox 608 1935 759 1970; x_wconf 82' lang='lat' dir='ltr'>Florentii</span> <span class='ocrx_word' id='word_1_315' title='bbox 782 1935 1006 1969; x_wconf 78' lang='lat' dir='ltr'>Salmuriensis</span> <span class='ocrx_word' id='word_1_316' title='bbox 1020 1935 1223 1969; x_wconf 80' lang='lat' dir='ltr'>confirmatur</span> <span class='ocrx_word' id='word_1_317' title='bbox 1238 1941 1268 1967; x_wconf 81' lang='lat' dir='ltr'>ct</span> <span class='ocrx_word' id='word_1_318' title='bbox 1288 1942 1469 1982; x_wconf 82' lang='lat' dir='ltr'>exemptum</span> <span class='ocrx_word' id='word_1_319' title='bbox 1486 1936 1662 1971; x_wconf 86' lang='lat' dir='ltr'>declaratur</span> <span class='ocrx_word' id='word_1_320' title='bbox 1684 1936 1724 1971; x_wconf 87' lang='lat' dir='ltr'>ab</span> <span class='ocrx_word' id='word_1_321' title='bbox 1742 1937 1828 1971; x_wconf 92' lang='lat' dir='ltr'>omni</span> <span class='ocrx_word' id='word_1_322' title='bbox 1849 1948 2003 1984; x_wconf 87' lang='lat' dir='ltr'>quacum-</span> 
     </span>
     <span class='ocr_line' id='line_1_35' title="bbox 560 1986 1086 2031; baseline -0.004 -12"><span class='ocrx_word' id='word_1_323' title='bbox 560 1997 622 2031; x_wconf 87' lang='lat' dir='ltr'>que</span> <span class='ocrx_word' id='word_1_324' title='bbox 650 1992 815 2031; x_wconf 51' lang='lat' dir='ltr'>potestate</span> <span class='ocrx_word' id='word_1_325' title='bbox 838 1986 908 2018; x_wconf 82' lang='lat'>485</span> <span class='ocrx_word' id='word_1_326' title='bbox 937 1986 954 2018; x_wconf 92' lang='lat' dir='ltr'><strong><em>b</em></strong></span> <span class='ocrx_word' id='word_1_327' title='bbox 977 1992 1005 2017; x_wconf 86' lang='lat' dir='ltr'>et</span> <span class='ocrx_word' id='word_1_328' title='bbox 1027 1996 1086 2029; x_wconf 82' lang='lat' dir='ltr'>seq.</span> 
     </span>
    </p>

    <p class='ocr_par' dir='ltr' id='par_1_16' title="bbox 461 2031 2049 2178">
     <span class='ocr_line' id='line_1_36' title="bbox 461 2031 2004 2081; baseline 0.001 -13"><span class='ocrx_word' id='word_1_329' title='bbox 461 2033 613 2068; x_wconf 83' lang='lat' dir='ltr'>Rodense</span> <span class='ocrx_word' id='word_1_330' title='bbox 636 2034 862 2067; x_wconf 87' lang='lat' dir='ltr'>monasterium</span> <span class='ocrx_word' id='word_1_331' title='bbox 885 2033 945 2067; x_wconf 85' lang='lat' dir='ltr'>sub</span> <span class='ocrx_word' id='word_1_332' title='bbox 970 2033 1035 2066; x_wconf 67' lang='lat' dir='ltr'>iure.</span> <span class='ocrx_word' id='word_1_333' title='bbox 1058 2034 1091 2067; x_wconf 80' lang='lat' dir='ltr'>S.</span> <span class='ocrx_word' id='word_1_334' title='bbox 1115 2032 1153 2066; x_wconf 83' lang='lat' dir='ltr'>R.</span> <span class='ocrx_word' id='word_1_335' title='bbox 1177 2031 1214 2065; x_wconf 92' lang='lat' dir='ltr'>E.</span> <span class='ocrx_word' id='word_1_336' title='bbox 1238 2032 1431 2067; x_wconf 80' lang='lat' dir='ltr'>confirmatis</span> <span class='ocrx_word' id='word_1_337' title='bbox 1453 2033 1520 2068; x_wconf 89' lang='lat' dir='ltr'>eius</span> <span class='ocrx_word' id='word_1_338' title='bbox 1539 2034 1631 2069; x_wconf 88' lang='lat' dir='ltr'>bonis</span> <span class='ocrx_word' id='word_1_339' title='bbox 1658 2034 1829 2081; x_wconf 86' lang='lat' dir='ltr'>suscipitur</span> <span class='ocrx_word' id='word_1_340' title='bbox 1855 2047 1870 2069; x_wconf 91' lang='grc'>3</span> <span class='ocrx_word' id='word_1_341' title='bbox 1898 2034 2004 2070; x_wconf 89' lang='lat' dir='ltr'>Bene-</span> 
     </span>
     <span class='ocr_line' id='line_1_37' title="bbox 559 2081 2049 2131; baseline 0.001 -14"><span class='ocrx_word' id='word_1_342' title='bbox 559 2083 643 2117; x_wconf 89' lang='lat' dir='ltr'>dicto</span> <span class='ocrx_word' id='word_1_343' title='bbox 664 2082 706 2116; x_wconf 86' lang='lat' dir='ltr'>Vl</span> <span class='ocrx_word' id='word_1_344' title='bbox 728 2082 805 2121; x_wconf 77' lang='grc' dir='ltr'>ΡΡ.,</span> <span class='ocrx_word' id='word_1_345' title='bbox 829 2084 933 2116; x_wconf 76' lang='grc'>4561)</span> <span class='ocrx_word' id='word_1_346' title='bbox 955 2091 1059 2126; x_wconf 77' lang='lat' dir='ltr'>etseq.</span> <span class='ocrx_word' id='word_1_347' title='bbox 1080 2081 1248 2126; x_wconf 80' lang='lat' dir='ltr'>privilegia</span> <span class='ocrx_word' id='word_1_348' title='bbox 1271 2089 1301 2115; x_wconf 85' lang='lat' dir='ltr'>et</span> <span class='ocrx_word' id='word_1_349' title='bbox 1323 2081 1402 2116; x_wconf 90' lang='lat' dir='ltr'>hona</span> <span class='ocrx_word' id='word_1_350' title='bbox 1426 2083 1652 2117; x_wconf 77' lang='lat' dir='ltr'>confirmantur</span> <span class='ocrx_word' id='word_1_351' title='bbox 1666 2084 1693 2118; x_wconf 87' lang='lat' dir='ltr'>ei</span> <span class='ocrx_word' id='word_1_352' title='bbox 1711 2084 1848 2131; x_wconf 86' lang='lat' dir='ltr'>primum</span> <span class='ocrx_word' id='word_1_353' title='bbox 1865 2097 1879 2118; x_wconf 90' lang='lat' dir='ltr'>a</span> <span class='ocrx_word' id='word_1_354' title='bbox 1895 2084 2001 2119; x_wconf 86' lang='lat' dir='ltr'>Bene·</span> <span class='ocrx_word' id='word_1_355' title='bbox 2045 2117 2049 2123; x_wconf 90' lang='grc'>,</span> 
     </span>
     <span class='ocr_line' id='line_1_38' title="bbox 559 2130 1885 2178; baseline 0 -12"><span class='ocrx_word' id='word_1_356' title='bbox 559 2132 644 2166; x_wconf 87' lang='lat' dir='ltr'>dicto</span> <span class='ocrx_word' id='word_1_357' title='bbox 664 2131 721 2165; x_wconf 88' lang='lat' dir='ltr'>Vll</span> <span class='ocrx_word' id='word_1_358' title='bbox 744 2131 819 2170; x_wconf 80' lang='lat' dir='ltr'>PP.,</span> <span class='ocrx_word' id='word_1_359' title='bbox 849 2134 920 2165; x_wconf 79' lang='grc'>445</span> <span class='ocrx_word' id='word_1_360' title='bbox 942 2143 961 2164; x_wconf 86' lang='grc' dir='ltr'><em>α</em></span> <span class='ocrx_word' id='word_1_361' title='bbox 984 2140 1013 2164; x_wconf 85' lang='lat' dir='ltr'>et</span> <span class='ocrx_word' id='word_1_362' title='bbox 1035 2144 1107 2175; x_wconf 78' lang='lat' dir='ltr'>seq.‚</span> <span class='ocrx_word' id='word_1_363' title='bbox 1131 2130 1244 2164; x_wconf 83' lang='lat' dir='ltr'>deinde</span> <span class='ocrx_word' id='word_1_364' title='bbox 1272 2142 1288 2164; x_wconf 89' lang='lat' dir='ltr'>a</span> <span class='ocrx_word' id='word_1_365' title='bbox 1316 2130 1433 2165; x_wconf 90' lang='lat' dir='ltr'>Ioanne</span> <span class='ocrx_word' id='word_1_366' title='bbox 1457 2131 1515 2166; x_wconf 91' lang='lat' dir='ltr'>XV</span> <span class='ocrx_word' id='word_1_367' title='bbox 1541 2133 1617 2172; x_wconf 83' lang='lat' dir='ltr'>PP.,</span> <span class='ocrx_word' id='word_1_368' title='bbox 1639 2135 1711 2168; x_wconf 73' lang='lat'>455</span> <span class='ocrx_word' id='word_1_369' title='bbox 1735 2135 1752 2167; x_wconf 89' lang='lat' dir='ltr'><strong><em>b</em></strong></span> <span class='ocrx_word' id='word_1_370' title='bbox 1774 2140 1804 2167; x_wconf 86' lang='lat' dir='ltr'>et</span> <span class='ocrx_word' id='word_1_371' title='bbox 1825 2146 1885 2178; x_wconf 77' lang='lat' dir='ltr'>seq.</span> 
     </span>
    </p>

    <p class='ocr_par' dir='ltr' id='par_1_17' title="bbox 461 2179 1975 2228">
     <span class='ocr_line' id='line_1_39' title="bbox 461 2179 1975 2228; baseline 0.001 -14"><span class='ocrx_word' id='word_1_372' title='bbox 461 2180 640 2226; x_wconf 77' lang='lat' dir='ltr'>Rodgarius</span> <span class='ocrx_word' id='word_1_373' title='bbox 661 2192 767 2214; x_wconf 84' lang='lat' dir='ltr'>comes</span> <span class='ocrx_word' id='word_1_374' title='bbox 793 2179 1058 2214; x_wconf 81' lang='lat' dir='ltr'>Carcassonensis</span> <span class='ocrx_word' id='word_1_375' title='bbox 1081 2180 1304 2213; x_wconf 86' lang='lat' dir='ltr'>monasterium</span> <span class='ocrx_word' id='word_1_376' title='bbox 1328 2179 1361 2214; x_wconf 90' lang='lat' dir='ltr'>S.</span> <span class='ocrx_word' id='word_1_377' title='bbox 1385 2180 1547 2215; x_wconf 87' lang='lat' dir='ltr'>Saturnini</span> <span class='ocrx_word' id='word_1_378' title='bbox 1577 2182 1698 2223; x_wconf 78' lang='lat' dir='ltr'>fundat,</span> <span class='ocrx_word' id='word_1_379' title='bbox 1720 2183 1792 2216; x_wconf 76' lang='lat'>446</span> <span class='ocrx_word' id='word_1_380' title='bbox 1815 2184 1832 2216; x_wconf 93' lang='lat' dir='ltr'><strong><em>b</em></strong></span> <span class='ocrx_word' id='word_1_381' title='bbox 1859 2190 1889 2216; x_wconf 87' lang='lat' dir='ltr'>et</span> <span class='ocrx_word' id='word_1_382' title='bbox 1914 2194 1975 2228; x_wconf 82' lang='lat' dir='ltr'>seq.</span> 
     </span>
    </p>
   </div>
   <div class='ocr_carea' id='block_1_3' title="bbox 374 2228 1414 2273">
    <p class='ocr_par' dir='ltr' id='par_1_18' title="bbox 374 2228 1414 2273">
     <span class='ocr_line' id='line_1_40' title="bbox 374 2228 1414 2273; baseline -0.001 -9"><span class='ocrx_word' id='word_1_383' title='bbox 374 2269 379 2273; x_wconf 43' lang='grc'>,</span> <span class='ocrx_word' id='word_1_384' title='bbox 432 2229 710 2271; x_wconf 70' lang='lat' dir='ltr'>‚Rossilionensis</span> <span class='ocrx_word' id='word_1_385' title='bbox 730 2228 870 2263; x_wconf 84' lang='lat' dir='ltr'>Ecclesia</span> <span class='ocrx_word' id='word_1_386' title='bbox 894 2250 940 2254; x_wconf 88' lang='lat'>-—</span> <span class='ocrx_word' id='word_1_387' title='bbox 962 2230 1036 2262; x_wconf 76' lang='lat' dir='ltr'>Vide</span> <span class='ocrx_word' id='word_1_388' title='bbox 1058 2228 1247 2262; x_wconf 67' lang='lat' dir='ltr'>Iit-lenensis</span> <span class='ocrx_word' id='word_1_389' title='bbox 1261 2228 1414 2263; x_wconf 86' lang='lat' dir='ltr'>Ecclesia.</span> 
     </span>
    </p>
   </div>
   <div class='ocr_carea' id='block_1_4' title="bbox 462 2277 2014 2717">
    <p class='ocr_par' dir='ltr' id='par_1_19' title="bbox 462 2277 2007 2419">
     <span class='ocr_line' id='line_1_41' title="bbox 462 2277 2007 2325; baseline 0.002 -13"><span class='ocrx_word' id='word_1_390' title='bbox 462 2278 646 2322; x_wconf 77' lang='lat' dir='ltr'>Rostaguus</span> <span class='ocrx_word' id='word_1_391' title='bbox 671 2277 929 2323; x_wconf 77' lang='lat' dir='ltr'>archiepiscopus</span> <span class='ocrx_word' id='word_1_392' title='bbox 960 2277 1155 2311; x_wconf 80' lang='lat' dir='ltr'>Arelatensis</span> <span class='ocrx_word' id='word_1_393' title='bbox 1178 2277 1297 2323; x_wconf 81' lang='lat' dir='ltr'>legatus</span> <span class='ocrx_word' id='word_1_394' title='bbox 1327 2277 1420 2311; x_wconf 68' lang='lat' dir='ltr'>Sedis</span> <span class='ocrx_word' id='word_1_395' title='bbox 1439 2278 1639 2325; x_wconf 86' lang='lat' dir='ltr'>Apostolicae</span> <span class='ocrx_word' id='word_1_396' title='bbox 1666 2279 1697 2313; x_wconf 93' lang='lat' dir='ltr'>in</span> <span class='ocrx_word' id='word_1_397' title='bbox 1720 2279 1841 2315; x_wconf 86' lang='lat' dir='ltr'>Galliae</span> <span class='ocrx_word' id='word_1_398' title='bbox 1864 2289 1895 2315; x_wconf 82' lang='lat' dir='ltr'>et</span> <span class='ocrx_word' id='word_1_399' title='bbox 1923 2279 2007 2315; x_wconf 85' lang='lat' dir='ltr'>Ger-</span> 
     </span>
     <span class='ocr_line' id='line_1_42' title="bbox 561 2325 2004 2376; baseline 0.003 -17"><span class='ocrx_word' id='word_1_400' title='bbox 561 2327 682 2360; x_wconf 80' lang='lat' dir='ltr'>maniae</span> <span class='ocrx_word' id='word_1_401' title='bbox 708 2326 849 2372; x_wconf 88' lang='lat' dir='ltr'>partibus</span> <span class='ocrx_word' id='word_1_402' title='bbox 875 2326 1052 2360; x_wconf 78' lang='lat' dir='ltr'>declaratur</span> <span class='ocrx_word' id='word_1_403' title='bbox 1079 2338 1093 2360; x_wconf 90' lang='grc'>3</span> <span class='ocrx_word' id='word_1_404' title='bbox 1118 2325 1234 2360; x_wconf 88' lang='lat' dir='ltr'>Ioanne</span> <span class='ocrx_word' id='word_1_405' title='bbox 1258 2326 1328 2359; x_wconf 90' lang='lat' dir='ltr'>VIII</span> <span class='ocrx_word' id='word_1_406' title='bbox 1356 2326 1438 2367; x_wconf 71' lang='lat' dir='ltr'>PP.,</span> <span class='ocrx_word' id='word_1_407' title='bbox 1470 2336 1500 2361; x_wconf 89' lang='lat' dir='ltr'>et</span> <span class='ocrx_word' id='word_1_408' title='bbox 1527 2328 1656 2375; x_wconf 89' lang='lat' dir='ltr'>pallium</span> <span class='ocrx_word' id='word_1_409' title='bbox 1685 2329 1799 2376; x_wconf 83' lang='lat' dir='ltr'>accipit</span> <span class='ocrx_word' id='word_1_410' title='bbox 1820 2329 1860 2364; x_wconf 88' lang='grc'>31)</span> <span class='ocrx_word' id='word_1_411' title='bbox 1892 2329 2004 2364; x_wconf 83' lang='lat' dir='ltr'>eodem</span> 
     </span>
     <span class='ocr_line' id='line_1_43' title="bbox 564 2375 1000 2419; baseline 0 -11"><span class='ocrx_word' id='word_1_412' title='bbox 564 2375 731 2415; x_wconf 75' lang='lat' dir='ltr'>Pontifice,</span> <span class='ocrx_word' id='word_1_413' title='bbox 754 2377 824 2409; x_wconf 66' lang='lat'>548</span> <span class='ocrx_word' id='word_1_414' title='bbox 846 2377 863 2409; x_wconf 97' lang='lat' dir='ltr'><strong><em>b</em></strong></span> <span class='ocrx_word' id='word_1_415' title='bbox 885 2383 915 2409; x_wconf 87' lang='lat' dir='ltr'>et</span> <span class='ocrx_word' id='word_1_416' title='bbox 940 2387 1000 2419; x_wconf 81' lang='lat' dir='ltr'>seq.</span> 
     </span>
    </p>

    <p class='ocr_par' dir='ltr' id='par_1_20' title="bbox 463 2423 2014 2667">
     <span class='ocr_line' id='line_1_44' title="bbox 463 2423 2010 2473; baseline 0.003 -15"><span class='ocrx_word' id='word_1_417' title='bbox 463 2423 641 2458; x_wconf 83' lang='lat' dir='ltr'>Rotbaldus</span> <span class='ocrx_word' id='word_1_418' title='bbox 673 2424 843 2471; x_wconf 88' lang='lat' dir='ltr'>episcopus</span> <span class='ocrx_word' id='word_1_419' title='bbox 872 2424 1110 2458; x_wconf 72' lang='lat' dir='ltr'>Svessionensis</span> <span class='ocrx_word' id='word_1_420' title='bbox 1143 2424 1210 2458; x_wconf 89' lang='lat' dir='ltr'>sine</span> <span class='ocrx_word' id='word_1_421' title='bbox 1237 2423 1438 2470; x_wconf 79' lang='lat' dir='ltr'>Apostolicae</span> <span class='ocrx_word' id='word_1_422' title='bbox 1466 2424 1559 2460; x_wconf 87' lang='lat' dir='ltr'>Sedis</span> <span class='ocrx_word' id='word_1_423' title='bbox 1583 2438 1715 2461; x_wconf 81' lang='lat' dir='ltr'>censura</span> <span class='ocrx_word' id='word_1_424' title='bbox 1738 2427 1906 2462; x_wconf 86' lang='lat' dir='ltr'>damnatus</span> <span class='ocrx_word' id='word_1_425' title='bbox 1935 2427 2010 2473; x_wconf 84' lang='lat' dir='ltr'>fuit,</span> 
     </span>
     <span class='ocr_line' id='line_1_45' title="bbox 566 2473 2011 2519; baseline 0.003 -13"><span class='ocrx_word' id='word_1_426' title='bbox 566 2475 637 2506; x_wconf 74' lang='lat'>5⁶24</span> <span class='ocrx_word' id='word_1_427' title='bbox 659 2485 679 2506; x_wconf 90' lang='grc' dir='ltr'><em>α</em></span> <span class='ocrx_word' id='word_1_428' title='bbox 700 2481 729 2506; x_wconf 87' lang='lat' dir='ltr'>et</span> <span class='ocrx_word' id='word_1_429' title='bbox 752 2475 779 2507; x_wconf 90' lang='lat' dir='ltr'>b.</span> <span class='ocrx_word' id='word_1_430' title='bbox 804 2473 969 2507; x_wconf 83' lang='lat' dir='ltr'>Irritantur</span> <span class='ocrx_word' id='word_1_431' title='bbox 991 2484 1025 2507; x_wconf 81' lang='lat' dir='ltr'>ea</span> <span class='ocrx_word' id='word_1_432' title='bbox 1054 2485 1135 2519; x_wconf 88' lang='lat' dir='ltr'>quae</span> <span class='ocrx_word' id='word_1_433' title='bbox 1157 2473 1196 2507; x_wconf 88' lang='lat' dir='ltr'>ab</span> <span class='ocrx_word' id='word_1_434' title='bbox 1218 2474 1377 2519; x_wconf 84' lang='lat' dir='ltr'>episcopis</span> <span class='ocrx_word' id='word_1_435' title='bbox 1404 2473 1525 2508; x_wconf 80' lang='lat' dir='ltr'>Galliae</span> <span class='ocrx_word' id='word_1_436' title='bbox 1553 2483 1660 2510; x_wconf 86' lang='lat' dir='ltr'>contra</span> <span class='ocrx_word' id='word_1_437' title='bbox 1689 2488 1760 2510; x_wconf 86' lang='lat' dir='ltr'>eum</span> <span class='ocrx_word' id='word_1_438' title='bbox 1784 2483 1850 2510; x_wconf 83' lang='lat' dir='ltr'>acta</span> <span class='ocrx_word' id='word_1_439' title='bbox 1877 2477 2011 2519; x_wconf 82' lang='lat' dir='ltr'>fuerant,</span> 
     </span>
     <span class='ocr_line' id='line_1_46' title="bbox 564 2521 2013 2572; baseline 0.003 -16"><span class='ocrx_word' id='word_1_440' title='bbox 564 2522 696 2568; x_wconf 69' lang='lat' dir='ltr'>elusque</span> <span class='ocrx_word' id='word_1_441' title='bbox 723 2521 865 2556; x_wconf 73' lang='lat' dir='ltr'>Ecclesia</span> <span class='ocrx_word' id='word_1_442' title='bbox 894 2521 1029 2568; x_wconf 76' lang='lat' dir='ltr'>pristino</span> <span class='ocrx_word' id='word_1_443' title='bbox 1055 2522 1163 2567; x_wconf 81' lang='lat' dir='ltr'>gradui</span> <span class='ocrx_word' id='word_1_444' title='bbox 1194 2522 1380 2562; x_wconf 71' lang='lat' dir='ltr'>restituitur,</span> <span class='ocrx_word' id='word_1_445' title='bbox 1401 2525 1470 2557; x_wconf 72' lang='lat'>525</span> <span class='ocrx_word' id='word_1_446' title='bbox 1494 2525 1521 2557; x_wconf 92' lang='lat' dir='ltr'>b.</span> <span class='ocrx_word' id='word_1_447' title='bbox 1544 2524 1727 2559; x_wconf 79' lang='lat' dir='ltr'>Absolvitur</span> <span class='ocrx_word' id='word_1_448' title='bbox 1748 2525 1919 2563; x_wconf 70' lang='lat' dir='ltr'>avinculis</span> <span class='ocrx_word' id='word_1_449' title='bbox 1938 2526 2013 2572; x_wconf 90' lang='lat' dir='ltr'>qui-</span> 
     </span>
     <span class='ocr_line' id='line_1_47' title="bbox 565 2570 2014 2620; baseline 0.003 -16"><span class='ocrx_word' id='word_1_450' title='bbox 565 2570 628 2605; x_wconf 88' lang='lat' dir='ltr'>bus</span> <span class='ocrx_word' id='word_1_451' title='bbox 649 2570 688 2604; x_wconf 90' lang='lat' dir='ltr'>ab</span> <span class='ocrx_word' id='word_1_452' title='bbox 710 2571 870 2617; x_wconf 72' lang='lat' dir='ltr'>episeopis</span> <span class='ocrx_word' id='word_1_453' title='bbox 904 2570 1026 2605; x_wconf 88' lang='lat' dir='ltr'>Galliae</span> <span class='ocrx_word' id='word_1_454' title='bbox 1062 2571 1159 2604; x_wconf 78' lang='lat' dir='ltr'>suerat</span> <span class='ocrx_word' id='word_1_455' title='bbox 1193 2572 1320 2605; x_wconf 67' lang='lat' dir='ltr'>vinctus</span> <span class='ocrx_word' id='word_1_456' title='bbox 1350 2583 1389 2605; x_wconf 89' lang='lat' dir='ltr'>ne</span> <span class='ocrx_word' id='word_1_457' title='bbox 1421 2571 1583 2607; x_wconf 80' lang='lat' dir='ltr'>Ecclesiae</span> <span class='ocrx_word' id='word_1_458' title='bbox 1612 2582 1771 2620; x_wconf 69' lang='lat' dir='ltr'>ptaeesset⁷</span> <span class='ocrx_word' id='word_1_459' title='bbox 1792 2575 1868 2609; x_wconf 66' lang='lat' dir='ltr'>ibid.</span> <span class='ocrx_word' id='word_1_460' title='bbox 1895 2574 1931 2608; x_wconf 92' lang='lat' dir='ltr'>Ei</span> <span class='ocrx_word' id='word_1_461' title='bbox 1954 2575 2014 2609; x_wconf 90' lang='lat' dir='ltr'>im-</span> 
     </span>
     <span class='ocr_line' id='line_1_48' title="bbox 566 2619 2013 2667; baseline 0.003 -14"><span class='ocrx_word' id='word_1_462' title='bbox 566 2620 698 2666; x_wconf 88' lang='lat' dir='ltr'>ponitur</span> <span class='ocrx_word' id='word_1_463' title='bbox 714 2627 746 2653; x_wconf 90' lang='lat' dir='ltr'>ut</span> <span class='ocrx_word' id='word_1_464' title='bbox 769 2620 808 2654; x_wconf 87' lang='lat' dir='ltr'>sit</span> <span class='ocrx_word' id='word_1_465' title='bbox 831 2627 958 2666; x_wconf 83' lang='lat' dir='ltr'>paratus</span> <span class='ocrx_word' id='word_1_466' title='bbox 980 2631 1084 2653; x_wconf 82' lang='lat' dir='ltr'>coram</span> <span class='ocrx_word' id='word_1_467' title='bbox 1108 2619 1192 2654; x_wconf 80' lang='lat' dir='ltr'>Scdc</span> <span class='ocrx_word' id='word_1_468' title='bbox 1214 2619 1398 2665; x_wconf 79' lang='lat' dir='ltr'>Apostolica</span> <span class='ocrx_word' id='word_1_469' title='bbox 1421 2633 1596 2667; x_wconf 71' lang='lat' dir='ltr'>expurgare</span> <span class='ocrx_word' id='word_1_470' title='bbox 1618 2634 1650 2656; x_wconf 87' lang='lat' dir='ltr'>se</span> <span class='ocrx_word' id='word_1_471' title='bbox 1669 2623 1707 2655; x_wconf 82' lang='lat' dir='ltr'>ah</span> <span class='ocrx_word' id='word_1_472' title='bbox 1726 2623 1869 2663; x_wconf 65' lang='lat' dir='ltr'>obiectis,</span> <span class='ocrx_word' id='word_1_473' title='bbox 1893 2625 1962 2657; x_wconf 74' lang='lat'>527</span> <span class='ocrx_word' id='word_1_474' title='bbox 1984 2626 2013 2658; x_wconf 93' lang='lat' dir='ltr'>b.</span> 
     </span>
    </p>

    <p class='ocr_par' dir='ltr' id='par_1_21' title="bbox 464 2667 2014 2717">
     <span class='ocr_line' id='line_1_49' title="bbox 464 2667 2014 2717; baseline 0.003 -14"><span class='ocrx_word' id='word_1_475' title='bbox 464 2667 621 2704; x_wconf 85' lang='lat' dir='ltr'>Rusticus</span> <span class='ocrx_word' id='word_1_476' title='bbox 653 2669 822 2716; x_wconf 86' lang='lat' dir='ltr'>episcopus</span> <span class='ocrx_word' id='word_1_477' title='bbox 848 2668 1065 2703; x_wconf 86' lang='lat' dir='ltr'>Narbonensis</span> <span class='ocrx_word' id='word_1_478' title='bbox 1103 2668 1289 2704; x_wconf 84' lang='lat' dir='ltr'>adhortatur</span> <span class='ocrx_word' id='word_1_479' title='bbox 1326 2681 1342 2704; x_wconf 90' lang='lat' dir='ltr'>a</span> <span class='ocrx_word' id='word_1_480' title='bbox 1374 2669 1481 2704; x_wconf 77' lang='lat' dir='ltr'>Leone</span> <span class='ocrx_word' id='word_1_481' title='bbox 1510 2670 1626 2717; x_wconf 71' lang='lat' dir='ltr'>Magno</span> <span class='ocrx_word' id='word_1_482' title='bbox 1655 2670 1720 2706; x_wconf 87' lang='lat' dir='ltr'>PP.</span> <span class='ocrx_word' id='word_1_483' title='bbox 1761 2684 1801 2706; x_wconf 90' lang='lat' dir='ltr'>ne</span> <span class='ocrx_word' id='word_1_484' title='bbox 1837 2672 2014 2708; x_wconf 86' lang='lat' dir='ltr'>Ecclesiam</span> 
     </span>
    </p>
   </div>
  </div>
 </body>
</html>
