2237 3127
825 305 923 326 ΗΜΛ(
948 302 1055 325 itt-:nmt
1594 288 1665 320 695

170 359 284 403 Sylvao
308 361 470 394 tiandidae
497 359 638 394 Ecclesia
667 359 901 392 concessionem
931 371 985 391 seu
1023 356 1293 391 confirmationem
1320 353 1477 388 bonorum
1505 353 1647 388 omnium
1675 353 1712 388 ad

270 421 304 444 se
328 410 552 456 pertinentium
576 409 696 443 obtinet
718 420 732 441 a
761 408 873 453 Sergio
896 407 936 440 lll
961 407 1036 446 PR,
1058 405 1175 452 quibus
1198 406 1270 443 vitu,
1300 406 1540 450 molestiamque
1558 402 1655 436 ullam
1675 403 1714 437 ir-

270 470 381 504 rogare
407 458 466 492 sub
485 457 692 493 anathematis
711 469 810 503 poena
838 457 954 502 cuique
984 454 1203 494 interdicitur,
1240 455 1309 488 579
1342 455 1359 487 b
1393 460 1423 487 et
1448 465 1508 497 seq.
1536 452 1562 485 Α
1598 451 1713 486 Ioanne

269 507 384 542 deinde
405 507 483 541 XIX
506 506 569 540 ΡΡ.
594 505 791 552 privilegium
815 505 947 543 oluiuet,
963 516 1026 550 quo
1041 503 1109 538 eius
1131 503 1212 537 bona
1234 502 1472 541 confirmantur,
1495 502 1625 547 eiusque
1651 502 1715 547 epi-

270 556 376 602 scopis
410 555 568 602 perampla
592 557 621 588 in
645 555 774 589 ecclesia
802 554 835 587 S.
870 554 954 587 Petri
992 553 1111 586 Romae
1146 560 1177 585 et
1212 551 1336 586 civitate
1372 550 1511 584 Leonina
1540 549 1714 583 iurisdictio

268 605 466 649 conceditur,
488 606 558 638 535
585 617 604 637 a
631 612 659 637 et
682 616 740 647 seq.
766 604 791 636 Α
821 602 995 636 ΒμιιυιΙίςῑο
1023 601 1068 635 lx
1091 600 1152 634 PR
1177 600 1336 646 episcopis
1371 612 1441 633 etus
1469 599 1656 633 conceditur
1682 599 1712 632 in

269 654 440 700 hospitium
469 653 600 687 ecclesia
620 653 652 686 S.
677 652 841 685 Benedicti
865 651 997 690 Romae,
1021 652 1089 684 557
1113 652 1140 683 b.
1163 649 1313 695 Episcopi
1348 650 1416 682 eius
1442 648 1642 682 declarantur
1674 648 1714 682 al)

269 703 380 738 eodem
404 702 557 736 Pontifice
579 702 723 748 perpetui
749 700 842 734 Sedis
864 699 1064 746 Apostolicae
1087 697 1330 738 bibliothecarii,
1355 699 1424 731 560
1447 709 1477 731 α.

923 811 964 850 Τ

170 899 300 935 Teatina
327 898 468 933 Ecclesia
496 897 656 945 privilegia
676 897 828 933 nonnulla
856 897 974 931 obtinet
1002 909 1016 931 a
1044 896 1174 931 Nicolao
1200 896 1227 930 Il
1250 895 1326 938 PR,
1354 899 1424 930 655
1451 908 1470 929 α
1492 902 1602 941 etseq.

171 948 331 983 Tlialassia
353 948 509 982 abbatissa
531 947 565 981 S.
589 947 705 981 Mariae
727 946 1027 989 augustodunensis
1051 946 1212 992 privilegia
1235 953 1264 980 et
1292 945 1509 991 exemptiones
1544 943 1714 978 nonnullas

271 997 395 1032 obtinet
415 1009 431 1030 a
453 996 606 1042 Gregorio
628 996 641 1030 I
662 996 738 1036 ΡΡ.,
768 998 833 1029 174
861 1009 878 1029 α
902 1004 931 1029 et
957 1009 1016 1040 seq.

170 1046 391 1081 Theodoricus
412 1046 581 1092 episcopus
602 1045 753 1079 Meteusis
781 1045 1008 1079 monasterium
1036 1044 1070 1078 S.
1099 1042 1255 1078 Vincentii
1279 1042 1404 1082 fundat,
1428 1044 1499 1075 425
1526 1043 1543 1075 b
1570 1049 1599 1075 et
1620 1053 1680 1086 seq.

171 1095 361 1178 Thffi‘ffissus
392 1095 563 1177 epgiscopus
598 1093 828 1129 Pharanitanus
864 1106 946 1128 unus
970 1106 1021 1128 vex
1052 1092 1268 1127 Monothelitis
1294 1092 1460 1127 damnatur
1494 1103 1509 1125 a
1543 1090 1677 1125 Martino
1705 1089 1715 1123 I

327 1171 347 1183 .‚
377 1146 420 1177 18
467 1156 488 1178 α
514 1150 545 1177 et
565 1155 626 1188 seq.

172 1192 393 1228 Theodoricus
419 1192 516 1227 abbas
537 1191 735 1226 Stabulensis
753 1191 1023 1226 confirmationem
1051 1190 1256 1225 donationum
1277 1189 1467 1224 monasterio
1489 1188 1556 1222 eius
1578 1200 1593 1222 a
1617 1188 1715 1235 prima

273 1254 329 1277 sua
356 1241 542 1276 fundatione
563 1241 714 1275 factarum
739 1241 858 1275 obtinet
881 1253 895 1274 3
920 1241 1024 1275 Leone
1043 1239 1088 1274 lx
1109 1239 1185 1283 PR,
1203 1241 1273 1273 586
1296 1241 1313 1273 b
1335 1247 1364 1272 et
1386 1252 1444 1284 seq.

172 1291 465 1326 Thessalonicensis·
486 1291 656 1337 episcopus
678 1297 850 1338 perpetuus
876 1288 969 1324 Sedis
996 1288 1196 1336 Apostolicae
1218 1288 1350 1323 vicarius
1367 1288 1542 1322 declaratur
1568 1299 1584 1321 a
1610 1286 1717 1321 Leone

271 1340 387 1386 Magno
409 1339 487 1383 ΡΡ.,
511 1341 556 1374 50
579 1341 605 1373 b.

172 1389 302 1425 Theuzo
324 1389 420 1425 abbas
440 1389 619 1423 Amiatinus
641 1387 874 1434 exemptionem
898 1387 936 1421 ab
958 1387 1043 1421 omni
1066 1385 1277 1421 ecclesiastica
1299 1386 1345 1420 vel
1368 1384 1518 1420 saeculari
1548 1392 1713 1431 potestate,

272 1451 330 1473 nec
354 1450 414 1472 non
447 1437 718 1472 confirmationem
755 1437 908 1471 bonorum
931 1449 967 1471 ac
998 1435 1232 1482 privilegiorum
1265 1434 1386 1469 obtinet
1407 1446 1423 1468 3
1446 1434 1552 1469 Leone
1574 1433 1619 1467 IX
1642 1434 1717 1478 PR,

276 1489 347 1522 670
369 1500 388 1521 a
410 1495 439 1521 et
460 1499 520 1532 seq.
1293 1497 1299 1502 ·

175 1537 318 1572 Thomas
335 1535 433 1571 abbas
454 1535 613 1570 Farfensis
640 1534 912 1569 confirmationem
935 1534 1091 1568 bonorum
1114 1532 1305 1567 monasterio
1326 1544 1383 1567 suo
1405 1544 1421 1566 a
1444 1531 1525 1566 duce
1545 1531 1718 1578 Spoletano

277 1585 461 1621 collatorum
485 1584 605 1619 obtinet
627 1596 643 1619 a
665 1584 780 1619 Ioanne
803 1583 844 1617 vl
868 1583 944 1626 PR,
973 1585 1045 1616 0215
1067 1584 1084 1616 b
1111 1591 1140 1617 et
1167 1594 1227 1626 seq.

176 1635 324 1671 Tollense
359 1634 583 1669 monasterium
612 1633 670 1668 sub
692 1633 892 1681 Apostolicae
920 1632 1014 1667 Sedis
1048 1631 1243 1679 protectione
1272 1629 1421 1677 recipitur
1442 1641 1457 1664 a
1483 1629 1647 1676 Stephano
1674 1629 1717 1663 IX

274 1684 351 1728 PR,
381 1685 445 1717 641
478 1685 495 1717 b
517 1691 546 1724 et
572 1696 631 1728 seq.

176 1733 332 1769 Tolosana
366 1732 506 1767 Ecclesia
533 1730 807 1767 confirmationem
835 1730 1069 1778 privilegiorum
1093 1737 1123 1764 et
1149 1727 1346 1775 metropolici
1373 1728 1421 1762 sui
1445 1727 1522 1765 iuris
1548 1727 1669 1762 obtinet
1703 1739 1719 1762 a

276 1782 394 1817 Ioanne
420 1781 465 1816 XI
488 1781 564 1821 PR,
589 1784 658 1816 ’586
686 1782 703 1814 b
730 1789 761 1815 et
782 1793 841 1825 seq.

177 1832 353 1868 Translatio
379 1830 522 1877 episcopi
544 1830 583 1865 ab
602 1842 662 1865 una
685 1829 723 1864 ad
746 1830 837 1864 aliam
865 1828 1039 1863 Ecclesiam
1067 1827 1185 1875 quibus
1212 1826 1251 1861 de
1278 1826 1382 1862 causis
1407 1826 1446 1861 sit
1472 1825 1627 1870 facienda,
1651 1827 1720 1860 576

276 1894 296 1916 a
317 1888 347 1915 et
372 1892 433 1925 seq.

177 1930 375 1977 Trasulphus
400 1928 496 1963 abbas
522 1927 727 1963 Corbeiensis
749 1926 1020 1962 confirmationem
1048 1925 1285 1973 privilegiorum
1322 1923 1502 1959 monasterii
1525 1924 1573 1959 sui
1601 1923 1721 1958 obtinet

280 1992 295 2014 3
318 1978 448 2014 Nicolao
470 1977 480 2011 l
501 1977 577 2022 ΡΡ.7
606 1979 676 2011 512
703 1979 720 2011 b
746 1985 776 2011 et
802 1989 861 2021 seq.

178 2028 407 2064 Trenorciense
428 2027 652 2062 monasterium
675 2026 946 2061 confirmationem
964 2023 1199 2070 privilegiorum
1224 2022 1270 2057 vel
1293 2022 1464 2067 regiorum,
1487 2022 1535 2057 vel
1557 2022 1723 2069 episcopa-

278 2078 355 2112 lium
375 2077 402 2111 ei
425 2088 660 2119 concessorum,
687 2088 722 2110 ac
746 2075 876 2121 insuper
893 2073 1137 2108 declarationem
1167 2080 1199 2106 ut
1217 2072 1349 2106 liberum
1364 2072 1403 2105 sit
1418 2071 1456 2106 ab
1468 2072 1554 2106 omni
1570 2071 1722 2106 saeculari

278 2127 327 2162 vel
349 2126 559 2161 ecclesiastica
582 2124 798 2159 iurisdictione
820 2123 941 2159 obtinet
963 2135 977 2156 a
1006 2122 1122 2156 Ioanne
1145 2121 1217 2155 VIII
1238 2121 1314 2161 PR,
1338 2123 1409 2155 558
1436 2134 1455 2154 a
1473 2129 1503 2155 et
1528 2134 1587 2166 seq.
1611 2120 1660 2154 Ab
1675 2133 1725 2154 eo-

280 2176 350 2211 dem
375 2175 491 2210 deinde
518 2173 671 2209 pontifice
693 2173 964 2209 confirmationem
993 2183 1121 2217 quoque
1137 2170 1257 2205 obtinet
1276 2170 1373 2205 cellae
1394 2169 1512 2204 Godith
1527 2182 1542 2204 3
1559 2169 1725 2204 Desiderio

279 2224 560 2271 Longobardorum
585 2235 657 2269 rege
679 2223 706 2257 ei
730 2223 876 2265 donatae,
905 2225 974 2255 545
1002 2223 1019 2255 b
1041 2229 1071 2254 et
1091 2232 1151 2264 seq.

181 2274 378 2310 Trevirensis
399 2273 540 2307 Ecclesia
562 2280 595 2307 ut
621 2280 740 2307 vetusta
759 2279 789 2306 et
811 2271 969 2305 excellens
995 2269 1139 2304 laudatur
1165 2280 1181 2303 a
1203 2267 1319 2303 Ioanne
1334 2267 1410 2302 XIII
1433 2267 1509 2307 PR,
1534 2270 1603 2302 419
1627 2269 1655 2301 b.
1679 2267 1727 2301 Ab

283 2323 395 2364 eodem
418 2322 572 2356 Pontifice
594 2321 862 2356 confirmationem
886 2319 1006 2354 obtinet
1040 2317 1274 2365 privilegiorum
1303 2329 1432 2352 suorum
1449 2344 1456 2356 ,
1485 2319 1556 2352 420
1583 2330 1613 2351 a.
1648 2316 1725 2351 Eius

281 2371 511 2418 archiepiscopi
541 2370 659 2406 Galliae
686 2370 939 2415 Germaniaeque
962 2369 1108 2414 primates
1121 2367 1333 2408 declarantur,
1348 2368 1423 2400 ibid.
1446 2368 1474 2400 b.
1498 2366 1626 2400 Eisdem
1650 2378 1728 2400 con-

282 2422 404 2457 ceditur
426 2420 566 2455 Ecclesia
589 2419 638 2454 Ss.
663 2419 805 2462 Quatuor
828 2418 1057 2453 Coronatorum
1080 2416 1120 2451 de
1144 2415 1220 2450 urbe
1242 2428 1257 2450 a
1284 2416 1457 2450 Benedicto
1480 2415 1534 2449 Vll
1558 2415 1635 2458 PR,
1658 2418 1727 2449 459

283 2472 301 2506 b
327 2479 356 2505 et
377 2483 436 2515 seq.

185 2519 364 2555 Tricassina
389 2518 529 2566 synodus
551 2518 655 2553 habita
678 2529 760 2552 auno
788 2527 1000 2551 ncchxxvlit
1022 2515 1082 2549 sub
1100 2514 1216 2549 Ioanne
1237 2512 1309 2548 VIII
1330 2512 1395 2547 ΡΡ.
1418 2512 1576 2559 quaelibet
1599 2512 1730 2556 inutilia,

285 2577 315 2604 et
334 2569 468 2616 plurima
491 2567 650 2615 quaelibet
672 2566 793 2601 inutilia
818 2573 948 2609 resecat,
976 2572 1007 2599 et
1028 2563 1164 2611 plurima
1185 2562 1360 2598 necessaria
1382 2562 1489 2597 statuit
1519 2562 1731 2597 ecclesiastica

286 2618 365 2659 iura,
389 2620 459 2652 546
486 2630 506 2652 α
532 2625 563 2652 et
585 2619 613 2656 b,
636 2628 694 2651 nec
717 2627 779 2650 nou
806 2627 867 2660 seq.

188 2667 298 2702 Trium
318 2667 533 2702 Taberuarum
556 2665 698 2700 Ecclesia
721 2664 900 2699 Veletrinae
923 2662 1031 2697 unitur
1051 2674 1068 2697 a
1090 2660 1243 2708 Gregorio
1264 2660 1278 2695 l
1300 2659 1377 2699 PR,
1402 2663 1466 2695 161
1493 2673 1524 2695 a.

188 2717 361 2753 Tlieuderii
382 2715 439 2763 (S.)
461 2715 642 2752 viennense
677 2713 903 2749 monasterium
931 2711 1132 2760 privilegium
1155 2710 1276 2746 obtinet
1297 2722 1314 2745 a
1335 2709 1490 2745 Formoso
1506 2709 1549 2744 ΙΙΙ
1569 2709 1648 2752 ΡΡ.,
1669 2721 1734 2759 quo
