2237 3127
44 391 95 420 An.
111 391 140 418 C.
158 388 225 418 ¹032

42 461 104 489 Bago
110 458 225 482 Antis-i·-

83 495 183 518 dorensis

73 531 194 555 absolvitur

35 2322 161 2347 Exordium

865 387 1005 409 mames

235 438 339 475 'rensi
368 440 517 487 praesuli,
539 439 607 475 Deo
629 447 660 475 et
686 440 777 474 nobis
799 453 855 475 sua
881 451 1006 487 peecata

255 490 435 531 confitenti,
470 502 602 536 seseque
629 490 817 536 culpabilem
847 491 1006 535 reddenti,

256 539 430 587 plenariam
458 552 475 574 a
501 540 569 574 Deo
597 539 767 585 pollicente
792 540 1006 586 promittimus

255 589 407 636 consequi
437 588 652 634 indulgentiae
680 589 802 623 veniam
830 590 1005 624 secumlmn

256 639 461 685 sponsionem
484 637 638 676 eiusdem,
655 649 714 683 qua
738 637 828 672 dixit:
845 639 913 672 Non
935 640 1003 673 veni

256 700 368 722 vocare
391 687 491 721 iustos
511 686 566 721 sed
587 694 766 731 peccatores
783 688 818 721 ad
845 689 1007 734 poeniten—

255 737 343 771 tiam.
371 736 509 782 ideoque
532 735 623 769 nobis
645 735 736 769 debet
765 737 844 770 ellici
874 738 1005 771 carissi—

256 798 341 820 mus:
358 785 437 827 Quia
461 784 518 818 Dei
542 785 654 818 timore
677 794 852 831 correptusa
875 795 1005 832 apparet

254 835 462 874 humillimus,
485 840 515 868 et
536 833 609 880 quia
637 834 667 867 in
696 834 809 869 talibus
832 836 1004 882 requiescit

254 884 341 919 Deus
360 885 417 927 (1).

597 1000 666 1035 vlt.

251 1074 447 1107 Cluniacensi
478 1074 665 1107 monasterio
692 1074 873 1107 donaciones
897 1085 1004 1117 repom

300 1129 327 1156 et
355 1124 556 1167 principum,
590 1124 728 1167 bonaque
758 1127 861 1156 onmia
891 1124 1003 1168 confir-

297 1180 439 1206 mantur:
463 1179 489 1205 ec
512 1173 691 1205 omnimoda
718 1173 893 1205 cont-Militi·
915 1173 1004 1205 liber-

296 1229 341 1255 tas
372 1223 404 1254 in
435 1223 582 1266 reyime'ne
614 1223 813 1264 monasterii,
842 1233 1001 1255 saci-orum

295 1271 440 1304 ordinum
468 1271 671 1315 susceptione,
700 1283 736 1304 oc
762 1272 943 1316 praesertim
969 1272 1002 1303 rin

298 1322 417 1355 abbatis
439 1321 577 1354 electione
601 1321 662 1363 (2).

512 1389 727 1420 SUMMARIUM

245 1452 413 1483 Exordium.
437 1469 477 1475 -—
497 1451 630 1482 Odilonis
652 1452 766 1482 abbatis
789 1452 938 1482 instantia.
962 1469 1002 1474 —

285 1493 459 1523 Donationes
489 1501 606 1528 omnes,
635 1502 668 1521 ac
695 1492 769 1521 bona
793 1492 1000 1530 quoquomodo

285 1533 321 1563 ad
340 1537 466 1562 monast.
487 1532 647 1570 spectantia
668 1532 762 1561 eidem
780 1532 999 1560 confirmantur.

286 1590 326 1595 —
342 1571 515 1603 Omnimoda
535 1572 706 1601 conceditur
723 1572 867 1610 exemptio
886 1571 921 1600 ab
938 1572 1001 1610 epi—

284 1612 394 1650 scopali
422 1611 683 1647 subordinatione,
706 1611 793 1640 etiam
828 1611 924 1650 quoad
947 1620 998 1640 or—

287 1652 387 1682 dinum
413 1652 650 1690 susceptionem:
679 1656 707 1680 et
732 1651 767 1679 ab
787 1650 909 1680 incursu
932 1660 1000 1680 cen-

284 1701 431 1727 surarum,
454 1690 647 1730 quamvis,al)
671 1691 808 1729 episcopo
828 1691 998 1729 positarum.

283 1749 322 1753 —
339 1731 421 1767 Quod
442 1732 467 1760 si
486 1731 553 1770 quis
576 1731 727 1770 querelam
749 1730 895 1767 habuerit,
919 1731 998 1762 iudi-

284 1772 362 1801 cium
392 1771 471 1801 sedis
500 1775 592 1810 apost.
624 1779 766 1809 quaerere
790 1775 932 1800 teneatur.
961 1788 1000 1792 —

283 1811 346 1840 Alia
363 1811 525 1850 privilegia.
543 1827 583 1832 —
599 1810 698 1840 Abbas
716 1821 731 1839 a
755 1810 826 1840 solis
846 1810 997 1839 monachis

283 1851 416 1888 eligatur.
435 1867 475 1872 —
491 1851 514 1880 A
536 1860 593 1889 quo
614 1850 751 1879 maluerit
773 1850 912 1889 episcopo
929 1859 999 1879 con-

284 1891 456 1920 secrandus.
480 1907 520 1913 ——-
540 1890 738 1920 Confirmatur
756 1890 895 1929 diploma.

245 1956 356 1985 loannes
376 1956 516 1992 episcopus
535 1963 630 1985 servus
650 1963 790 1984 servorum
808 1956 864 1988 Dei,
878 1956 998 1984 dilectis-

289 2002 357 2029 simo
375 2001 431 2029 filio
450 2001 552 2029 odiloni
572 2002 664 2029 abbati
683 2001 855 2033 monasterii,
877 2001 944 2037 quod
959 2001 998 2028 di·

288 2046 360 2074 citur
379 2045 544 2078 cluniacum,
562 2047 589 2074 in
608 2046 708 2074 honore
728 2046 868 2074 beatorum
889 2047 997 2080 aposto-

289 2092 377 2119 lorum
392 2091 464 2119 Petri
483 2092 511 2119 et
529 2091 603 2119 Pauli
623 2092 819 2123 consecratum,
831 2091 858 2118 in
870 2091 999 2118 coi-litata

290 2136 479 2164 matisconensi
503 2136 596 2169 situm,
629 2137 657 2164 et
682 2143 730 2171 pro
755 2137 783 2163 te
805 2136 909 2163 cunctis
940 2142 998 2163 suc-

289 2180 441 2209 cessoribus
457 2181 513 2209 tuis
532 2181 676 2209 abbatibus
694 2181 722 2208 in
739 2182 909 2216 perpetuum.

297 2242 378 2278 Cum
402 2243 542 2278 omnium
567 2243 706 2278 fidelium
738 2242 942 2289 petitionibus
969 2250 1000 2276 et

248 2292 491 2327 necessitatibus
524 2293 691 2327 subvenire
724 2292 837 2327 debeat
870 2300 998 2339 aposto-

250 2342 328 2376 licae
357 2342 517 2376 charitatis
543 2343 658 2389 gratia,
686 2342 784 2376 multo
820 2343 920 2388 magis
953 2342 1000 2375 Ιιι5

248 2400 295 2426 est
319 2391 526 2438 impertienda
550 2391 619 2426 eius
648 2391 791 2426 beneficii
820 2391 999 2434 clementia,

284 2461 322 2497 (l)
339 2461 559 2496 DeliacHugonis
576 2462 741 2489 absolutione
753 2463 911 2489 mentionem
923 2462 1000 2488 ullam

249 2509 301 2528 non
318 2502 427 2536 legimus
442 2510 523 2537 penes
548 2503 645 2528 Rerum
662 2502 819 2528 Gallicarum
846 2503 998 2537 scriptores.

249 2542 355 2569 Gabriel
372 2550 436 2569 vero
456 2542 606 2568 Cossartius
632 2542 728 2568 idcirco
749 2542 884 2576 llugonem
910 2550 922 2567 a
951 2542 999 2568 ΡΙ).

249 2582 351 2609 absolvi
368 2582 484 2609 voluisse
500 2582 574 2613 dicit,
594 2584 656 2614 qnia
673 2590 732 2607 cuin
752 2585 774 2606 (Ἰ
795 2585 929 2614 wis-copus
947 2584 1002 2607 ,ln-

252 2624 349 2648 lt'ssiod.
367 2625 391 2648 et
409 2621 501 2647 Comes
516 2623 686 2647 cabilonensis
708 2625 780 2653 esset,
799 2623 863 2647 (ιιἸΙιι
882 2630 1000 2653 sust-epe-

251 2666 296 2688 rat
311 2661 520 2694 consec-eratque,
537 2669 568 2686 em
580 2670 629 2693 quo
646 2664 776 2693 episeopus
793 2664 934 2687 ordinatas
945 2662 1001 2695 siw-

251 2706 306 2729 ral.
318 2702 430 2728 Deanno
441 2709 473 2728 ne
485 2701 595 2727 verbum
607 2702 713 2736 quidem
725 2702 883 2728 invenimus.
916 2703 954 2737 (2)
965 2702 1001 2727 Ex

254 2742 324 2768 notis
343 2741 466 2768 Andreae
482 2741 625 2768 Duchesnii
636 2740 668 2768 ad
685 2741 808 2769 Bibliotli.
822 2742 938 2769 Cluniae.
950 2742 1000 2768 col.

1681 378 1751 411 549

1048 463 1126 496 quos
1149 449 1352 496 singulariter
1376 450 1539 498 proprios,
1561 458 1592 485 et
1618 451 1800 498 specialiter

1049 500 1129 532 lilios
1160 512 1194 533 se
1227 500 1342 545 gaudet
1378 501 1493 534 babere
1526 510 1632 535 sancta
1668 513 1796 536 romana

1048 549 1189 583 Ecclesia
1216 557 1331 589 mater,
1359 559 1388 584 (t
1416 563 1490 584 sna«
1521 550 1661 584 utilitatis
1683 551 1798 597 gratia,

1046 606 1076 632 et
1094 598 1245 644 pra‹·ce=(l‹
1239 599 1348 632 ιιιιιιιιι
1366 600 1494 633 Patroni
1511 600 1695 634 auctoritate
1714 612 1740 643 eg
1733 612 1800 641 rte-

1046 647 1110 691 gia·
1145 660 1280 693 quorum
1315 649 1408 682 ιιιιιιιι
1444 648 1610 682 ι]ι5ιι]ιι·ιιι5·
1653 656 1682 683 tt
1721 650 1799 683 totis

1046 709 1082 729 eo
1106 696 1229 742 plenius
1254 710 1361 742 parem
1384 697 1422 731 ιιι
1428 698 1476 731 bet
1501 698 1696 732 auctoritatis
1719 711 1799 745 apo-

1046 745 1172 780 stolicae
1204 746 1395 785 sublimitas,
1430 760 1489 792 qna
1525 748 1641 781 certius
1676 756 1799 782 constat

1046 807 1099 828 eos
1122 808 1184 829 non
1213 795 1270 829 nisi
1296 796 1344 829 illa
1367 796 1546 829 desiderare
1574 805 1604 831 et
1633 806 1794 842 expetere,

1045 856 1124 890 quae
1146 844 1269 878 suntad
1295 845 1488 879 honestatem
1510 854 1635 880 sauctae
1659 847 1796 892 pietatis,

1045 901 1075 927 et
1098 893 1261 927 utilitatem
1285 906 1374 928 verae
1395 895 1564 940 religionis
1600 895 1637 929 Et
1671 896 1795 942 quoties

1046 942 1076 976 in
1110 955 1184 977 suae
1217 944 1411 977 necessitatis
1446 944 1623 978 commodis
1651 953 1795 979 nostrum

1044 1003 1219 1035 assensum,
1251 1000 1281 1025 et
1308 992 1418 1027 solitae
1441 993 1631 1039 apostolicae
1654 995 1795 1028 auctori-

1045 1041 1115 1075 tatis
1136 1042 1314 1075 studuerint
1338 1041 1500 1076 humiliter
1524 1043 1684 1089 requirere
1709 1055 1796 1089 prae-

1044 1090 1172 1131 sidium,
1192 1091 1493 1136 ultrobenignitatis
1517 1092 1630 1126 intuitu
1647 1105 1704 1127 nos
1724 1105 1798 1127 con-

1045 1140 1128 1173 venit
1154 1140 1334 1180 subvenire,
1357 1150 1387 1174 et
1410 1141 1467 1175 rite
1490 1154 1546 1188 pro
1567 1142 1685 1187 integra
1709 1154 1799 1176 secu-

1044 1189 1132 1223 ritate
1159 1189 1306 1229 solidare,
1336 1198 1367 1224 ut
1399 1202 1436 1224 ex
1463 1191 1522 1225 lioc
1550 1191 1641 1225 nobis
1671 1204 1798 1238 quoque

1045 1239 1242 1284 potissimum
1274 1239 1449 1285 praemium
1479 1252 1496 1274 a
1524 1240 1688 1275 conditore
1724 1253 1796 1275 om-

1044 1288 1129 1321 nium
1154 1289 1219 1324 Deo
1248 1289 1276 1321 ιιι
1301 1288 1432 1323 sidereis
1460 1289 1588 1324 arcibus
1609 1291 1795 1324 contribua-

1044 1344 1101 1370 tur.
1126 1337 1163 1371 Et
1187 1337 1256 1371 ideo
1279 1339 1349 1384 quia
1374 1338 1556 1384 postulastis
1583 1352 1599 1373 a
1628 1339 1732 1378 nobis,
1762 1347 1794 1374 ut

1044 1387 1215 1432 praefatum
1235 1387 1460 1421 monasterium
1477 1389 1667 1434 apostolicae
1682 1398 1797 1423 aucto-

1043 1443 1141 1469 ritatis
1168 1448 1249 1470 serie.
1283 1448 1501 1477 muniremus,
1530 1445 1559 1471 et
1587 1450 1691 1472 omnia
1725 1450 1796 1473 etus

1042 1485 1229 1530 pertinentia
1261 1486 1389 1531 perenni
1421 1486 1488 1519 iure
1516 1486 1633 1520 ibidem
1662 1487 1798 1522 inviola-

1043 1534 1146 1567 biliter
1160 1534 1374 1580 permanendo
1390 1535 1662 1576 continuaremus,
1680 1545 1708 1571 et
1724 1537 1796 1571 abs-

1041 1595 1102 1629 que
1129 1584 1214 1617 omni
1241 1584 1312 1629 iugo
1335 1596 1388 1618 seu
1414 1585 1534 1619 ditione
1562 1586 1797 1633 cuiuscumque

1042 1645 1193 1678 personae
1215 1633 1418 1668 constabilire
1442 1635 1538 1668 nostri
1565 1636 1718 1690 privilegii
1744 1649 1798 1682 pa-

1040 1694 1111 1727 gina
1142 1682 1359 1717 studeiemus:
1402 1691 1568 1730 propteiea
1598 1685 1661 1719 tuis
1694 1685 1794 1720 ssexus

1040 1709 1188 1786 ῑιιιςιιιιω
1210 1732 1251 1766 ob
1273 1733 1484 1767 inteiventum
1507 1734 1625 1768 domini
1651 1735 1794 1769 invittis-

1040 1781 1110 1815 simi
1129 1789 1158 1815 et
1176 1782 1215 1828 pii
1232 1781 1370 1816 Enrici..
1380 1809 1402 1815 ..
1424 1782 1623 1828 impetNJatoiis
1639 1783 1711 1829 lug
1694 1784 1796 1827 gusti,

1040 1830 1171 1877 οιιι5ιῑιμκ
1195 1832 1523 1871 ieiii‹tlitiiuaiii1n;,ie
1542 1846 1596 1877 per
1619 1833 1714 1868 liuius
1737 1846 1791 1867 no-

1040 1888 1121 1914 strae
1157 1881 1350 1914 auctoritatis
1384 1881 1586 1927 privilegium
1617 1891 1793 1917 statuentes

1040 1928 1252 1972 decernimus,
1273 1937 1308 1964 ut
1329 1938 1441 1965 cuncta
1461 1931 1526 1965 loca
1547 1941 1577 1966 et
1601 1933 1792 1967 monasteria

1040 1978 1076 2011 ad
1098 1991 1142 2025 pi
1135 1978 1290 2013 aedictum
1306 1980 1399 2013 Clnn.
1423 1980 1613 2015 coenobium
1637 1981 1792 2028 peitinen-

1041 2028 1098 2071 tia
1127 2040 1207 2074 qum
1234 2028 1272 2062 ib
1302 2029 1505 2083 aliquibuSi
1488 2030 1680 2065 fidelissimis
1707 2031 1795 2066 cliii-

1040 2055 1148 2111 stiiinis
1181 2090 1229 2121 reg¹
1215 2078 1324 2119 ibus‚
1360 2079 1531 2125 ιιιι5οομι5
1556 2080 1709 2120 ducibus
1738 2094 1794 2116 seu

1043 2107 1237 2172 principibiis
1259 2127 1362 2161 eidtm
1387 2129 1454 2162 leto
1484 2136 1559 2163 sunt
1580 2142 1742 2174 concessa
1765 2139 1795 2165 et

1040 2176 1078 2209 ab
1094 2177 1344 2211 antecessoribus
1367 2178 1427 2211 tuis
1441 2177 1605 2214 abbatibus
1627 2179 1792 2226 adquisita,

1039 2226 1186 2259 Bernone
1215 2226 1380 2270 videlicet,
1408 2227 1540 2267 Odone,
1563 2228 1740 2275 Eyniai'do,
1763 2238 1794 2264 et

1042 2275 1147 2309 beatae
1179 2275 1402 2310 recordationis
1430 2285 1537 2312 sancto
1566 2278 1679 2312 Maiolo
1704 2291 1795 2324 prac-

1041 2324 1206 2358 decessore
1235 2333 1302 2366 tuo
1334 2325 1380 2359 tel
1407 2338 1627 2373 quaecumque
1649 2327 1686 2361 atl
1704 2341 1795 2362 emn-

1041 2374 1110 2407 dem
1147 2374 1249 2408 locum
1285 2375 1441 2420 pertinere
1477 2376 1642 2420 vidtntui,
1674 2377 1793 2424 absque

1042 2423 1136 2457 ullius
1165 2425 1410 2458 contradictione
1432 2437 1503 2459 cum
1535 2438 1643 2472 magna
1671 2428 1795 2461 stem-i-

1041 2480 1102 2506 tite
1129 2473 1256 2519 quietus
1283 2473 1398 2508 debeas
1432 2474 1605 2520 possidete,
1633 2484 1663 2510 et
1686 2489 1741 2522 pei
1763 2485 1791 2511 te

1044 2522 1176 2556 iiiiivwisi
1213 2535 1412 2557 succissoies
1449 2525 1490 2557 tui
1527 2524 1556 2558 in
1592 2533 1790 2571 perpetuum.

1043 2570 1170 2605 Necnon
1195 2572 1254 2605 sub
1276 2572 1370 2606 (Ιιιιιιι
1399 2572 1506 2607 iudicii
1537 2575 1791 2621 promulgatione

1042 2628 1070 2654 et
1099 2621 1347 2662 υοιιιιιιιιιιιιοιιι,
1376 2630 1404 2655 et
1427 2623 1633 2657 anathematis
1657 2625 1793 2659 interdi-

1043 2670 1146 2704 ctione
1168 2671 1406 2706 eorrtdiorantes
1428 2671 1640 2713 decernimus,
1670 2682 1702 2707 ut
1725 2674 1794 2708 nul-

1044 2720 1091 2753 lus
1113 2720 1291 2766 episcopus,
1311 2733 1366 2754 seu
1388 2721 1520 2768 quilibet
1537 2722 1736 2757 sacerdotum
1761 2724 1792 2758 in

1043 2768 1154 2804 eodem
1188 2770 1358 2805 venerabili
1399 2770 1554 2807 coenobio
1589 2784 1645 2815 pro
1686 2773 1791 2821 aliqua

1031 387 1089 409 ΧΠ(
1122 387 1171 410 1‘1‘.

1817 381 1866 407 An.
1887 381 1915 409 C.
1935 381 2002 410 ¹032

1821 1365 1920 1387 Oililouis
1933 1364 2004 1387 abbu-

1832 1402 1861 1423 tis
1878 1402 1991 1423 instantia.

1869 1970 2004 1992 Donationes

1821 2014 1905 2035 onmes,
1924 2013 1948 2027 ac
1966 2005 2005 2026 bo-

1821 2051 1846 2064 ua
1867 2051 2006 2073 quoquomo-

1821 2078 1849 2100 do
1867 2079 1892 2100 ad
1911 2084 2005 2102 monast„

1821 2116 1944 2144 spectantia
1973 2117 2005 2137 ei-

1821 2150 1832 2171 Ι
1837 2158 1869 2171 >m
1951 2159 2006 2173 con-

1820 2188 1942 2210 firmantur.

1846 2545 1976 2569 omnimoda

1821 2591 1840 2604 ci
1836 2583 1951 2605 unreditur
1968 2592 2005 2606 ex-

1820 2627 1843 2641 xi·
1834 2623 1915 2650 [nuptio
1929 2620 1954 2642 ab
1981 2629 2003 2642 ο-

1821 2656 1928 2686 piscopali
1953 2656 2004 2679 sub-

1835 2693 1984 2723 ordinatione,

1821 2729 1886 2750 etiam
1930 2730 2003 2760 quoad

1820 2766 1921 2788 ordinum
1966 2775 2004 2789 su-

1820 2803 1968 2833 sceptionem:
1982 2808 2004 2827 et
