2237 3127
495 288 565 323 692
1055 298 1135 320 num
1139 297 1242 320 Animi
1266 297 1430 321 nonarum

551 354 679 393 iudicat,
703 354 773 386 526
796 364 825 386 α.
854 352 923 386 Non
954 351 1074 397 indiget
1096 365 1252 387 consensu
1280 352 1404 399 synodi
1441 359 1473 386 nt
1500 352 1648 388 damnare
1684 354 1783 400 possit
1815 356 1997 403 quempiam

551 403 785 448 episcoporum,
811 402 886 435 itud.
916 401 985 435 Eia
1008 388 1136 436 Ghristo
1159 401 1230 436 data
1257 409 1332 435 sunt
1355 401 1536 448 privilegia
1559 404 1633 436 ibid.
1667 409 1697 436 et
1723 405 1751 437 b.
1779 404 1840 438 Per
1871 404 2000 440 Petrum

552 450 746 497 apostolatus
778 457 807 484 et
834 450 1037 496 episcopatus
1069 451 1203 504 sumpsit
1229 450 1405 489 exordium
1439 452 1515 484 ibid.
1543 451 1649 492 Quare
1683 463 1791 486 curam
1818 462 1906 499 gerat
1943 466 2001 501 pro

552 511 709 534 canonum
738 498 934 533 observantia
951 499 1083 533 caeteiis
1110 499 1140 532 in
1164 499 1347 545 provinciis,
1376 501 1446 533 592
1473 501 1491 533 b
1517 507 1547 533 et
1571 502 1642 534 595
1659 512 1690 534 a.

450 549 683 596 Septimi-inum
708 548 931 581 monasterium
954 548 984 581 in
1008 548 1143 582 dioecesi
1172 548 1353 582 Florentina
1380 548 1473 582 situm
1501 548 1540 582 ab
1573 548 1746 595 episcopali
1785 548 2004 586 iurisdictione

554 597 687 631 liberum
710 596 897 640 declar‘w‘ttut
921 597 1090 651 multisque
1112 606 1246 638 au0··etut
1264 596 1434 643 privilegiis
1452 609 1467 631 3
1486 597 1593 631 Leone
1618 597 1662 631 lX
1684 597 1761 642 PP.,
1785 600 1849 632 581
1878 611 1898 634 α
1919 607 1949 635 et
1970 602 1999 634 b.

446 646 587 701 Sergius
602 645 976 691 Constantinopolitanus
1001 647 1081 680 iuter
1102 647 1202 692 capita
1226 646 1517 689 Monothelitarum
1549 648 1618 681 138
1645 659 1678 681 α.

449 694 538 729 Servi
564 696 632 729 sine
654 694 856 728 dominorum
880 707 1038 729 consensu
1062 707 1123 729 non
1148 702 1222 728 sunt
1248 695 1427 734 ordinandi,
1458 697 1528 729 104
1556 697 1583 729 b.

437 744 632 791 ‘Sigibertus
660 743 854 777 Fr·ancoium
880 756 934 777 rex
956 744 1160 778 Helnonense
1188 745 1414 779 monasterium
1438 743 1558 785 fundat,
1582 746 1653 779 205
1676 757 1706 779 α.
1725 744 1853 780 Fundat
1871 757 2000 794 quoque

437 793 441 798 '
551 793 779 827 monasterium
805 792 1029 833 Bliudinense,
1051 795 1122 826 206
1145 794 1173 826 b.

444 842 588 877 Silvestii
618 842 675 885 (S.)
702 853 817 886 corpus
843 842 1027 876 conceditur
1054 841 1156 876 abbati
1185 841 1399 876 Nonantulani
1429 842 1622 883 monasterii,
1651 844 1715 876 241
1745 845 1772 876 b.

449 891 592 926 Silvestri
617 891 651 934 (S
658 894 674 934 )
701 890 740 924 de
762 890 848 924 Urbe
870 891 1095 925 monasterium
1118 903 1133 925 a
1164 890 1261 925 Paulo
1287 891 1300 924 Ι
1322 890 1385 925 ΡΡ.
1409 891 1438 924 in
1465 892 1600 936 paternis
1622 892 1689 925 suis
1708 892 1841 927 aedibus
1859 878 2010 941 erigitur,

547 949 579 975 et
601 940 639 974 ab
668 940 719 973 illo
744 940 850 973 multis
875 941 1045 986 privilegiis
1069 940 1216 983 donatur,
1239 942 1310 974 )48
1337 952 1357 974 α
1379 948 1409 974 et
1436 942 1465 983 b,
1489 953 1547 975 nec
1576 951 1647 975 non
1666 954 1728 986 seq.
2008 970 2010 988 ‚

449 989 579 1024 Simeon
604 989 663 1032 tB)
685 989 894 1023 Siracusanus
915 998 1096 1024 sanctorum
1116 1001 1247 1023 numero
1270 989 1445 1036 adscriptus
1473 1002 1488 1023 a
1516 989 1692 1024 Benedicto
1716 989 1760 1024 lx
1783 989 1860 1029 PP.,
1881 991 1951 1025 562
1982 1003 2003 1026 α

550 1046 580 1073 et
602 1040 630 1074 b
656 1050 712 1072 nec
742 1050 803 1072 non
827 1040 899 1072 565
925 1051 955 1072 a.
2008 1046 2010 1073 Ι

447 1087 579 1122 Simeon
605 1086 666 1130 (Ba
691 1086 865 1121 monachus
892 1087 1150 1122 Padolinorensis
1165 1094 1346 1121 sanctorum
1369 1087 1481 1122 canoni
1506 1087 1684 1134 adscriptus
1706 1099 1722 1121 3
1744 1087 1917 1123 Benedicto
1928 1088 2002 1124 VIII

546 1136 624 1178 PP.,
649 1138 718 1169 516
748 1148 777 1169 α.
2007 1138 2011 1200 Ι

445 1184 590 1219 Simonia
616 1185 713 1231 prima
739 1184 877 1218 haeresis
901 1185 930 1218 in
958 1184 1114 1229 Ecclesia,
1145 1187 1213 1219 1164
1233 1186 1249 1218 b
1272 1192 1300 1219 et
1325 1187 1394 1219 549
1414 1187 1443 1219 b.
1462 1183 1473 1192 ⁶
2009 1212 2011 1224 .

445 1233 524 1268 Sixti
548 1234 604 1276 (S.)
630 1234 847 1267 Placentinum
873 1234 1099 1268 monasterium
1122 1233 1182 1267 sul)
1206 1234 1337 1268 tuitione
1359 1234 1453 1269 Sedis
1472 1233 1674 1280 Apostolicae
1691 1235 2004 1281 recipituraloanne

544 1283 616 1317 VIII
639 1282 700 1316 PP.
724 1283 918 1317 confirmatis
940 1284 1007 1317 eius
1030 1283 1134 1322 bonis,
1158 1285 1228 1317 544
1251 1285 1268 1317 b
1295 1291 1325 1317 et
1347 1296 1407 1328 seq.
1433 1283 1481 1317 Ab
1512 1283 1674 1317 Hadriano
1710 1283 1826 1319 deinde
1860 1284 1903 1318 ΙΙΙ
1932 1285 1993 1320 ΡΡ.

2007 797 2010 853 l

546 1332 689 1366 omnium
713 1332 868 1366 bonorum
891 1340 921 1365 ot
949 1332 1183 1378 privilegiorum
1211 1344 1228 1366 a
1255 1332 1388 1366 summis
1414 1332 1643 1373 Pontificibus,
1680 1333 1935 1378 imperatoribus,
1969 1343 2002 1370 et.

545 1381 735 1427 Angilherga
758 1380 900 1426 Augusta
924 1381 982 1415 sihi
1006 1393 1229 1415 concessorum
1252 1382 1524 1416 confirmationem
1547 1381 1681 1424 obtinet,
1707 1384 1778 1416 565
1800 1384 1817 1416 b
1841 1391 1869 1416 et
1892 1396 1952 1428 seq.

446 1430 703 1465 Solemniacense
726 1430 948 1464 monasterium
973 1443 1044 1464 cum
1072 1430 1164 1464 honis
1192 1442 1227 1464 ac
1250 1430 1344 1465 rebus
1366 1431 1516 1465 omnihus
1538 1431 1598 1465 sub
1627 1431 1758 1464 tuitione
1782 1431 1875 1466 Sedis
1902 1432 1999 1479 Apo-

545 1479 671 1513 stolicae
694 1479 861 1525 recipitur,
893 1479 1151 1525 confirmatisque
1184 1479 1379 1513 Francorum
1412 1492 1521 1525 regum
1559 1480 1784 1514 donationibus
1811 1492 1847 1514 ac
1870 1480 1999 1523 chartis,

547 1528 656 1562 multis
673 1528 741 1561 aliis
764 1527 934 1574 privilegiis
956 1537 1125 1562 exornatur
1152 1541 1167 1562 a
1186 1528 1308 1562 Marino
1335 1528 1348 1562 l
1371 1528 1447 1571 PP.⁷
1471 1532 1540 1563 560
1565 1531 1581 1563 b
1605 1537 1634 1562 et
1658 1530 1722 1562 561
1756 1541 1775 1562 α
1803 1537 1833 1563 et
1855 1531 1883 1563 b.

448 1576 590 1624 Sophiae
612 1577 668 1619 tS.)
692 1577 916 1611 monasterium
940 1577 1178 1611 Beneventanae
1205 1577 1363 1611 dioecesis
1385 1578 1657 1611 confirmationem
1679 1578 1847 1619 honorum⁷
1872 1579 2001 1625 privile-

549 1626 673 1671 giorum
696 1634 726 1659 et
752 1627 990 1671 exemptionum
1014 1627 1156 1660 onmium
1181 1626 1301 1660 obtinet
1319 1638 1336 1660 a
1358 1626 1465 1661 Leone
1493 1627 1537 1660 lx
1560 1627 1636 1669 PP.,
1659 1628 1729 1660 617
1759 1639 1778 1660 α
1806 1635 1836 1661 et
1857 1640 1917 1672 seq.

446 1674 636 1709 Stabulense
659 1675 886 1708 monasterium
910 1676 1182 1709 confirmationem
1206 1675 1375 1715 bonorum,
1398 1683 1428 1709 et
1451 1676 1527 1709 iuris
1549 1675 1684 1721 eligendi
1708 1675 1831 1710 abbatis
1854 1679 1995 1723 primum

545 1736 581 1757 ex
610 1736 654 1766 se,
678 1723 793 1757 deinde
815 1736 852 1757 ex
879 1724 1061 1758 Stabulensi
1083 1724 1237 1758 coenobio
1258 1724 1379 1758 obtinet
1400 1736 1416 1758 a
1439 1724 1592 1769 Gregorio
1615 1724 1638 1758 V
1656 1724 1734 1768 PP.⁷
1752 1727 1822 1759 >²465
1846 1738 1866 1759 α
1888 1733 1918 1760 et
1932 1738 1992 1771 seq.

546 1772 825 1806 Confirtnationem
850 1773 955 1806 ‹lvnuo
977 1773 1183 1807 donationum
1209 1774 1349 1814 istarum,
1372 1781 1402 1808 et
1416 1773 1547 1808 aliarum
1571 1786 1587 1808 a
1606 1774 1705 1820 prima
1730 1786 1786 1808 sua
1804 1774 1992 1810 fundatione

546 1821 696 1855 factarum
718 1821 837 1855 obtinet
856 1834 872 1855 a
891 1821 998 1856 Leone
1017 1822 1063 1856 IX
1086 1822 1162 1865 PP.
1190 1824 1260 1856 586
1283 1824 1301 1856 b
1327 1830 1357 1857 et
1382 1835 1442 1867 seq.

449 1870 571 1905 Statuta
602 1882 656 1916 pro
679 1870 777 1903 cotton
761 1871 812 1911 gio
840 1870 1118 1916 Regionariorum‚
1144 1873 1213 1905 168
1238 1873 1267 1905 b.

448 1918 628 1965 Stephanus
652 1919 829 1964 Hungariae
852 1932 906 1954 rex
928 1932 1013 1954 sacra
1037 1932 1151 1955 corona
1175 1920 1310 1955 donatur
1331 1920 1513 1955 aSilvestro
1536 1920 1563 1955 ΙΙ
1588 1920 1664 1961 PP
1676 1929 1706 1956 et
1728 1933 1773 1963 se
1797 1933 1995 1970 regnumque

548 1980 640 2002 suum
670 1968 885 2014 apostolorum
910 1970 1041 2023 principi
1065 1977 1156 2003 vovet
1182 1976 1213 2003 et
1235 1978 1410 2011 consec1·‚3t
1433 1972 1504 2003 477
1528 1972 1545 2004 b
1567 1978 1597 2004 et
1622 1983 1681 2015 seq.

449 2016 601 2063 Stephani
625 2016 681 2059 (S.)
706 2029 803 2063 papae
830 2025 860 2051 et
883 2019 1026 2064 martyris
1049 2031 1106 2053 nec
1130 2030 1193 2052 non
1218 2018 1252 2053 S.
1282 1997 1422 2053 Silvestii
1447 2019 1508 2052 PP.
1533 2019 1675 2054 Ecclesia
1703 2031 1738 2054 ac
1767 2019 1991 2055 monasterium

548 2066 751 2100 constitutum
780 2066 924 2100 obtinent
952 2080 967 2101 a
990 2067 1088 2101 Paulo
1110 2067 1123 2100 Ι
1145 2067 1208 2101 PP
1203 2095 1222 2108 ,
1245 2069 1316 2101 248
1337 2080 1356 2101 α
1371 2076 1399 2101 et
1419 2080 1479 2112 seq

449 2114 665 2159 Striganensis
687 2115 827 2149 Ecclesia
851 2115 1032 2161 Hungariae
1051 2116 1138 2161 regni
1163 2117 1344 2163 metropolis
1364 2117 1538 2151 instituitur
1560 2125 1589 2151 et
1611 2116 1788 2152 declaratur
1805 2129 1821 2152 a
1843 2117 1997 2153 Silvestro

549 2163 577 2197 Il
605 2163 680 2201 PP..
709 2166 779 2197 477
808 2166 825 2197 b
847 2173 875 2197 ct
902 2177 962 2210 seq.

451 2211 595 2246 Sturmio
621 2212 718 2246 abbas
740 2212 908 2247 l⁴uldensis
930 2214 1201 2248 confirmationem
1225 2213 1473 2260 privilegiorum,
1498 2214 1676 2249 libertatum
1699 2227 1770 2249 curn
1795 2215 1901 2260 rebus,
1923 2215 2001 2251 loeis

551 2273 587 2294 ac
624 2261 806 2295 hominibus
839 2262 876 2296 ad
912 2262 989 2297 illud
1017 2274 1146 2309 quoquo
1180 2263 1276 2297 modo
1311 2263 1542 2309 pertinentibus
1568 2263 1689 2298 obtinet
1727 2276 1743 2298 3
1775 2264 1938 2311 Stephano
1971 2264 2000 2299 ΙΙ

551 2309 613 2344 ΡΡ
608 2336 628 2353 ‚
652 2313 724 2343 245
746 2312 763 2344 b
785 2318 892 2355 etseq.

453 2358 648 2393 Sublacense
672 2360 895 2393 monasterium
923 2359 1194 2394 confirmationem
1217 2360 1373 2395 bonorum
1396 2368 1426 2395 et
1453 2361 1592 2401 iurium
1622 2373 1681 2396 nec
1703 2373 1766 2396 non
1794 2362 1999 2409 approbatio-

553 2420 622 2441 nem
645 2415 675 2441 et
702 2408 983 2454 promulgationem
1007 2410 1133 2455 regulae
1156 2421 1170 2442 3
1198 2409 1231 2444 S.
1256 2409 1428 2444 Benedicto
1450 2419 1593 2445 exaratae
1619 2410 1739 2445 obtinet
1766 2423 1780 2445 3
1803 2410 1958 2456 Gregorio
1981 2412 1995 2446 I

552 2456 628 2499 PP.
653 2458 717 2490 166
740 2470 759 2491 α
778 2465 808 2491 et
829 2470 888 2502 seq.
912 2457 1056 2491 Castrum
1081 2457 1210 2492 Sublaci
1234 2471 1304 2492 curn
1329 2460 1510 2493 omnimoda
1534 2459 1747 2494 iu1isdictione
1775 2461 1857 2494 sicut
1878 2461 1907 2494 in
1931 2473 1999 2495 cae-

552 2505 627 2540 teris
649 2506 716 2540 eius
738 2507 847 2539 castris
869 2507 1073 2540 confirmatur
1094 2507 1122 2540 ei
1145 2519 1160 2540 a
1188 2507 1342 2553 Gregorio
1364 2507 1416 2548 IV,
1440 2511 1509 2542 271Λ
1547 2510 1563 2541 b
1590 2517 1619 2542 et
1646 2521 1704 2553 seq.
1740 2508 1935 2544 Conceditur
1965 2509 1994 2544 ei

553 2566 570 2588 3
596 2553 703 2588 Leone
725 2554 780 2588 VII
803 2555 865 2588 I’P.
891 2556 1115 2590 monasterium
1138 2555 1171 2590 S.
1197 2556 1317 2590 Erastni
1341 2557 1461 2591 Romae
1485 2558 1512 2590 in
1538 2557 1643 2591 Monte
1658 2557 1768 2591 Coelio
1790 2557 1905 2592 additis
1926 2559 1997 2593 aliis

553 2602 657 2645 bonis,
681 2605 745 2638 591
779 2616 799 2637 α
821 2612 851 2638 et
872 2617 930 2649 seq.

455 2652 697 2687 Suessionensis
723 2652 863 2699 synodus
881 2665 904 2687 11
924 2652 1129 2687 confirmatur
1156 2653 1290 2699 primum
1327 2666 1342 2687 3
1377 2653 1548 2688 Beueclicto
1574 2654 1616 2687 Ill
1651 2654 1714 2689 ΡΡ.
1732 2682 1740 2698 ,
1768 2657 1837 2689 294
1874 2663 1905 2690 et
1935 2668 1996 2701 seq.

553 2701 679 2736 Deinde
700 2713 716 2736 a
738 2701 866 2737 Nicolao
888 2702 901 2736 Ι
919 2702 995 2743 ΡΡ.,
1021 2704 1090 2736 510
1114 2704 1130 2736 b
1149 2710 1178 2737 et
1196 2716 1256 2747 stag.
