<?xml version="1.0" encoding="UTF-8"?>
<!DOCTYPE html PUBLIC "-//W3C//DTD XHTML 1.0 Transitional//EN"
    "http://www.w3.org/TR/xhtml1/DTD/xhtml1-transitional.dtd">
<html xmlns="http://www.w3.org/1999/xhtml" xml:lang="en" lang="en">
 <head>
  <title>
</title>
<meta http-equiv="Content-Type" content="text/html;charset=utf-8" />
  <meta name='ocr-system' content='tesseract 3.04.00' />
  <meta name='ocr-capabilities' content='ocr_page ocr_carea ocr_par ocr_line ocrx_word'/>
</head>
<body>
  <div class='ocr_page' id='page_1' title='image "./bullarumdiplomat01cath_0046.png"; bbox 0 0 2237 3127; ppageno 0'>
   <div class='ocr_carea' id='block_1_1' title="bbox 231 242 413 271">
    <p class='ocr_par' dir='ltr' id='par_1_1' title="bbox 231 242 413 271">
     <span class='ocr_line' id='line_1_1' title="bbox 231 242 413 271; baseline 0.005 -1"><span class='ocrx_word' id='word_1_1' title='bbox 231 242 279 270; x_wconf 80' lang='lat' dir='ltr'>An.</span> <span class='ocrx_word' id='word_1_2' title='bbox 298 243 346 271; x_wconf 89' lang='lat' dir='ltr'>Ch.</span> <span class='ocrx_word' id='word_1_3' title='bbox 362 244 413 271; x_wconf 77' lang='lat'>599</span> 
     </span>
    </p>
   </div>
   <div class='ocr_carea' id='block_1_2' title="bbox 226 823 407 852">
    <p class='ocr_par' dir='ltr' id='par_1_2' title="bbox 226 823 407 852">
     <span class='ocr_line' id='line_1_2' title="bbox 226 823 407 852; baseline 0.006 -1"><span class='ocrx_word' id='word_1_4' title='bbox 226 825 264 851; x_wconf 80' lang='lat' dir='ltr'>An</span> <span class='ocrx_word' id='word_1_5' title='bbox 290 823 338 852; x_wconf 84' lang='lat' dir='ltr'>Ch.</span> <span class='ocrx_word' id='word_1_6' title='bbox 356 825 407 852; x_wconf 75' lang='lat'>509</span> 
     </span>
    </p>
   </div>
   <div class='ocr_carea' id='block_1_3' title="bbox 221 1861 398 1889">
    <p class='ocr_par' dir='ltr' id='par_1_3' title="bbox 221 1861 398 1889">
     <span class='ocr_line' id='line_1_3' title="bbox 221 1861 398 1889; baseline -0.006 0"><span class='ocrx_word' id='word_1_7' title='bbox 221 1862 271 1889; x_wconf 76' lang='lat' dir='ltr'>An.</span> <span class='ocrx_word' id='word_1_8' title='bbox 285 1861 333 1889; x_wconf 85' lang='lat' dir='ltr'>Ch.</span> <span class='ocrx_word' id='word_1_9' title='bbox 350 1863 398 1889; x_wconf 73' lang='lat'>[101</span> 
     </span>
    </p>
   </div>
   <div class='ocr_carea' id='block_1_4' title="bbox 426 230 1175 382">
    <p class='ocr_par' dir='ltr' id='par_1_4' title="bbox 426 230 1175 382">
     <span class='ocr_line' id='line_1_4' title="bbox 478 230 523 263; baseline 0 0"><span class='ocrx_word' id='word_1_10' title='bbox 478 230 523 263; x_wconf 77' lang='lat'>56</span> 
     </span>
     <span class='ocr_line' id='line_1_5' title="bbox 427 290 1175 332; baseline -0.012 0"><span class='ocrx_word' id='word_1_11' title='bbox 427 297 614 332; x_wconf 81' lang='lat' dir='ltr'>coemeterio</span> <span class='ocrx_word' id='word_1_12' title='bbox 639 294 812 331; x_wconf 72' lang='lat' dir='ltr'>Priscillae,</span> <span class='ocrx_word' id='word_1_13' title='bbox 837 293 882 327; x_wconf 77' lang='lat' dir='ltr'>ria</span> <span class='ocrx_word' id='word_1_14' title='bbox 898 291 1026 326; x_wconf 79' lang='lat' dir='ltr'>Salaria.</span> <span class='ocrx_word' id='word_1_15' title='bbox 1051 290 1175 325; x_wconf 72' lang='lat' dir='ltr'>Yacavit</span> 
     </span>
     <span class='ocr_line' id='line_1_6' title="bbox 426 347 682 382; baseline -0.012 -1"><span class='ocrx_word' id='word_1_16' title='bbox 426 348 518 382; x_wconf 89' lang='lat' dir='ltr'>sedes</span> <span class='ocrx_word' id='word_1_17' title='bbox 540 347 608 381; x_wconf 91' lang='lat' dir='ltr'>dies</span> <span class='ocrx_word' id='word_1_18' title='bbox 633 358 682 379; x_wconf 77' lang='lat' dir='ltr'>xx.</span> 
     </span>
    </p>
   </div>
   <div class='ocr_carea' id='block_1_5' title="bbox 485 508 1112 717">
    <p class='ocr_par' dir='ltr' id='par_1_5' title="bbox 485 508 1112 717">
     <span class='ocr_line' id='line_1_7' title="bbox 638 508 959 560; baseline -0.009 0"><span class='ocrx_word' id='word_1_19' title='bbox 638 511 674 560; x_wconf 83' lang='lat' dir='ltr'>S.</span> <span class='ocrx_word' id='word_1_20' title='bbox 699 508 959 560; x_wconf 71' lang='lat' dir='ltr'>ANASTASIUS</span> 
     </span>
     <span class='ocr_line' id='line_1_8' title="bbox 693 602 904 638; baseline -0.009 0"><span class='ocrx_word' id='word_1_21' title='bbox 693 603 806 638; x_wconf 69' lang='lat' dir='ltr'>PAPA</span> <span class='ocrx_word' id='word_1_22' title='bbox 834 602 904 637; x_wconf 85' lang='lat' dir='ltr'>XLI</span> 
     </span>
     <span class='ocr_line' id='line_1_9' title="bbox 485 679 1112 717; baseline -0.008 0"><span class='ocrx_word' id='word_1_23' title='bbox 485 684 577 717; x_wconf 80' lang='lat' dir='ltr'>Anno</span> <span class='ocrx_word' id='word_1_24' title='bbox 603 694 692 717; x_wconf 78' lang='lat' dir='ltr'>aerae</span> <span class='ocrx_word' id='word_1_25' title='bbox 715 682 829 716; x_wconf 75' lang='lat' dir='ltr'>Christi</span> <span class='ocrx_word' id='word_1_26' title='bbox 845 692 952 715; x_wconf 83' lang='lat' dir='ltr'>comm.</span> <span class='ocrx_word' id='word_1_27' title='bbox 984 679 1112 714; x_wconf 76' lang='lat' dir='ltr'><em>CCCIC.</em></span> 
     </span>
    </p>
   </div>
   <div class='ocr_carea' id='block_1_6' title="bbox 418 768 1172 1403">
    <p class='ocr_par' dir='ltr' id='par_1_6' title="bbox 418 768 1172 1403">
     <span class='ocr_line' id='line_1_10' title="bbox 471 768 1172 813; baseline -0.007 -10"><span class='ocrx_word' id='word_1_28' title='bbox 471 768 667 813; x_wconf 76' lang='lat' dir='ltr'>Anastasius,</span> <span class='ocrx_word' id='word_1_29' title='bbox 695 768 822 802; x_wconf 86' lang='lat' dir='ltr'>natione</span> <span class='ocrx_word' id='word_1_30' title='bbox 851 778 1012 806; x_wconf 85' lang='lat' dir='ltr'>romanus,</span> <span class='ocrx_word' id='word_1_31' title='bbox 1045 777 1083 800; x_wconf 80' lang='lat' dir='ltr'>ex</span> <span class='ocrx_word' id='word_1_32' title='bbox 1112 776 1172 811; x_wconf 78' lang='lat' dir='ltr'>pa·—</span> 
     </span>
     <span class='ocr_line' id='line_1_11' title="bbox 423 813 1172 865; baseline -0.008 -12"><span class='ocrx_word' id='word_1_33' title='bbox 423 826 468 853; x_wconf 83' lang='lat' dir='ltr'>tre</span> <span class='ocrx_word' id='word_1_34' title='bbox 508 818 656 863; x_wconf 79' lang='lat' dir='ltr'>Maximo,</span> <span class='ocrx_word' id='word_1_35' title='bbox 690 817 817 865; x_wconf 76' lang='lat' dir='ltr'>eligitur</span> <span class='ocrx_word' id='word_1_36' title='bbox 850 826 878 851; x_wconf 85' lang='lat' dir='ltr'>et</span> <span class='ocrx_word' id='word_1_37' title='bbox 922 815 1083 850; x_wconf 86' lang='lat' dir='ltr'>ordinatur</span> <span class='ocrx_word' id='word_1_38' title='bbox 1122 813 1172 847; x_wconf 89' lang='lat' dir='ltr'>dic</span> 
     </span>
     <span class='ocr_line' id='line_1_12' title="bbox 422 863 1171 906; baseline -0.008 -3"><span class='ocrx_word' id='word_1_39' title='bbox 422 869 579 904; x_wconf 82' lang='lat' dir='ltr'>dominica</span> <span class='ocrx_word' id='word_1_40' title='bbox 619 870 640 902; x_wconf 78' lang='lat' dir='ltr'>O</span> <span class='ocrx_word' id='word_1_41' title='bbox 680 868 831 906; x_wconf 81' lang='lat' dir='ltr'>octobris,</span> <span class='ocrx_word' id='word_1_42' title='bbox 864 879 947 902; x_wconf 85' lang='lat' dir='ltr'>aimo</span> <span class='ocrx_word' id='word_1_43' title='bbox 982 868 1063 899; x_wconf 70' lang='lat'><strong>599.</strong></span> <span class='ocrx_word' id='word_1_44' title='bbox 1099 863 1171 897; x_wconf 87' lang='lat' dir='ltr'>Fuit</span> 
     </span>
     <span class='ocr_line' id='line_1_13' title="bbox 422 914 1172 966; baseline -0.008 -13"><span class='ocrx_word' id='word_1_45' title='bbox 422 918 619 966; x_wconf 76' lang='lat' dir='ltr'>temporibus</span> <span class='ocrx_word' id='word_1_46' title='bbox 658 917 785 952; x_wconf 74' lang='lat' dir='ltr'>Arcadii</span> <span class='ocrx_word' id='word_1_47' title='bbox 822 926 853 952; x_wconf 89' lang='lat' dir='ltr'>ct</span> <span class='ocrx_word' id='word_1_48' title='bbox 895 915 1027 950; x_wconf 84' lang='lat' dir='ltr'>Honorii</span> <span class='ocrx_word' id='word_1_49' title='bbox 1068 914 1172 960; x_wconf 51' lang='lat' dir='ltr'>Aug„</span> 
     </span>
     <span class='ocr_line' id='line_1_14' title="bbox 421 964 1172 1006; baseline -0.007 -4"><span class='ocrx_word' id='word_1_50' title='bbox 421 968 573 1003; x_wconf 82' lang='lat' dir='ltr'>Stilicone</span> <span class='ocrx_word' id='word_1_51' title='bbox 620 977 649 1002; x_wconf 86' lang='lat' dir='ltr'>et</span> <span class='ocrx_word' id='word_1_52' title='bbox 688 967 876 1006; x_wconf 76' lang='lat' dir='ltr'>Aureliano,</span> <span class='ocrx_word' id='word_1_53' title='bbox 917 966 991 1000; x_wconf 85' lang='lat' dir='ltr'>hinc</span> <span class='ocrx_word' id='word_1_54' title='bbox 1034 964 1172 998; x_wconf 69' lang='lat' dir='ltr'>Vincen-</span> 
     </span>
     <span class='ocr_line' id='line_1_15' title="bbox 422 1015 1172 1053; baseline -0.007 -1"><span class='ocrx_word' id='word_1_55' title='bbox 422 1020 465 1053; x_wconf 88' lang='lat' dir='ltr'>tio</span> <span class='ocrx_word' id='word_1_56' title='bbox 493 1026 521 1052; x_wconf 83' lang='lat' dir='ltr'>et</span> <span class='ocrx_word' id='word_1_57' title='bbox 544 1018 680 1052; x_wconf 70' lang='lat' dir='ltr'>Fravitta</span> <span class='ocrx_word' id='word_1_58' title='bbox 715 1017 911 1052; x_wconf 74' lang='lat' dir='ltr'>consulibus.</span> <span class='ocrx_word' id='word_1_59' title='bbox 959 1015 1049 1050; x_wconf 77' lang='lat' dir='ltr'>Sedit</span> <span class='ocrx_word' id='word_1_60' title='bbox 1073 1026 1172 1048; x_wconf 87' lang='lat' dir='ltr'>annos</span> 
     </span>
     <span class='ocr_line' id='line_1_16' title="bbox 421 1064 1171 1110; baseline -0.008 -7"><span class='ocrx_word' id='word_1_61' title='bbox 421 1082 456 1110; x_wconf 76' lang='lat'>11,</span> <span class='ocrx_word' id='word_1_62' title='bbox 492 1068 560 1103; x_wconf 90' lang='lat' dir='ltr'>dies</span> <span class='ocrx_word' id='word_1_63' title='bbox 595 1080 678 1102; x_wconf 71' lang='lat' dir='ltr'>xxvi.</span> <span class='ocrx_word' id='word_1_64' title='bbox 719 1067 805 1102; x_wconf 83' lang='lat' dir='ltr'>Fecit</span> <span class='ocrx_word' id='word_1_65' title='bbox 841 1066 1055 1102; x_wconf 70' lang='lat' dir='ltr'>ordinationes</span> <span class='ocrx_word' id='word_1_66' title='bbox 1082 1064 1171 1101; x_wconf 77' lang='lat' dir='ltr'>duas,</span> 
     </span>
     <span class='ocr_line' id='line_1_17' title="bbox 420 1116 1171 1165; baseline -0.005 -13"><span class='ocrx_word' id='word_1_67' title='bbox 420 1118 536 1165; x_wconf 85' lang='lat' dir='ltr'>quibus</span> <span class='ocrx_word' id='word_1_68' title='bbox 559 1118 673 1153; x_wconf 72' lang='lat' dir='ltr'>creavit</span> <span class='ocrx_word' id='word_1_69' title='bbox 698 1117 897 1165; x_wconf 56' lang='lat' dir='ltr'>presbyteros</span> <span class='ocrx_word' id='word_1_70' title='bbox 918 1125 998 1156; x_wconf 82' lang='lat' dir='ltr'>octo,</span> <span class='ocrx_word' id='word_1_71' title='bbox 1022 1116 1171 1150; x_wconf 85' lang='lat' dir='ltr'>diaconos</span> 
     </span>
     <span class='ocr_line' id='line_1_18' title="bbox 420 1164 1172 1215; baseline -0.007 -13"><span class='ocrx_word' id='word_1_72' title='bbox 420 1169 571 1215; x_wconf 79' lang='lat' dir='ltr'>quinque,</span> <span class='ocrx_word' id='word_1_73' title='bbox 597 1168 764 1215; x_wconf 78' lang='lat' dir='ltr'>episcopos</span> <span class='ocrx_word' id='word_1_74' title='bbox 793 1179 847 1214; x_wconf 75' lang='lat' dir='ltr'>per</span> <span class='ocrx_word' id='word_1_75' title='bbox 876 1166 999 1201; x_wconf 75' lang='lat' dir='ltr'>diversa</span> <span class='ocrx_word' id='word_1_76' title='bbox 1031 1165 1097 1199; x_wconf 83' lang='lat' dir='ltr'>loca</span> <span class='ocrx_word' id='word_1_77' title='bbox 1121 1164 1172 1197; x_wconf 81' lang='lat' dir='ltr'>de-</span> 
     </span>
     <span class='ocr_line' id='line_1_19' title="bbox 419 1216 1170 1260; baseline -0.008 -7"><span class='ocrx_word' id='word_1_78' title='bbox 419 1230 499 1253; x_wconf 87' lang='lat' dir='ltr'>cem.</span> <span class='ocrx_word' id='word_1_79' title='bbox 529 1218 618 1252; x_wconf 82' lang='lat' dir='ltr'>Obiit</span> <span class='ocrx_word' id='word_1_80' title='bbox 643 1218 693 1253; x_wconf 87' lang='lat' dir='ltr'>die</span> <span class='ocrx_word' id='word_1_81' title='bbox 718 1220 739 1251; x_wconf 83' lang='lat'>5</span> <span class='ocrx_word' id='word_1_82' title='bbox 762 1216 955 1260; x_wconf 75' lang='lat' dir='ltr'>novembris,</span> <span class='ocrx_word' id='word_1_83' title='bbox 982 1226 1062 1250; x_wconf 87' lang='lat' dir='ltr'>anno</span> <span class='ocrx_word' id='word_1_84' title='bbox 1088 1216 1170 1253; x_wconf 77' lang='lat'>401,</span> 
     </span>
     <span class='ocr_line' id='line_1_20' title="bbox 419 1264 1169 1315; baseline -0.007 -13"><span class='ocrx_word' id='word_1_85' title='bbox 419 1276 448 1302; x_wconf 91' lang='lat' dir='ltr'>et</span> <span class='ocrx_word' id='word_1_86' title='bbox 483 1267 628 1315; x_wconf 82' lang='lat' dir='ltr'>sepultus</span> <span class='ocrx_word' id='word_1_87' title='bbox 651 1276 697 1302; x_wconf 84' lang='lat' dir='ltr'>est</span> <span class='ocrx_word' id='word_1_88' title='bbox 742 1268 773 1301; x_wconf 93' lang='lat' dir='ltr'>in</span> <span class='ocrx_word' id='word_1_89' title='bbox 814 1266 1003 1301; x_wconf 81' lang='lat' dir='ltr'>coemeterio</span> <span class='ocrx_word' id='word_1_90' title='bbox 1030 1276 1100 1304; x_wconf 77' lang='lat' dir='ltr'>suo,</span> <span class='ocrx_word' id='word_1_91' title='bbox 1133 1264 1169 1297; x_wconf 85' lang='lat' dir='ltr'>ad</span> 
     </span>
     <span class='ocr_line' id='line_1_21' title="bbox 418 1313 1170 1359; baseline -0.005 -7"><span class='ocrx_word' id='word_1_92' title='bbox 418 1317 533 1353; x_wconf 82' lang='lat' dir='ltr'>Ursum</span> <span class='ocrx_word' id='word_1_93' title='bbox 558 1317 728 1358; x_wconf 81' lang='lat' dir='ltr'>PiIeatum,</span> <span class='ocrx_word' id='word_1_94' title='bbox 756 1318 802 1351; x_wconf 70' lang='lat' dir='ltr'>via</span> <span class='ocrx_word' id='word_1_95' title='bbox 826 1316 992 1352; x_wconf 73' lang='lat' dir='ltr'>portuensi</span> <span class='ocrx_word' id='word_1_96' title='bbox 1027 1318 1083 1359; x_wconf 85' lang='lat'>(1).</span> <span class='ocrx_word' id='word_1_97' title='bbox 1108 1313 1170 1348; x_wconf 85' lang='lat' dir='ltr'>Va-</span> 
     </span>
     <span class='ocr_line' id='line_1_22' title="bbox 418 1367 783 1403; baseline -0.005 -1"><span class='ocrx_word' id='word_1_98' title='bbox 418 1368 497 1402; x_wconf 62' lang='lat' dir='ltr'>cat-it</span> <span class='ocrx_word' id='word_1_99' title='bbox 524 1367 617 1403; x_wconf 82' lang='lat' dir='ltr'>sedes</span> <span class='ocrx_word' id='word_1_100' title='bbox 644 1368 712 1403; x_wconf 86' lang='lat' dir='ltr'>dies</span> <span class='ocrx_word' id='word_1_101' title='bbox 735 1380 783 1401; x_wconf 75' lang='lat' dir='ltr'>xx.</span> 
     </span>
    </p>
   </div>
   <div class='ocr_carea' id='block_1_7' title="bbox 619 1534 968 1666">
    <p class='ocr_par' dir='ltr' id='par_1_7' title="bbox 619 1534 968 1666">
     <span class='ocr_line' id='line_1_23' title="bbox 619 1534 968 1586; baseline -0.009 0"><span class='ocrx_word' id='word_1_102' title='bbox 619 1538 655 1586; x_wconf 83' lang='lat' dir='ltr'>S.</span> <span class='ocrx_word' id='word_1_103' title='bbox 688 1534 968 1585; x_wconf 72' lang='lat' dir='ltr'>INNOGENTIUS</span> 
     </span>
     <span class='ocr_line' id='line_1_24' title="bbox 684 1629 908 1666; baseline 0 0"><span class='ocrx_word' id='word_1_104' title='bbox 684 1631 796 1666; x_wconf 77' lang='lat' dir='ltr'><strong>PAPA</strong></span> <span class='ocrx_word' id='word_1_105' title='bbox 824 1629 908 1666; x_wconf 78' lang='lat' dir='ltr'>xLu</span> 
     </span>
    </p>
   </div>
   <div class='ocr_carea' id='block_1_8' title="bbox 490 1718 1091 1754">
    <p class='ocr_par' dir='ltr' id='par_1_8' title="bbox 490 1718 1091 1754">
     <span class='ocr_line' id='line_1_25' title="bbox 490 1718 1091 1754; baseline -0.003 -1"><span class='ocrx_word' id='word_1_106' title='bbox 490 1721 583 1754; x_wconf 78' lang='lat' dir='ltr'>Anno</span> <span class='ocrx_word' id='word_1_107' title='bbox 610 1732 700 1754; x_wconf 75' lang='lat' dir='ltr'>aerae</span> <span class='ocrx_word' id='word_1_108' title='bbox 736 1721 851 1754; x_wconf 76' lang='lat' dir='ltr'>Christi</span> <span class='ocrx_word' id='word_1_109' title='bbox 880 1732 987 1754; x_wconf 80' lang='lat' dir='ltr'>comm.</span> <span class='ocrx_word' id='word_1_110' title='bbox 1016 1718 1091 1752; x_wconf 82' lang='lat' dir='ltr'>CDI</span> 
     </span>
    </p>
   </div>
   <div class='ocr_carea' id='block_1_9' title="bbox 415 1805 1171 2246">
    <p class='ocr_par' dir='ltr' id='par_1_9' title="bbox 415 1805 1171 2246">
     <span class='ocr_line' id='line_1_26' title="bbox 466 1805 1170 1853; baseline 0.001 -14"><span class='ocrx_word' id='word_1_111' title='bbox 466 1805 683 1849; x_wconf 75' lang='lat' dir='ltr'>Innocentius,</span> <span class='ocrx_word' id='word_1_112' title='bbox 705 1807 829 1840; x_wconf 79' lang='lat' dir='ltr'>natione</span> <span class='ocrx_word' id='word_1_113' title='bbox 851 1805 1044 1845; x_wconf 68' lang='lat' dir='ltr'>albanensis,</span> <span class='ocrx_word' id='word_1_114' title='bbox 1064 1819 1099 1840; x_wconf 80' lang='lat' dir='ltr'>cx</span> <span class='ocrx_word' id='word_1_115' title='bbox 1120 1818 1170 1853; x_wconf 87' lang='lat' dir='ltr'>pa-</span> 
     </span>
     <span class='ocr_line' id='line_1_27' title="bbox 418 1854 1169 1892; baseline 0 -3"><span class='ocrx_word' id='word_1_116' title='bbox 418 1864 462 1889; x_wconf 83' lang='lat' dir='ltr'>tre</span> <span class='ocrx_word' id='word_1_117' title='bbox 489 1854 686 1892; x_wconf 79' lang='lat' dir='ltr'>Innocentio,</span> <span class='ocrx_word' id='word_1_118' title='bbox 719 1864 842 1890; x_wconf 83' lang='lat' dir='ltr'>creatus</span> <span class='ocrx_word' id='word_1_119' title='bbox 865 1865 893 1890; x_wconf 92' lang='lat' dir='ltr'>et</span> <span class='ocrx_word' id='word_1_120' title='bbox 921 1855 1086 1890; x_wconf 80' lang='lat' dir='ltr'>ordinatus</span> <span class='ocrx_word' id='word_1_121' title='bbox 1119 1856 1169 1890; x_wconf 84' lang='lat' dir='ltr'>die</span> 
     </span>
     <span class='ocr_line' id='line_1_28' title="bbox 421 1905 1171 1940; baseline 0.001 -1"><span class='ocrx_word' id='word_1_122' title='bbox 421 1905 579 1940; x_wconf 84' lang='lat' dir='ltr'>dominica</span> <span class='ocrx_word' id='word_1_123' title='bbox 602 1907 647 1939; x_wconf 73' lang='lat'>24</span> <span class='ocrx_word' id='word_1_124' title='bbox 671 1905 854 1939; x_wconf 67' lang='lat' dir='ltr'>novembris</span> <span class='ocrx_word' id='word_1_125' title='bbox 871 1918 953 1940; x_wconf 76' lang='lat' dir='ltr'>atino</span> <span class='ocrx_word' id='word_1_126' title='bbox 976 1908 1058 1940; x_wconf 73' lang='lat'><strong>401.</strong></span> <span class='ocrx_word' id='word_1_127' title='bbox 1082 1905 1171 1940; x_wconf 81' lang='lat' dir='ltr'>Sedit</span> 
     </span>
     <span class='ocr_line' id='line_1_29' title="bbox 417 1955 1171 2002; baseline 0.003 -14"><span class='ocrx_word' id='word_1_128' title='bbox 417 1955 446 1989; x_wconf 94' lang='lat' dir='ltr'>in</span> <span class='ocrx_word' id='word_1_129' title='bbox 471 1955 655 2002; x_wconf 81' lang='lat' dir='ltr'>pontificatu</span> <span class='ocrx_word' id='word_1_130' title='bbox 678 1967 777 1990; x_wconf 89' lang='lat' dir='ltr'>annos</span> <span class='ocrx_word' id='word_1_131' title='bbox 810 1968 866 2001; x_wconf 75' lang='lat' dir='ltr'>xv,</span> <span class='ocrx_word' id='word_1_132' title='bbox 899 1968 997 1990; x_wconf 85' lang='lat' dir='ltr'>mens.</span> <span class='ocrx_word' id='word_1_133' title='bbox 1028 1968 1071 1997; x_wconf 74' lang='grc' dir='ltr'>ιι,</span> <span class='ocrx_word' id='word_1_134' title='bbox 1103 1956 1171 1990; x_wconf 87' lang='lat' dir='ltr'>dies</span> 
     </span>
     <span class='ocr_line' id='line_1_30' title="bbox 416 2004 1169 2048; baseline 0 -9"><span class='ocrx_word' id='word_1_135' title='bbox 416 2017 455 2039; x_wconf 76' lang='lat' dir='ltr'>xx</span> <span class='ocrx_word' id='word_1_136' title='bbox 489 2004 549 2039; x_wconf 89' lang='lat' dir='ltr'>sub</span> <span class='ocrx_word' id='word_1_137' title='bbox 582 2005 729 2048; x_wconf 83' lang='lat' dir='ltr'>Arcadio,</span> <span class='ocrx_word' id='word_1_138' title='bbox 759 2005 900 2040; x_wconf 86' lang='lat' dir='ltr'>Honorio</span> <span class='ocrx_word' id='word_1_139' title='bbox 935 2015 963 2040; x_wconf 79' lang='lat' dir='ltr'>et</span> <span class='ocrx_word' id='word_1_140' title='bbox 987 2005 1169 2040; x_wconf 75' lang='lat' dir='ltr'>Theodosio</span> 
     </span>
     <span class='ocr_line' id='line_1_31' title="bbox 416 2054 1170 2102; baseline 0.003 -14"><span class='ocrx_word' id='word_1_141' title='bbox 416 2054 539 2090; x_wconf 79' lang='lat' dir='ltr'>iuniore</span> <span class='ocrx_word' id='word_1_142' title='bbox 561 2055 816 2102; x_wconf 77' lang='lat' dir='ltr'>imperatorilms,</span> <span class='ocrx_word' id='word_1_143' title='bbox 845 2068 861 2090; x_wconf 86' lang='lat' dir='ltr'>a</span> <span class='ocrx_word' id='word_1_144' title='bbox 885 2055 1049 2090; x_wconf 72' lang='lat' dir='ltr'>consulatu</span> <span class='ocrx_word' id='word_1_145' title='bbox 1069 2055 1170 2090; x_wconf 69' lang='lat' dir='ltr'>Arca-</span> 
     </span>
     <span class='ocr_line' id='line_1_32' title="bbox 415 2104 1168 2151; baseline 0.001 -12"><span class='ocrx_word' id='word_1_146' title='bbox 415 2104 458 2139; x_wconf 91' lang='lat' dir='ltr'>dii</span> <span class='ocrx_word' id='word_1_147' title='bbox 488 2113 517 2138; x_wconf 86' lang='lat' dir='ltr'>et</span> <span class='ocrx_word' id='word_1_148' title='bbox 550 2104 681 2139; x_wconf 85' lang='lat' dir='ltr'>Honorii</span> <span class='ocrx_word' id='word_1_149' title='bbox 714 2105 795 2151; x_wconf 69' lang='lat' dir='ltr'>Aug.</span> <span class='ocrx_word' id='word_1_150' title='bbox 838 2105 865 2138; x_wconf 81' lang='lat' dir='ltr'>V</span> <span class='ocrx_word' id='word_1_151' title='bbox 887 2106 923 2140; x_wconf 84' lang='lat' dir='ltr'>ad</span> <span class='ocrx_word' id='word_1_152' title='bbox 953 2105 1168 2140; x_wconf 69' lang='lat' dir='ltr'>Theodosium</span> 
     </span>
     <span class='ocr_line' id='line_1_33' title="bbox 415 2154 1168 2201; baseline 0.003 -13"><span class='ocrx_word' id='word_1_153' title='bbox 415 2154 571 2189; x_wconf 74' lang='lat' dir='ltr'>Iuniorem</span> <span class='ocrx_word' id='word_1_154' title='bbox 596 2154 679 2201; x_wconf 79' lang='lat' dir='ltr'>Aug.</span> <span class='ocrx_word' id='word_1_155' title='bbox 704 2154 761 2188; x_wconf 84' lang='lat' dir='ltr'>Vll</span> <span class='ocrx_word' id='word_1_156' title='bbox 791 2163 821 2190; x_wconf 86' lang='lat' dir='ltr'>et</span> <span class='ocrx_word' id='word_1_157' title='bbox 854 2155 979 2189; x_wconf 87' lang='lat' dir='ltr'>lunium</span> <span class='ocrx_word' id='word_1_158' title='bbox 1012 2156 1168 2197; x_wconf 77' lang='lat' dir='ltr'>Quartum</span> 
     </span>
     <span class='ocr_line' id='line_1_34' title="bbox 415 2203 1168 2246; baseline 0.003 -8"><span class='ocrx_word' id='word_1_159' title='bbox 415 2203 590 2239; x_wconf 87' lang='lat' dir='ltr'>Palladium</span> <span class='ocrx_word' id='word_1_160' title='bbox 614 2216 696 2239; x_wconf 84' lang='lat' dir='ltr'>coss.</span> <span class='ocrx_word' id='word_1_161' title='bbox 729 2204 876 2246; x_wconf 82' lang='lat' dir='ltr'>Quatuor</span> <span class='ocrx_word' id='word_1_162' title='bbox 898 2205 1015 2241; x_wconf 85' lang='lat' dir='ltr'>habitis</span> <span class='ocrx_word' id='word_1_163' title='bbox 1037 2206 1168 2241; x_wconf 86' lang='lat' dir='ltr'>ordina-</span> 
     </span>
    </p>
   </div>
   <div class='ocr_carea' id='block_1_10' title="bbox 411 2315 1171 2674">
    <p class='ocr_par' dir='ltr' id='par_1_10' title="bbox 411 2315 1171 2674">
     <span class='ocr_line' id='line_1_35' title="bbox 449 2315 1170 2351; baseline 0.004 -9"><span class='ocrx_word' id='word_1_164' title='bbox 449 2315 489 2349; x_wconf 87' lang='lat' dir='ltr'>(l)</span> <span class='ocrx_word' id='word_1_165' title='bbox 508 2315 614 2351; x_wconf 76' lang='lat' dir='ltr'>Duplex</span> <span class='ocrx_word' id='word_1_166' title='bbox 643 2317 832 2344; x_wconf 87' lang='lat' dir='ltr'>coemeterium</span> <span class='ocrx_word' id='word_1_167' title='bbox 859 2317 890 2343; x_wconf 77' lang='lat' dir='ltr'>ad</span> <span class='ocrx_word' id='word_1_168' title='bbox 921 2319 1015 2344; x_wconf 45' lang='lat' dir='ltr'>Limum</span> <span class='ocrx_word' id='word_1_169' title='bbox 1041 2319 1170 2347; x_wconf 63' lang='lat' dir='ltr'>Pacuium</span> 
     </span>
     <span class='ocr_line' id='line_1_36' title="bbox 413 2350 1171 2387; baseline 0.009 -10"><span class='ocrx_word' id='word_1_170' title='bbox 413 2350 538 2386; x_wconf 70' lang='lat' dir='ltr'>distingui</span> <span class='ocrx_word' id='word_1_171' title='bbox 555 2360 567 2378; x_wconf 90' lang='lat' dir='ltr'>a</span> <span class='ocrx_word' id='word_1_172' title='bbox 582 2359 718 2378; x_wconf 80' lang='lat' dir='ltr'>sacrarum</span> <span class='ocrx_word' id='word_1_173' title='bbox 733 2357 889 2387; x_wconf 71' lang='lat' dir='ltr'>cryptarum</span> <span class='ocrx_word' id='word_1_174' title='bbox 906 2355 1105 2381; x_wconf 74' lang='lat' dir='ltr'>enarratoribus</span> <span class='ocrx_word' id='word_1_175' title='bbox 1122 2359 1171 2383; x_wconf 79' lang='lat' dir='ltr'>ad-</span> 
     </span>
     <span class='ocr_line' id='line_1_37' title="bbox 413 2388 1169 2424; baseline 0.005 -11"><span class='ocrx_word' id='word_1_176' title='bbox 413 2388 520 2414; x_wconf 74' lang='lat' dir='ltr'>notavi:</span> <span class='ocrx_word' id='word_1_177' title='bbox 541 2388 583 2414; x_wconf 77' lang='lat' dir='ltr'>via</span> <span class='ocrx_word' id='word_1_178' title='bbox 599 2388 738 2416; x_wconf 86' lang='lat' dir='ltr'>Portuensi</span> <span class='ocrx_word' id='word_1_179' title='bbox 760 2390 886 2423; x_wconf 79' lang='lat' dir='ltr'>primum,</span> <span class='ocrx_word' id='word_1_180' title='bbox 911 2394 984 2416; x_wconf 70' lang='lat' dir='ltr'>extre</span> <span class='ocrx_word' id='word_1_181' title='bbox 1003 2391 1107 2424; x_wconf 48' lang='lat' dir='ltr'>urbem,</span> <span class='ocrx_word' id='word_1_182' title='bbox 1126 2394 1169 2419; x_wconf 65' lang='lat' dir='ltr'>ulii</span> 
     </span>
     <span class='ocr_line' id='line_1_38' title="bbox 414 2422 1169 2457; baseline 0.008 -8"><span class='ocrx_word' id='word_1_183' title='bbox 414 2422 510 2457; x_wconf 78' lang='lat' dir='ltr'>sepulti</span> <span class='ocrx_word' id='word_1_184' title='bbox 527 2427 589 2450; x_wconf 82' lang='lat' dir='ltr'>sunt</span> <span class='ocrx_word' id='word_1_185' title='bbox 604 2424 631 2452; x_wconf 83' lang='lat' dir='ltr'>S.</span> <span class='ocrx_word' id='word_1_186' title='bbox 656 2425 809 2451; x_wconf 77' lang='lat' dir='ltr'>Anastasius</span> <span class='ocrx_word' id='word_1_187' title='bbox 826 2428 850 2451; x_wconf 87' lang='lat' dir='ltr'>et</span> <span class='ocrx_word' id='word_1_188' title='bbox 867 2425 892 2451; x_wconf 74' lang='lat' dir='ltr'>Sv</span> <span class='ocrx_word' id='word_1_189' title='bbox 921 2426 1091 2453; x_wconf 80' lang='lat' dir='ltr'>Innocentius</span> <span class='ocrx_word' id='word_1_190' title='bbox 1107 2438 1169 2455; x_wconf 68' lang='lat' dir='ltr'>suc-</span> 
     </span>
     <span class='ocr_line' id='line_1_39' title="bbox 413 2460 1168 2496; baseline 0.009 -12"><span class='ocrx_word' id='word_1_191' title='bbox 413 2465 521 2490; x_wconf 61' lang='lat' dir='ltr'>ces-som</span> <span class='ocrx_word' id='word_1_192' title='bbox 541 2460 566 2485; x_wconf 92' lang='lat' dir='ltr'>in</span> <span class='ocrx_word' id='word_1_193' title='bbox 591 2460 722 2494; x_wconf 69' lang='lat' dir='ltr'>Exquiliis</span> <span class='ocrx_word' id='word_1_194' title='bbox 745 2460 857 2487; x_wconf 79' lang='lat' dir='ltr'>alterum</span> <span class='ocrx_word' id='word_1_195' title='bbox 885 2469 968 2496; x_wconf 76' lang='lat' dir='ltr'>prope</span> <span class='ocrx_word' id='word_1_196' title='bbox 985 2462 1121 2490; x_wconf 72' lang='lat' dir='ltr'>ecclesiam</span> <span class='ocrx_word' id='word_1_197' title='bbox 1142 2466 1168 2491; x_wconf 84' lang='lat' dir='ltr'>S.</span> 
     </span>
     <span class='ocr_line' id='line_1_40' title="bbox 413 2494 1169 2532; baseline 0.011 -13"><span class='ocrx_word' id='word_1_198' title='bbox 413 2494 536 2521; x_wconf 78' lang='lat' dir='ltr'>Bibianae</span> <span class='ocrx_word' id='word_1_199' title='bbox 552 2495 623 2522; x_wconf 78' lang='lat' dir='ltr'>intra</span> <span class='ocrx_word' id='word_1_200' title='bbox 644 2496 748 2528; x_wconf 78' lang='lat' dir='ltr'>urbem,</span> <span class='ocrx_word' id='word_1_201' title='bbox 773 2505 826 2530; x_wconf 76' lang='lat' dir='ltr'>quo</span> <span class='ocrx_word' id='word_1_202' title='bbox 853 2497 976 2523; x_wconf 64' lang='lat' dir='ltr'>ti‘aiislata</span> <span class='ocrx_word' id='word_1_203' title='bbox 999 2500 1169 2532; x_wconf 77' lang='lat' dir='ltr'>postmodum</span> 
     </span>
     <span class='ocr_line' id='line_1_41' title="bbox 414 2529 1170 2567; baseline 0.009 -12"><span class='ocrx_word' id='word_1_204' title='bbox 414 2529 488 2556; x_wconf 79' lang='lat' dir='ltr'>suere</span> <span class='ocrx_word' id='word_1_205' title='bbox 504 2530 598 2558; x_wconf 85' lang='lat' dir='ltr'>horum</span> <span class='ocrx_word' id='word_1_206' title='bbox 616 2532 771 2559; x_wconf 77' lang='lat' dir='ltr'>Pontificum</span> <span class='ocrx_word' id='word_1_207' title='bbox 790 2540 912 2567; x_wconf 44' lang='lat' dir='ltr'>corpora,</span> <span class='ocrx_word' id='word_1_208' title='bbox 935 2534 1031 2559; x_wconf 71' lang='lat' dir='ltr'>l&#39;rsum</span> <span class='ocrx_word' id='word_1_209' title='bbox 1047 2542 1110 2562; x_wconf 65' lang='lat' dir='ltr'>vero</span> <span class='ocrx_word' id='word_1_210' title='bbox 1126 2538 1170 2562; x_wconf 66' lang='lat' dir='ltr'>Pi·-</span> 
     </span>
     <span class='ocr_line' id='line_1_42' title="bbox 414 2567 1169 2603; baseline 0.009 -12"><span class='ocrx_word' id='word_1_211' title='bbox 414 2567 514 2592; x_wconf 77' lang='lat' dir='ltr'>leolum</span> <span class='ocrx_word' id='word_1_212' title='bbox 530 2567 630 2602; x_wconf 78' lang='lat' dir='ltr'>insigne</span> <span class='ocrx_word' id='word_1_213' title='bbox 653 2568 756 2594; x_wconf 81' lang='lat' dir='ltr'>vicinae</span> <span class='ocrx_word' id='word_1_214' title='bbox 773 2568 879 2603; x_wconf 79' lang='lat' dir='ltr'>utrique</span> <span class='ocrx_word' id='word_1_215' title='bbox 894 2570 1052 2596; x_wconf 68' lang='lat' dir='ltr'>coemeterio</span> <span class='ocrx_word' id='word_1_216' title='bbox 1068 2571 1169 2598; x_wconf 82' lang='lat' dir='ltr'>Taber—</span> 
     </span>
     <span class='ocr_line' id='line_1_43' title="bbox 412 2601 1169 2639; baseline 0.009 -12"><span class='ocrx_word' id='word_1_217' title='bbox 412 2608 461 2627; x_wconf 85' lang='lat' dir='ltr'>nao</span> <span class='ocrx_word' id='word_1_218' title='bbox 477 2601 557 2629; x_wconf 79' lang='lat' dir='ltr'>fuisse</span> <span class='ocrx_word' id='word_1_219' title='bbox 573 2611 624 2629; x_wconf 86' lang='lat' dir='ltr'>non</span> <span class='ocrx_word' id='word_1_220' title='bbox 640 2602 836 2636; x_wconf 56' lang='lat' dir='ltr'>dubitaverim</span> <span class='ocrx_word' id='word_1_221' title='bbox 850 2609 926 2639; x_wconf 83' lang='lat' dir='ltr'>prout</span> <span class='ocrx_word' id='word_1_222' title='bbox 943 2605 1022 2633; x_wconf 80' lang='lat' dir='ltr'>etiam</span> <span class='ocrx_word' id='word_1_223' title='bbox 1049 2608 1169 2635; x_wconf 69' lang='lat' dir='ltr'>Gallinas</span> 
     </span>
     <span class='ocr_line' id='line_1_44' title="bbox 411 2638 832 2674; baseline 0.012 -11"><span class='ocrx_word' id='word_1_224' title='bbox 411 2639 503 2670; x_wconf 76' lang='lat' dir='ltr'>Albas,</span> <span class='ocrx_word' id='word_1_225' title='bbox 521 2641 545 2665; x_wconf 80' lang='lat' dir='ltr'>et</span> <span class='ocrx_word' id='word_1_226' title='bbox 561 2638 611 2666; x_wconf 84' lang='lat' dir='ltr'>alia</span> <span class='ocrx_word' id='word_1_227' title='bbox 626 2638 705 2667; x_wconf 84' lang='lat' dir='ltr'>huius</span> <span class='ocrx_word' id='word_1_228' title='bbox 720 2641 832 2674; x_wconf 76' lang='lat' dir='ltr'>generis.</span> 
     </span>
    </p>
   </div>
   <div class='ocr_carea' id='block_1_11' title="bbox 1048 233 1355 257">
    <p class='ocr_par' dir='ltr' id='par_1_11' title="bbox 1048 233 1355 257">
     <span class='ocr_line' id='line_1_45' title="bbox 1048 233 1355 257; baseline 0 -1"><span class='ocrx_word' id='word_1_229' title='bbox 1048 234 1132 257; x_wconf 77' lang='lat' dir='ltr'><strong>vlTAE</strong></span> <span class='ocrx_word' id='word_1_230' title='bbox 1160 234 1250 256; x_wconf 63' lang='lat' dir='ltr'>POST!</span> <span class='ocrx_word' id='word_1_231' title='bbox 1257 233 1355 256; x_wconf 78' lang='lat' dir='ltr'>Flcml</span> 
     </span>
    </p>
   </div>
   <div class='ocr_carea' id='block_1_12' title="bbox 1215 285 1969 571">
    <p class='ocr_par' dir='ltr' id='par_1_12' title="bbox 1215 285 1969 571">
     <span class='ocr_line' id='line_1_46' title="bbox 1220 285 1969 334; baseline -0.004 -12"><span class='ocrx_word' id='word_1_232' title='bbox 1220 289 1371 328; x_wconf 76' lang='lat' dir='ltr'>tionibus,</span> <span class='ocrx_word' id='word_1_233' title='bbox 1394 287 1510 322; x_wconf 82' lang='lat' dir='ltr'>creavit</span> <span class='ocrx_word' id='word_1_234' title='bbox 1538 287 1734 334; x_wconf 67' lang='lat' dir='ltr'>presbyteros</span> <span class='ocrx_word' id='word_1_235' title='bbox 1755 286 1892 333; x_wconf 79' lang='lat' dir='ltr'>triginta,</span> <span class='ocrx_word' id='word_1_236' title='bbox 1907 285 1969 321; x_wconf 91' lang='lat' dir='ltr'>dia-</span> 
     </span>
     <span class='ocr_line' id='line_1_47' title="bbox 1218 336 1968 384; baseline -0.004 -12"><span class='ocrx_word' id='word_1_237' title='bbox 1218 351 1314 372; x_wconf 80' lang='lat' dir='ltr'>conos</span> <span class='ocrx_word' id='word_1_238' title='bbox 1342 336 1536 384; x_wconf 80' lang='lat' dir='ltr'>quindecim,</span> <span class='ocrx_word' id='word_1_239' title='bbox 1572 337 1741 383; x_wconf 84' lang='lat' dir='ltr'>episcopos</span> <span class='ocrx_word' id='word_1_240' title='bbox 1769 348 1824 382; x_wconf 84' lang='lat' dir='ltr'>per</span> <span class='ocrx_word' id='word_1_241' title='bbox 1845 336 1968 370; x_wconf 84' lang='lat' dir='ltr'>diversa</span> 
     </span>
     <span class='ocr_line' id='line_1_48' title="bbox 1218 384 1968 434; baseline -0.005 -12"><span class='ocrx_word' id='word_1_242' title='bbox 1218 388 1285 422; x_wconf 70' lang='lat' dir='ltr'>loca</span> <span class='ocrx_word' id='word_1_243' title='bbox 1309 385 1534 434; x_wconf 75' lang='lat' dir='ltr'>quinquaginta</span> <span class='ocrx_word' id='word_1_244' title='bbox 1562 394 1706 432; x_wconf 84' lang='lat' dir='ltr'>quatuor.</span> <span class='ocrx_word' id='word_1_245' title='bbox 1734 384 1821 420; x_wconf 86' lang='lat' dir='ltr'>Obiit</span> <span class='ocrx_word' id='word_1_246' title='bbox 1847 386 1899 421; x_wconf 84' lang='lat' dir='ltr'>die</span> <span class='ocrx_word' id='word_1_247' title='bbox 1923 386 1968 419; x_wconf 78' lang='grc'>14</span> 
     </span>
     <span class='ocr_line' id='line_1_49' title="bbox 1217 434 1968 482; baseline -0.004 -11"><span class='ocrx_word' id='word_1_248' title='bbox 1217 437 1376 476; x_wconf 83' lang='lat' dir='ltr'>februarii,</span> <span class='ocrx_word' id='word_1_249' title='bbox 1399 448 1482 470; x_wconf 91' lang='lat' dir='ltr'>anno</span> <span class='ocrx_word' id='word_1_250' title='bbox 1510 437 1593 480; x_wconf 78' lang='lat'>417,</span> <span class='ocrx_word' id='word_1_251' title='bbox 1619 443 1648 469; x_wconf 84' lang='lat' dir='ltr'>et</span> <span class='ocrx_word' id='word_1_252' title='bbox 1670 434 1813 482; x_wconf 86' lang='lat' dir='ltr'>sepultus</span> <span class='ocrx_word' id='word_1_253' title='bbox 1839 446 1968 482; x_wconf 82' lang='lat' dir='ltr'>quoque</span> 
     </span>
     <span class='ocr_line' id='line_1_50' title="bbox 1216 483 1968 521; baseline -0.003 -1"><span class='ocrx_word' id='word_1_254' title='bbox 1216 495 1262 521; x_wconf 85' lang='lat' dir='ltr'>est</span> <span class='ocrx_word' id='word_1_255' title='bbox 1295 486 1333 521; x_wconf 87' lang='lat' dir='ltr'>ad</span> <span class='ocrx_word' id='word_1_256' title='bbox 1371 485 1489 521; x_wconf 85' lang='lat' dir='ltr'>Ursum</span> <span class='ocrx_word' id='word_1_257' title='bbox 1524 484 1690 520; x_wconf 86' lang='lat' dir='ltr'>Pileatum.</span> <span class='ocrx_word' id='word_1_258' title='bbox 1725 483 1855 520; x_wconf 88' lang='lat' dir='ltr'>Vacavit</span> <span class='ocrx_word' id='word_1_259' title='bbox 1877 484 1968 519; x_wconf 85' lang='lat' dir='ltr'>sedes</span> 
     </span>
     <span class='ocr_line' id='line_1_51' title="bbox 1215 537 1383 571; baseline -0.006 0"><span class='ocrx_word' id='word_1_260' title='bbox 1215 537 1284 571; x_wconf 87' lang='lat' dir='ltr'>dies</span> <span class='ocrx_word' id='word_1_261' title='bbox 1307 548 1383 571; x_wconf 83' lang='lat' dir='ltr'>xxu.</span> 
     </span>
    </p>
   </div>
   <div class='ocr_carea' id='block_1_13' title="bbox 1265 796 1918 913">
    <p class='ocr_par' dir='ltr' id='par_1_13' title="bbox 1265 796 1918 913">
     <span class='ocr_line' id='line_1_52' title="bbox 1468 796 1714 831; baseline 0 0"><span class='ocrx_word' id='word_1_262' title='bbox 1468 796 1579 831; x_wconf 76' lang='lat' dir='ltr'>PAPA</span> <span class='ocrx_word' id='word_1_263' title='bbox 1613 796 1714 831; x_wconf 83' lang='lat' dir='ltr'>XLIII</span> 
     </span>
     <span class='ocr_line' id='line_1_53' title="bbox 1265 877 1918 913; baseline -0.002 -1"><span class='ocrx_word' id='word_1_264' title='bbox 1265 879 1357 912; x_wconf 69' lang='lat' dir='ltr'>,timo</span> <span class='ocrx_word' id='word_1_265' title='bbox 1379 891 1469 913; x_wconf 79' lang='lat' dir='ltr'>aerae</span> <span class='ocrx_word' id='word_1_266' title='bbox 1492 879 1607 913; x_wconf 70' lang='lat' dir='ltr'>Christi</span> <span class='ocrx_word' id='word_1_267' title='bbox 1622 890 1730 912; x_wconf 83' lang='lat' dir='ltr'>comm.</span> <span class='ocrx_word' id='word_1_268' title='bbox 1749 877 1918 912; x_wconf 85' lang='lat' dir='ltr'>GDXVII.</span> 
     </span>
    </p>
   </div>
   <div class='ocr_carea' id='block_1_14' title="bbox 1211 955 1969 1692">
    <p class='ocr_par' dir='ltr' id='par_1_14' title="bbox 1211 955 1969 1692">
     <span class='ocr_line' id='line_1_54' title="bbox 1263 955 1969 1002; baseline -0.001 -13"><span class='ocrx_word' id='word_1_269' title='bbox 1263 955 1422 1001; x_wconf 77' lang='lat' dir='ltr'>Zosimus,</span> <span class='ocrx_word' id='word_1_270' title='bbox 1466 957 1591 991; x_wconf 85' lang='lat' dir='ltr'>natione</span> <span class='ocrx_word' id='word_1_271' title='bbox 1631 967 1774 1002; x_wconf 76' lang='lat' dir='ltr'>graecus,</span> <span class='ocrx_word' id='word_1_272' title='bbox 1805 967 1843 989; x_wconf 83' lang='lat' dir='ltr'>ex</span> <span class='ocrx_word' id='word_1_273' title='bbox 1883 961 1969 1001; x_wconf 83' lang='lat' dir='ltr'>patre</span> 
     </span>
     <span class='ocr_line' id='line_1_55' title="bbox 1215 1003 1969 1046; baseline -0.001 -7"><span class='ocrx_word' id='word_1_274' title='bbox 1215 1005 1406 1045; x_wconf 70' lang='lat' dir='ltr'>Abrahamo,</span> <span class='ocrx_word' id='word_1_275' title='bbox 1442 1007 1561 1042; x_wconf 80' lang='lat' dir='ltr'>electus</span> <span class='ocrx_word' id='word_1_276' title='bbox 1600 1005 1652 1040; x_wconf 88' lang='lat' dir='ltr'>die</span> <span class='ocrx_word' id='word_1_277' title='bbox 1683 1008 1722 1046; x_wconf 84' lang='lat'>9,</span> <span class='ocrx_word' id='word_1_278' title='bbox 1746 1012 1778 1039; x_wconf 90' lang='lat' dir='ltr'>et</span> <span class='ocrx_word' id='word_1_279' title='bbox 1805 1003 1969 1039; x_wconf 86' lang='lat' dir='ltr'>ordinatus</span> 
     </span>
     <span class='ocr_line' id='line_1_56' title="bbox 1215 1055 1968 1095; baseline -0.001 -6"><span class='ocrx_word' id='word_1_280' title='bbox 1215 1068 1363 1090; x_wconf 86' lang='lat' dir='ltr'>romanus</span> <span class='ocrx_word' id='word_1_281' title='bbox 1374 1056 1520 1091; x_wconf 80' lang='lat' dir='ltr'>Pontifex</span> <span class='ocrx_word' id='word_1_282' title='bbox 1534 1055 1584 1091; x_wconf 87' lang='lat' dir='ltr'>die</span> <span class='ocrx_word' id='word_1_283' title='bbox 1602 1058 1641 1090; x_wconf 75' lang='lat'>11</span> <span class='ocrx_word' id='word_1_284' title='bbox 1663 1055 1868 1095; x_wconf 79' lang='lat' dir='ltr'>martii,anno</span> <span class='ocrx_word' id='word_1_285' title='bbox 1884 1056 1968 1094; x_wconf 78' lang='lat'>417,</span> 
     </span>
     <span class='ocr_line' id='line_1_57' title="bbox 1214 1103 1969 1152; baseline -0.001 -13"><span class='ocrx_word' id='word_1_286' title='bbox 1214 1105 1355 1141; x_wconf 83' lang='lat' dir='ltr'>Honorio</span> <span class='ocrx_word' id='word_1_287' title='bbox 1373 1115 1403 1141; x_wconf 86' lang='lat' dir='ltr'>ct</span> <span class='ocrx_word' id='word_1_288' title='bbox 1424 1105 1606 1141; x_wconf 78' lang='lat' dir='ltr'>Theodosio</span> <span class='ocrx_word' id='word_1_289' title='bbox 1635 1106 1701 1140; x_wconf 90' lang='lat' dir='ltr'>iun.</span> <span class='ocrx_word' id='word_1_290' title='bbox 1726 1105 1828 1152; x_wconf 64' lang='lat' dir='ltr'>Aug,</span> <span class='ocrx_word' id='word_1_291' title='bbox 1852 1103 1969 1151; x_wconf 88' lang='lat' dir='ltr'>quibus</span> 
     </span>
     <span class='ocr_line' id='line_1_58' title="bbox 1216 1155 1967 1202; baseline -0.001 -13"><span class='ocrx_word' id='word_1_292' title='bbox 1216 1155 1445 1202; x_wconf 78' lang='lat' dir='ltr'>imperantibus</span> <span class='ocrx_word' id='word_1_293' title='bbox 1467 1156 1548 1191; x_wconf 84' lang='lat' dir='ltr'>sedit</span> <span class='ocrx_word' id='word_1_294' title='bbox 1570 1167 1689 1192; x_wconf 91' lang='lat' dir='ltr'>annum</span> <span class='ocrx_word' id='word_1_295' title='bbox 1711 1167 1735 1196; x_wconf 90' lang='lat'>1,</span> <span class='ocrx_word' id='word_1_296' title='bbox 1759 1166 1884 1189; x_wconf 82' lang='lat' dir='ltr'>menses</span> <span class='ocrx_word' id='word_1_297' title='bbox 1905 1166 1967 1198; x_wconf 82' lang='lat' dir='ltr'>vn,</span> 
     </span>
     <span class='ocr_line' id='line_1_59' title="bbox 1213 1203 1968 1252; baseline -0.003 -11"><span class='ocrx_word' id='word_1_298' title='bbox 1213 1206 1282 1241; x_wconf 76' lang='lat' dir='ltr'>dies</span> <span class='ocrx_word' id='word_1_299' title='bbox 1305 1218 1367 1240; x_wconf 76' lang='lat' dir='ltr'>xxv</span> <span class='ocrx_word' id='word_1_300' title='bbox 1390 1206 1448 1241; x_wconf 88' lang='lat' dir='ltr'>sub</span> <span class='ocrx_word' id='word_1_301' title='bbox 1475 1204 1693 1241; x_wconf 85' lang='lat' dir='ltr'>consulatibus</span> <span class='ocrx_word' id='word_1_302' title='bbox 1727 1205 1865 1252; x_wconf 81' lang='lat' dir='ltr'>primum</span> <span class='ocrx_word' id='word_1_303' title='bbox 1897 1203 1968 1239; x_wconf 91' lang='lat' dir='ltr'>Ho-</span> 
     </span>
     <span class='ocr_line' id='line_1_60' title="bbox 1215 1253 1967 1301; baseline -0.003 -11"><span class='ocrx_word' id='word_1_304' title='bbox 1215 1256 1293 1290; x_wconf 88' lang='lat' dir='ltr'>uorii</span> <span class='ocrx_word' id='word_1_305' title='bbox 1333 1256 1415 1301; x_wconf 73' lang='lat' dir='ltr'>Aug.</span> <span class='ocrx_word' id='word_1_306' title='bbox 1447 1256 1489 1291; x_wconf 83' lang='lat' dir='ltr'>XI</span> <span class='ocrx_word' id='word_1_307' title='bbox 1525 1264 1555 1291; x_wconf 84' lang='lat' dir='ltr'>et</span> <span class='ocrx_word' id='word_1_308' title='bbox 1601 1254 1778 1290; x_wconf 87' lang='lat' dir='ltr'>Constantii</span> <span class='ocrx_word' id='word_1_309' title='bbox 1816 1253 1863 1299; x_wconf 90' lang='lat' dir='ltr'>II,-</span> <span class='ocrx_word' id='word_1_310' title='bbox 1896 1266 1967 1289; x_wconf 83' lang='lat' dir='ltr'>mox</span> 
     </span>
     <span class='ocr_line' id='line_1_61' title="bbox 1213 1303 1967 1341; baseline -0.003 -1"><span class='ocrx_word' id='word_1_311' title='bbox 1213 1305 1345 1340; x_wconf 86' lang='lat' dir='ltr'>lIonorii</span> <span class='ocrx_word' id='word_1_312' title='bbox 1369 1305 1427 1341; x_wconf 83' lang='lat' dir='ltr'>XII</span> <span class='ocrx_word' id='word_1_313' title='bbox 1449 1315 1479 1341; x_wconf 87' lang='lat' dir='ltr'>et</span> <span class='ocrx_word' id='word_1_314' title='bbox 1501 1305 1676 1341; x_wconf 84' lang='lat' dir='ltr'>Theodosii</span> <span class='ocrx_word' id='word_1_315' title='bbox 1699 1303 1781 1339; x_wconf 86' lang='lat' dir='ltr'>VIII.</span> <span class='ocrx_word' id='word_1_316' title='bbox 1804 1303 1893 1339; x_wconf 85' lang='lat' dir='ltr'>Fecit</span> <span class='ocrx_word' id='word_1_317' title='bbox 1915 1316 1967 1338; x_wconf 87' lang='lat' dir='ltr'>or-</span> 
     </span>
     <span class='ocr_line' id='line_1_62' title="bbox 1213 1353 1966 1404; baseline 0 -15"><span class='ocrx_word' id='word_1_318' title='bbox 1213 1356 1406 1391; x_wconf 84' lang='lat' dir='ltr'>dinationem</span> <span class='ocrx_word' id='word_1_319' title='bbox 1436 1368 1528 1391; x_wconf 88' lang='lat' dir='ltr'>uuam</span> <span class='ocrx_word' id='word_1_320' title='bbox 1558 1355 1811 1404; x_wconf 81' lang='lat' dir='ltr'>presbyterorum</span> <span class='ocrx_word' id='word_1_321' title='bbox 1840 1353 1966 1394; x_wconf 83' lang='lat' dir='ltr'>decem,</span> 
     </span>
     <span class='ocr_line' id='line_1_63' title="bbox 1213 1405 1968 1453; baseline -0.001 -14"><span class='ocrx_word' id='word_1_322' title='bbox 1213 1405 1419 1441; x_wconf 85' lang='lat' dir='ltr'>diaconorum</span> <span class='ocrx_word' id='word_1_323' title='bbox 1456 1407 1568 1451; x_wconf 87' lang='lat' dir='ltr'>trium,</span> <span class='ocrx_word' id='word_1_324' title='bbox 1604 1407 1776 1453; x_wconf 83' lang='lat' dir='ltr'>episcopos</span> <span class='ocrx_word' id='word_1_325' title='bbox 1811 1416 1884 1439; x_wconf 83' lang='lat' dir='ltr'>vero</span> <span class='ocrx_word' id='word_1_326' title='bbox 1913 1416 1968 1451; x_wconf 85' lang='lat' dir='ltr'>per</span> 
     </span>
     <span class='ocr_line' id='line_1_64' title="bbox 1212 1454 1967 1500; baseline 0 -11"><span class='ocrx_word' id='word_1_327' title='bbox 1212 1455 1332 1491; x_wconf 72' lang='lat' dir='ltr'>diversa</span> <span class='ocrx_word' id='word_1_328' title='bbox 1361 1457 1427 1491; x_wconf 87' lang='lat' dir='ltr'>loca</span> <span class='ocrx_word' id='word_1_329' title='bbox 1460 1465 1530 1492; x_wconf 89' lang='lat' dir='ltr'>octo</span> <span class='ocrx_word' id='word_1_330' title='bbox 1561 1456 1687 1491; x_wconf 84' lang='lat' dir='ltr'>creavit.</span> <span class='ocrx_word' id='word_1_331' title='bbox 1721 1454 1810 1489; x_wconf 85' lang='lat' dir='ltr'>Obiit</span> <span class='ocrx_word' id='word_1_332' title='bbox 1835 1454 1888 1490; x_wconf 85' lang='lat' dir='ltr'>die</span> <span class='ocrx_word' id='word_1_333' title='bbox 1911 1456 1967 1500; x_wconf 38' lang='lat'>,15</span> 
     </span>
     <span class='ocr_line' id='line_1_65' title="bbox 1213 1505 1966 1553; baseline -0.001 -14"><span class='ocrx_word' id='word_1_334' title='bbox 1213 1505 1404 1551; x_wconf 71' lang='lat' dir='ltr'>decembris,</span> <span class='ocrx_word' id='word_1_335' title='bbox 1426 1519 1508 1541; x_wconf 89' lang='lat' dir='ltr'>anno</span> <span class='ocrx_word' id='word_1_336' title='bbox 1543 1508 1626 1551; x_wconf 67' lang='lat'>418,</span> <span class='ocrx_word' id='word_1_337' title='bbox 1656 1505 1885 1553; x_wconf 84' lang='lat' dir='ltr'>depositusque</span> <span class='ocrx_word' id='word_1_338' title='bbox 1917 1512 1966 1539; x_wconf 86' lang='lat' dir='ltr'>est</span> 
     </span>
     <span class='ocr_line' id='line_1_66' title="bbox 1213 1554 1965 1604; baseline 0 -16"><span class='ocrx_word' id='word_1_339' title='bbox 1213 1556 1295 1590; x_wconf 83' lang='lat' dir='ltr'>iuxta</span> <span class='ocrx_word' id='word_1_340' title='bbox 1318 1568 1434 1604; x_wconf 81' lang='lat' dir='ltr'>corpus</span> <span class='ocrx_word' id='word_1_341' title='bbox 1460 1556 1542 1591; x_wconf 83' lang='lat' dir='ltr'>beati</span> <span class='ocrx_word' id='word_1_342' title='bbox 1564 1555 1727 1591; x_wconf 86' lang='lat' dir='ltr'>Laurentii</span> <span class='ocrx_word' id='word_1_343' title='bbox 1745 1554 1901 1603; x_wconf 80' lang='lat' dir='ltr'>martyris,</span> <span class='ocrx_word' id='word_1_344' title='bbox 1917 1554 1965 1589; x_wconf 90' lang='lat' dir='ltr'>via</span> 
     </span>
     <span class='ocr_line' id='line_1_67' title="bbox 1211 1603 1967 1649; baseline 0 -10"><span class='ocrx_word' id='word_1_345' title='bbox 1211 1605 1386 1649; x_wconf 83' lang='lat' dir='ltr'>Tiburtina,</span> <span class='ocrx_word' id='word_1_346' title='bbox 1415 1609 1436 1641; x_wconf 87' lang='grc'>8</span> <span class='ocrx_word' id='word_1_347' title='bbox 1464 1606 1523 1642; x_wconf 78' lang='lat' dir='ltr'>kal.</span> <span class='ocrx_word' id='word_1_348' title='bbox 1547 1605 1692 1642; x_wconf 89' lang='lat' dir='ltr'>ianuarii.</span> <span class='ocrx_word' id='word_1_349' title='bbox 1718 1604 1849 1641; x_wconf 85' lang='lat' dir='ltr'>Vacavit</span> <span class='ocrx_word' id='word_1_350' title='bbox 1874 1603 1967 1640; x_wconf 85' lang='lat' dir='ltr'>sedes</span> 
     </span>
     <span class='ocr_line' id='line_1_68' title="bbox 1212 1655 1347 1692; baseline 0.007 -3"><span class='ocrx_word' id='word_1_351' title='bbox 1212 1655 1281 1691; x_wconf 87' lang='lat' dir='ltr'>dies</span> <span class='ocrx_word' id='word_1_352' title='bbox 1304 1669 1347 1692; x_wconf 82' lang='lat' dir='ltr'>x1.</span> 
     </span>
    </p>
   </div>
   <div class='ocr_carea' id='block_1_15' title="bbox 1429 1814 1748 1864">
    <p class='ocr_par' dir='ltr' id='par_1_15' title="bbox 1429 1814 1748 1864">
     <span class='ocr_line' id='line_1_69' title="bbox 1429 1814 1748 1864; baseline 0 0"><span class='ocrx_word' id='word_1_353' title='bbox 1429 1815 1466 1864; x_wconf 88' lang='lat' dir='ltr'>S.</span> <span class='ocrx_word' id='word_1_354' title='bbox 1495 1814 1748 1864; x_wconf 80' lang='lat' dir='ltr'>BONIFACIUS</span> 
     </span>
    </p>
   </div>
   <div class='ocr_carea' id='block_1_16' title="bbox 1237 1918 1938 2032">
    <p class='ocr_par' dir='ltr' id='par_1_16' title="bbox 1237 1918 1938 2032">
     <span class='ocr_line' id='line_1_70' title="bbox 1470 1918 1710 1954; baseline 0.004 -1"><span class='ocrx_word' id='word_1_355' title='bbox 1470 1918 1580 1954; x_wconf 80' lang='lat' dir='ltr'><strong>PAPA</strong></span> <span class='ocrx_word' id='word_1_356' title='bbox 1609 1919 1710 1954; x_wconf 85' lang='lat' dir='ltr'>XLIV</span> 
     </span>
     <span class='ocr_line' id='line_1_71' title="bbox 1237 1997 1938 2032; baseline 0.003 -3"><span class='ocrx_word' id='word_1_357' title='bbox 1237 1998 1326 2030; x_wconf 76' lang='lat' dir='ltr'>Auno</span> <span class='ocrx_word' id='word_1_358' title='bbox 1354 2008 1445 2031; x_wconf 77' lang='lat' dir='ltr'>acrae</span> <span class='ocrx_word' id='word_1_359' title='bbox 1477 1998 1592 2032; x_wconf 31' lang='lat' dir='ltr'>Clu-&#39;isti</span> <span class='ocrx_word' id='word_1_360' title='bbox 1616 2009 1723 2032; x_wconf 80' lang='lat' dir='ltr'>comm.</span> <span class='ocrx_word' id='word_1_361' title='bbox 1751 1997 1841 2032; x_wconf 84' lang='lat' dir='ltr'>CDX</span> <span class='ocrx_word' id='word_1_362' title='bbox 1848 1997 1938 2031; x_wconf 89' lang='lat' dir='ltr'>VIII.</span> 
     </span>
    </p>
   </div>
   <div class='ocr_carea' id='block_1_17' title="bbox 1210 2081 1970 2680">
    <p class='ocr_par' dir='ltr' id='par_1_17' title="bbox 1210 2081 1970 2680">
     <span class='ocr_line' id='line_1_72' title="bbox 1262 2081 1970 2131; baseline 0.004 -16"><span class='ocrx_word' id='word_1_363' title='bbox 1262 2081 1460 2123; x_wconf 84' lang='lat' dir='ltr'>Bonifaeius,</span> <span class='ocrx_word' id='word_1_364' title='bbox 1490 2083 1621 2118; x_wconf 85' lang='lat' dir='ltr'>natione</span> <span class='ocrx_word' id='word_1_365' title='bbox 1654 2095 1821 2127; x_wconf 83' lang='lat' dir='ltr'>romanus,</span> <span class='ocrx_word' id='word_1_366' title='bbox 1848 2095 1885 2118; x_wconf 82' lang='lat' dir='ltr'>ex</span> <span class='ocrx_word' id='word_1_367' title='bbox 1917 2095 1970 2131; x_wconf 87' lang='lat' dir='ltr'>pa-</span> 
     </span>
     <span class='ocr_line' id='line_1_73' title="bbox 1213 2131 1968 2181; baseline 0.003 -15"><span class='ocrx_word' id='word_1_368' title='bbox 1213 2139 1257 2166; x_wconf 86' lang='lat' dir='ltr'>tre</span> <span class='ocrx_word' id='word_1_369' title='bbox 1280 2131 1430 2167; x_wconf 85' lang='lat' dir='ltr'>Abundio</span> <span class='ocrx_word' id='word_1_370' title='bbox 1444 2133 1639 2181; x_wconf 75' lang='lat' dir='ltr'>presbytero,</span> <span class='ocrx_word' id='word_1_371' title='bbox 1661 2133 1782 2168; x_wconf 84' lang='lat' dir='ltr'>electus</span> <span class='ocrx_word' id='word_1_372' title='bbox 1808 2133 1840 2167; x_wconf 91' lang='lat' dir='ltr'>in</span> <span class='ocrx_word' id='word_1_373' title='bbox 1863 2133 1968 2180; x_wconf 83' lang='lat' dir='ltr'>pervi-</span> 
     </span>
     <span class='ocr_line' id='line_1_74' title="bbox 1211 2181 1964 2231; baseline 0.004 -16"><span class='ocrx_word' id='word_1_374' title='bbox 1211 2181 1287 2228; x_wconf 74' lang='lat' dir='ltr'>gilio</span> <span class='ocrx_word' id='word_1_375' title='bbox 1335 2181 1513 2218; x_wconf 73' lang='lat' dir='ltr'>Nativitatis</span> <span class='ocrx_word' id='word_1_376' title='bbox 1551 2182 1697 2227; x_wconf 84' lang='lat' dir='ltr'>Domini,</span> <span class='ocrx_word' id='word_1_377' title='bbox 1749 2182 1964 2231; x_wconf 85' lang='lat' dir='ltr'>episcopalem</span> 
     </span>
     <span class='ocr_line' id='line_1_75' title="bbox 1212 2231 1968 2281; baseline 0.004 -16"><span class='ocrx_word' id='word_1_378' title='bbox 1212 2231 1443 2267; x_wconf 82' lang='lat' dir='ltr'>ordinationem</span> <span class='ocrx_word' id='word_1_379' title='bbox 1478 2233 1595 2280; x_wconf 86' lang='lat' dir='ltr'>recepit</span> <span class='ocrx_word' id='word_1_380' title='bbox 1631 2233 1775 2281; x_wconf 81' lang='lat' dir='ltr'>proxima</span> <span class='ocrx_word' id='word_1_381' title='bbox 1809 2233 1968 2269; x_wconf 85' lang='lat' dir='ltr'>dominica</span> 
     </span>
     <span class='ocr_line' id='line_1_76' title="bbox 1212 2281 1969 2328; baseline 0.004 -12"><span class='ocrx_word' id='word_1_382' title='bbox 1212 2281 1292 2317; x_wconf 85' lang='lat' dir='ltr'>iufra</span> <span class='ocrx_word' id='word_1_383' title='bbox 1332 2290 1472 2317; x_wconf 80' lang='lat' dir='ltr'>octavam</span> <span class='ocrx_word' id='word_1_384' title='bbox 1513 2282 1706 2328; x_wconf 79' lang='lat' dir='ltr'>Nativitatis,</span> <span class='ocrx_word' id='word_1_385' title='bbox 1742 2285 1789 2318; x_wconf 75' lang='lat'>29</span> <span class='ocrx_word' id='word_1_386' title='bbox 1827 2283 1969 2319; x_wconf 82' lang='lat' dir='ltr'>‘decem-</span> 
     </span>
     <span class='ocr_line' id='line_1_77' title="bbox 1212 2331 1968 2380; baseline 0.004 -15"><span class='ocrx_word' id='word_1_387' title='bbox 1212 2331 1285 2365; x_wconf 85' lang='lat' dir='ltr'>bris.</span> <span class='ocrx_word' id='word_1_388' title='bbox 1313 2331 1489 2367; x_wconf 80' lang='lat' dir='ltr'>Romanam</span> <span class='ocrx_word' id='word_1_389' title='bbox 1513 2333 1591 2368; x_wconf 82' lang='lat' dir='ltr'>rexit</span> <span class='ocrx_word' id='word_1_390' title='bbox 1617 2333 1792 2369; x_wconf 84' lang='lat' dir='ltr'>Ecclesiam</span> <span class='ocrx_word' id='word_1_391' title='bbox 1822 2345 1878 2380; x_wconf 84' lang='lat' dir='ltr'>pei·</span> <span class='ocrx_word' id='word_1_392' title='bbox 1910 2345 1968 2368; x_wconf 89' lang='lat' dir='ltr'>an—</span> 
     </span>
     <span class='ocr_line' id='line_1_78' title="bbox 1212 2382 1968 2427; baseline 0.004 -12"><span class='ocrx_word' id='word_1_393' title='bbox 1212 2394 1269 2416; x_wconf 86' lang='lat' dir='ltr'>nos</span> <span class='ocrx_word' id='word_1_394' title='bbox 1302 2394 1353 2427; x_wconf 80' lang='lat'>111,</span> <span class='ocrx_word' id='word_1_395' title='bbox 1393 2394 1494 2417; x_wconf 88' lang='lat' dir='ltr'>mens.</span> <span class='ocrx_word' id='word_1_396' title='bbox 1530 2395 1609 2425; x_wconf 77' lang='lat' dir='ltr'>vul,</span> <span class='ocrx_word' id='word_1_397' title='bbox 1639 2384 1706 2418; x_wconf 88' lang='lat' dir='ltr'>dies</span> <span class='ocrx_word' id='word_1_398' title='bbox 1734 2396 1798 2424; x_wconf 85' lang='lat' dir='ltr'>vu,</span> <span class='ocrx_word' id='word_1_399' title='bbox 1823 2382 1968 2418; x_wconf 89' lang='lat' dir='ltr'>Honorio</span> 
     </span>
     <span class='ocr_line' id='line_1_79' title="bbox 1211 2431 1966 2480; baseline 0.003 -15"><span class='ocrx_word' id='word_1_400' title='bbox 1211 2440 1241 2466; x_wconf 87' lang='lat' dir='ltr'>et</span> <span class='ocrx_word' id='word_1_401' title='bbox 1267 2431 1447 2467; x_wconf 84' lang='lat' dir='ltr'>Theodosio</span> <span class='ocrx_word' id='word_1_402' title='bbox 1471 2433 1590 2480; x_wconf 79' lang='lat' dir='ltr'>impp.,</span> <span class='ocrx_word' id='word_1_403' title='bbox 1613 2433 1806 2468; x_wconf 86' lang='lat' dir='ltr'>aconsulatu</span> <span class='ocrx_word' id='word_1_404' title='bbox 1828 2432 1966 2467; x_wconf 81' lang='lat' dir='ltr'>Monaxii</span> 
     </span>
     <span class='ocr_line' id='line_1_80' title="bbox 1211 2481 1968 2518; baseline 0.003 -3"><span class='ocrx_word' id='word_1_405' title='bbox 1211 2489 1239 2515; x_wconf 87' lang='lat' dir='ltr'>et</span> <span class='ocrx_word' id='word_1_406' title='bbox 1268 2481 1389 2517; x_wconf 85' lang='lat' dir='ltr'>Plintae</span> <span class='ocrx_word' id='word_1_407' title='bbox 1413 2482 1451 2517; x_wconf 89' lang='lat' dir='ltr'>ad</span> <span class='ocrx_word' id='word_1_408' title='bbox 1473 2482 1651 2518; x_wconf 88' lang='lat' dir='ltr'>Honorium</span> <span class='ocrx_word' id='word_1_409' title='bbox 1672 2482 1745 2518; x_wconf 89' lang='lat' dir='ltr'>XIII</span> <span class='ocrx_word' id='word_1_410' title='bbox 1766 2490 1796 2518; x_wconf 86' lang='lat' dir='ltr'>et</span> <span class='ocrx_word' id='word_1_411' title='bbox 1817 2482 1968 2518; x_wconf 89' lang='lat' dir='ltr'>Theodo-</span> 
     </span>
     <span class='ocr_line' id='line_1_81' title="bbox 1210 2531 1967 2580; baseline 0.005 -16"><span class='ocrx_word' id='word_1_412' title='bbox 1210 2531 1291 2565; x_wconf 82' lang='lat' dir='ltr'>sium</span> <span class='ocrx_word' id='word_1_413' title='bbox 1309 2533 1373 2566; x_wconf 87' lang='lat' dir='ltr'>iun.</span> <span class='ocrx_word' id='word_1_414' title='bbox 1397 2532 1424 2567; x_wconf 84' lang='lat' dir='ltr'>X</span> <span class='ocrx_word' id='word_1_415' title='bbox 1441 2544 1520 2567; x_wconf 87' lang='lat' dir='ltr'>coss.</span> <span class='ocrx_word' id='word_1_416' title='bbox 1540 2532 1634 2569; x_wconf 88' lang='lat' dir='ltr'>Unica</span> <span class='ocrx_word' id='word_1_417' title='bbox 1654 2533 1851 2569; x_wconf 82' lang='lat' dir='ltr'>ordinatione</span> <span class='ocrx_word' id='word_1_418' title='bbox 1875 2545 1967 2580; x_wconf 86' lang='lat' dir='ltr'>pres-</span> 
     </span>
     <span class='ocr_line' id='line_1_82' title="bbox 1212 2580 1967 2631; baseline 0.005 -17"><span class='ocrx_word' id='word_1_419' title='bbox 1212 2580 1335 2629; x_wconf 40' lang='lat' dir='ltr'>interos</span> <span class='ocrx_word' id='word_1_420' title='bbox 1361 2582 1526 2627; x_wconf 81' lang='lat' dir='ltr'>tredecim,</span> <span class='ocrx_word' id='word_1_421' title='bbox 1554 2583 1706 2619; x_wconf 85' lang='lat' dir='ltr'>diaconos</span> <span class='ocrx_word' id='word_1_422' title='bbox 1733 2590 1814 2624; x_wconf 84' lang='lat' dir='ltr'>tres,</span> <span class='ocrx_word' id='word_1_423' title='bbox 1841 2582 1967 2631; x_wconf 89' lang='lat' dir='ltr'>episco-</span> 
     </span>
     <span class='ocr_line' id='line_1_83' title="bbox 1212 2631 1965 2680; baseline 0.003 -15"><span class='ocrx_word' id='word_1_424' title='bbox 1212 2643 1268 2677; x_wconf 83' lang='lat' dir='ltr'>pos</span> <span class='ocrx_word' id='word_1_425' title='bbox 1291 2644 1346 2679; x_wconf 87' lang='lat' dir='ltr'>per</span> <span class='ocrx_word' id='word_1_426' title='bbox 1368 2631 1490 2669; x_wconf 72' lang='lat' dir='ltr'>diversa</span> <span class='ocrx_word' id='word_1_427' title='bbox 1518 2634 1586 2669; x_wconf 89' lang='lat' dir='ltr'>loca</span> <span class='ocrx_word' id='word_1_428' title='bbox 1607 2633 1733 2680; x_wconf 81' lang='lat' dir='ltr'>triginta</span> <span class='ocrx_word' id='word_1_429' title='bbox 1762 2645 1818 2670; x_wconf 82' lang='lat' dir='ltr'>sex</span> <span class='ocrx_word' id='word_1_430' title='bbox 1838 2633 1965 2670; x_wconf 84' lang='lat' dir='ltr'>creavit.</span> 
     </span>
    </p>
   </div>
   <div class='ocr_carea' id='block_1_18' title="bbox 1986 227 2169 255">
    <p class='ocr_par' dir='ltr' id='par_1_18' title="bbox 1986 227 2169 255">
     <span class='ocr_line' id='line_1_84' title="bbox 1986 227 2169 255; baseline 0 0"><span class='ocrx_word' id='word_1_431' title='bbox 1986 228 2036 255; x_wconf 79' lang='lat' dir='ltr'>An.</span> <span class='ocrx_word' id='word_1_432' title='bbox 2049 227 2096 255; x_wconf 88' lang='lat' dir='ltr'>Ch.</span> <span class='ocrx_word' id='word_1_433' title='bbox 2118 228 2169 255; x_wconf 71' lang='lat'>1117</span> 
     </span>
    </p>
   </div>
   <div class='ocr_carea' id='block_1_19' title="bbox 1985 956 2166 986">
    <p class='ocr_par' dir='ltr' id='par_1_19' title="bbox 1985 956 2166 986">
     <span class='ocr_line' id='line_1_85' title="bbox 1985 956 2166 986; baseline 0 -2"><span class='ocrx_word' id='word_1_434' title='bbox 1985 957 2033 984; x_wconf 75' lang='lat' dir='ltr'>An.</span> <span class='ocrx_word' id='word_1_435' title='bbox 2050 956 2098 986; x_wconf 83' lang='lat' dir='ltr'>ch.</span> <span class='ocrx_word' id='word_1_436' title='bbox 2114 957 2166 985; x_wconf 68' lang='lat'>11¹7</span> 
     </span>
    </p>
   </div>
   <div class='ocr_carea' id='block_1_20' title="bbox 1981 2090 2166 2119">
    <p class='ocr_par' dir='ltr' id='par_1_20' title="bbox 1981 2090 2166 2119">
     <span class='ocr_line' id='line_1_86' title="bbox 1981 2090 2166 2119; baseline 0 -1"><span class='ocrx_word' id='word_1_437' title='bbox 1981 2092 2030 2119; x_wconf 84' lang='lat' dir='ltr'>An.</span> <span class='ocrx_word' id='word_1_438' title='bbox 2049 2090 2097 2119; x_wconf 85' lang='lat' dir='ltr'>ch.</span> <span class='ocrx_word' id='word_1_439' title='bbox 2114 2091 2166 2119; x_wconf 67' lang='lat'>11¹8</span> 
     </span>
    </p>
   </div>
  </div>
 </body>
</html>
