2237 3127
1608 241 1655 272 25

165 305 417 346 cardinalium
437 306 692 357 institutione,
711 307 1093 361 eminentissimaque
1119 308 1318 360 dignitate,
1346 309 1393 349 de
1413 297 1611 349 nonnullis
1631 313 1705 349 Ro-

164 383 301 408 manae
320 369 509 408 Ecclesiae
528 369 664 408 officiis
691 379 782 421 puta
799 370 1000 419 scriniarii,
1013 371 1304 421 bibliothecarii,
1319 373 1545 421 cancellarii,
1565 373 1703 411 notarii

163 440 249 480 etc.,
265 445 308 469 ac
326 431 483 469 demum
504 430 552 469 de
568 431 765 470 nonnullis
782 431 863 470 aliis
876 432 1004 480 rebus,
1025 446 1120 485 quas
1141 434 1283 471 cursim
1303 435 1341 472 in
1357 435 1460 473 notis
1475 434 1652 483 indicavi,
1667 444 1704 473 et

161 493 210 532 ad
233 507 429 532 sacrarum
448 493 585 532 harum
604 493 733 545 legum
752 493 1057 532 enucleationem
1076 495 1186 533 valde
1208 495 1383 534 conferre
1403 497 1647 535 arbitramur.

212 556 374 594 Interim
402 555 628 594 observasse
656 554 820 593 sufficiat
842 556 1058 607 pontificiae
1087 558 1286 608 potestatis
1315 567 1579 607 monumenta,
1604 573 1702 611 quae

162 617 388 656 collectione
416 617 486 655 hac
513 617 776 664 includuntur,
806 617 969 668 duplicis
998 619 1149 667 generis
1169 633 1271 667 esse,
1295 619 1437 658 scilicet
1456 620 1648 658 Bullarum
1665 630 1703 659 et

161 679 441 732 Diplomatum:
465 678 590 716 Bullas
610 678 767 730 proprie
782 678 902 716 dictas
922 679 1085 730 appello,
1102 680 1243 730 quibus
1264 680 1408 733 aliquid
1433 681 1481 719 ad
1502 682 1587 720 fidei
1609 682 1703 734 dog-

165 750 288 789 mata,
309 741 369 779 vel
397 740 444 778 ad
473 740 715 792 disciplinam
739 749 775 778 et
805 754 933 778 mores
960 749 1138 792 spectans
1166 741 1396 780 decernitur.
1420 743 1639 796 Diplomata
1659 759 1702 782 ea

169 817 266 842 voco
287 803 429 856 quibus
449 801 709 849 ecclesiarum,
728 801 787 839 vel
810 803 1136 840 monasteriorum
1155 804 1368 842 erectiones
1396 806 1704 857 comprobantur

164 873 229 903 aut
246 864 347 902 bona
367 863 503 902 iisdem
523 863 656 902 collata
678 863 974 910 confirmantur3
992 864 1133 916 quibus
1151 879 1244 903 usus
1266 865 1369 904 Pallii
1391 867 1701 921 Archiepiscopis

163 926 380 965 civitatibus
407 925 634 978 episcopalis
663 925 791 973 sedes,
818 926 1013 977 exemptio
1042 927 1239 965 coenobiis
1267 927 1315 966 ab
1344 929 1617 981 episcoporum
1643 931 1701 968 iu-

157 988 382 1027 risdictione
399 987 641 1026 conceditur:
660 1001 728 1025 seu
746 987 818 1025 alio
838 1001 1086 1041 quocumque
1112 989 1230 1027 modo
1257 989 1504 1028 ecclesiarum
1532 991 1701 1040 utilitati,

159 1049 404 1088 indemnitati
424 1058 462 1087 et
485 1049 753 1102 tranquillitati
782 1049 1008 1088 consulitur.
1040 1053 1073 1089 A
1109 1064 1278 1103 quorum
1307 1061 1444 1090 natura
1476 1066 1614 1105 parum
1642 1054 1702 1092 di-

158 1121 339 1165 screpant
358 1112 383 1149 ii
398 1120 518 1159 actus,
533 1111 675 1164 quibus
696 1111 845 1150 Summi
862 1111 1066 1150 Pontifices
1082 1126 1199 1163 regna
1217 1122 1255 1152 et
1271 1112 1414 1166 oppida
1434 1115 1527 1152 iuris
1549 1129 1577 1153 s.
1597 1116 1699 1154 Petri

162 1175 203 1212 in
235 1173 413 1222 feudum,
444 1173 770 1225 emphytheusim,
800 1173 921 1212 aliove
953 1174 1202 1213 investiturae
1232 1176 1345 1214 titulo
1376 1177 1616 1229 principibus
1639 1186 1704 1217 aut

157 1235 306 1274 civibus
335 1235 434 1274 bene
456 1234 504 1273 de
531 1236 705 1273 Romana
737 1235 905 1274 Ecclesia
934 1236 1080 1274 meritis
1113 1250 1348 1276 concessere.
1382 1238 1529 1277 Deinde
1558 1253 1701 1278 moneo

157 1297 265 1349 quod
297 1297 389 1335 haec
416 1298 517 1335 inter
540 1306 793 1335 monumenta
819 1297 1032 1350 encyclicas
1052 1298 1167 1336 etiam
1193 1299 1338 1338 litteras
1359 1314 1427 1338 seu
1446 1299 1649 1340 circulares
1665 1310 1703 1341 et

159 1359 415 1410 dogmaticas,
446 1367 490 1397 ut
522 1358 639 1410 vulgo
669 1359 923 1411 appellantur,
950 1360 1156 1399 nonnullas
1185 1363 1373 1412 congessi.
1403 1363 1490 1401 Non
1512 1362 1594 1401 illas
1614 1364 1702 1401 dico

158 1421 369 1474 encyclicas
401 1420 598 1473 paschales
629 1430 888 1472 nuncupatas,
925 1422 1068 1474 quibus
1099 1422 1145 1461 ad
1179 1437 1315 1462 omnes
1350 1437 1418 1476 per
1447 1424 1701 1463 christianum

158 1482 294 1521 orbem
322 1482 504 1535 primates
532 1481 686 1521 directis
705 1482 929 1522 indicebant
952 1483 1126 1522 futurum
1146 1485 1290 1523 Pascha
1308 1487 1488 1538 (quarum
1506 1487 1702 1538 specimen

158 1559 203 1583 ex
233 1559 261 1583 s.
284 1545 416 1583 Leone
443 1545 615 1597 suppetit
643 1558 686 1583 ea
708 1545 749 1582 in
769 1545 960 1597 Epistola,
988 1560 1104 1598 quam
1123 1546 1229 1585 dedit
1257 1561 1360 1585 anno
1380 1547 1470 1596 455,
1489 1548 1537 1586 ad
1553 1550 1702 1588 Raven-

157 1608 267 1645 nium
284 1607 488 1659 primatem
518 1607 783 1645 Arelatensem
803 1607 947 1645 Pascha
974 1608 1209 1647 celebratum
1240 1609 1287 1646 iri
1320 1609 1559 1649 denuncians
1588 1611 1649 1650 die
1677 1625 1701 1650 x

156 1668 406 1707 kalendarum
434 1668 641 1721 aprilium),
668 1668 736 1707 sed
765 1678 918 1708 tantum
946 1684 1021 1719 eas,
1049 1684 1145 1723 quas
1174 1670 1222 1709 ad
1246 1671 1353 1710 Fidei
1376 1672 1565 1710 unitatem
1585 1687 1702 1725 quam

157 1731 348 1770 tutissime
376 1730 626 1779 servandam,
654 1740 692 1769 et
717 1730 764 1769 ad
796 1731 1005 1770 catholicae
1046 1733 1333 1771 communionis
1367 1742 1553 1772 tesseram
1584 1735 1702 1774 dabat

156 1793 426 1846 unusquisque
445 1793 623 1831 Pontifex
642 1793 752 1831 initio
773 1794 831 1831 sui
862 1793 1107 1846 pontificatus
1135 1795 1182 1833 ad
1212 1796 1452 1834 Patriarchas
1481 1796 1704 1845 catholicos,

156 1864 195 1894 et
216 1856 451 1908 quandoque
469 1855 516 1893 ad
538 1854 631 1893 alios
646 1855 873 1907 Episcopos,
888 1856 927 1893 in
943 1856 1085 1908 quibus
1101 1856 1309 1909 aliquando
1329 1871 1401 1910 pro
1417 1872 1459 1897 re
1480 1867 1635 1907 nata,et
1650 1860 1701 1898 ita

162 1918 340 1968 exigente
366 1926 587 1969 temporum
616 1916 840 1955 conditione
869 1917 1075 1956 christiana
1103 1918 1284 1969 dogmata
1305 1919 1512 1958 dilucidius
1537 1921 1703 1972 explica-

156 1979 311 2028 bantur,
329 1987 367 2017 et
396 1979 577 2017 contrarii
602 1992 752 2017 errores
780 1979 922 2031 quibus
950 1980 1202 2018 ecclesiastica
1233 1981 1360 2020 unitas
1389 1990 1482 2020 tunc
1511 1983 1700 2035 temporis

157 2040 258 2080 forte
287 2041 597 2093 perturbabatur,
629 2049 694 2079 aut
725 2041 985 2090 scindebatur,
1015 2042 1369 2094 proscribebantur.

211 2103 388 2155 Denique
401 2102 507 2155 quod
532 2111 679 2154 spectat
697 2102 838 2141 Gelasii
855 2103 1052 2142 decretum
1068 2104 1115 2142 de
1139 2104 1246 2143 libris
1266 2105 1306 2142 in
1330 2105 1496 2144 Ecclesia
1516 2105 1701 2146 catholica

160 2164 347 2215 legendis,
371 2164 429 2203 vel
464 2164 691 2214 reiiciendis,
719 2166 1032 2217 praemonendus
1063 2175 1122 2204 est
1150 2166 1269 2204 lector
1299 2166 1347 2205 de
1374 2181 1511 2217 causa,
1542 2178 1703 2222 propter

157 2240 274 2280 quam
293 2226 387 2265 illud
406 2227 546 2265 iterum
563 2227 603 2264 in
623 2226 724 2265 calce
742 2227 857 2279 primi
883 2228 1091 2266 voluminis
1114 2228 1322 2268 adiecimus
1342 2239 1460 2282 prout
1488 2243 1508 2268 a
1536 2231 1703 2284 Iosepho

157 2288 381 2327 Blanchinio
410 2289 720 2339 congregationis
755 2289 925 2328 Oratorii
951 2291 1180 2343 presbytero
1199 2291 1239 2328 in
1265 2291 1388 2329 lucem
1418 2291 1566 2330 editum
1586 2294 1702 2332 estin

156 2359 296 2403 quarto
314 2359 422 2389 tomo
439 2351 681 2389 Anastasiani
696 2351 836 2404 operis.
851 2352 951 2390 Cum
966 2352 1070 2390 enim
1085 2352 1399 2392 animadversum
1416 2368 1436 2392 a
1455 2353 1569 2393 nobis
1589 2364 1703 2400 esset,

157 2413 301 2451 decreti
322 2412 544 2451 huiusmodi
568 2413 801 2465 exemplum,
815 2414 921 2467 quod
938 2428 1010 2452 suo
1026 2414 1110 2452 loco
1127 2415 1228 2454 inter
1246 2416 1543 2455 constitutiones
1559 2417 1702 2456 Gelasii

157 2476 441 2527 praeinsertum
469 2474 603 2524 fuerat,
635 2475 821 2528 quodque
849 2490 896 2514 ex
924 2476 1137 2528 appendice
1166 2477 1258 2516 Iusti
1283 2479 1492 2517 Fontanini
1517 2479 1704 2532 archiepi-

158 2537 266 2589 scopi
283 2536 476 2589 Ancyrani
500 2535 548 2574 ad
579 2537 828 2590 antiquitates
852 2539 1045 2576 Hortanas
1074 2538 1363 2591 descripsimus,
1383 2539 1494 2579 valde
1523 2541 1703 2593 imperfe-

159 2607 265 2636 ctum
283 2612 378 2647 esse,
398 2598 624 2651 pracsertim
641 2598 692 2637 ob
712 2598 832 2637 libros
856 2600 1062 2639 canonicos
1082 2601 1222 2640 veteris
1250 2601 1490 2640 Testamenti
1512 2603 1579 2655 qui
1599 2603 1639 2640 in
1655 2617 1702 2641 eo

159 2660 443 2700 desiderantur:
472 2674 612 2714 operae
639 2661 807 2714 pretium
837 2661 1032 2714 duximus,
1064 2671 1107 2702 ut
1137 2664 1407 2716 gravissimum
1437 2664 1627 2706 eiusmodi
1658 2679 1703 2705 ac

1724 571 1905 599 Monumenta
1915 569 1942 598 in
1953 569 2041 599 hocce

1724 607 1834 634 inclusa
1860 613 1946 641 opere
1974 609 2042 634 sunt

1724 642 1821 671 Bullae
1833 646 1860 671 et
1873 641 2040 678 Diplomata.

1761 906 1834 947 Quid
1853 906 1881 934 in
1899 906 1940 935 eis
1962 906 2041 936 difle-

1725 946 1842 970 rentiae.

1760 1272 1937 1301 Itemliterae
1954 1281 2038 1309 ency-

1726 1309 1824 1343 clicae,
1845 1308 1999 1338 circulares
2014 1312 2042 1338 et

1725 1345 1909 1381 dogmaticae.

1762 1582 1840 1615 Quae
1864 1589 1879 1609 a
1902 1581 2041 1616 paschali-

1726 1618 1933 1682 gffgisdifferunt
1952 1625 2040 1654 ency-

1759 2137 1911 2167 Decretum
1925 2138 1978 2167 PP.
1991 2138 2041 2167 Ge

1724 2173 1785 2203 Iasii
1799 2174 1834 2203 de
1849 2174 1928 2203 libris
1943 2174 1972 2202 in
1986 2174 2040 2203 Ec-

1725 2211 1810 2239 clesia
1835 2210 1972 2239 catholica
1994 2210 2039 2239 -

1723 2247 1821 2283 gendis
1835 2254 1887 2275 cur
1896 2246 2000 2275 iterum
2012 2246 2041 2275 in

1724 2284 1801 2312 calce
1816 2283 1899 2317 primi
1913 2282 2039 2311 volumi-

1723 2319 1767 2348 nis
1781 2319 1933 2348 adiectum.
