2237 3127
548 187 592 223 ¹¹8

488 259 686 313 Epz'stolczs
707 258 972 297 Romanorum
995 256 1221 306 Pontificum
1243 255 1369 294 tribus
1392 256 1509 294 tomis
1535 254 1714 304 vulgavit.
1742 255 1929 293 Auctores
1953 253 2023 293 do-

185 328 305 365 Philippi
318 329 424 359 Labbei
438 332 465 358 et
490 322 650 361 ctissimi
667 320 902 358 Collectionz's
917 319 1123 356 maximae·
1134 317 1387 355 cbzzcz‘lz'ormn
1402 316 1600 368 Philippus
1613 316 1805 364 Labbeus,
1816 324 1854 354 et
1865 315 2023 354 Gabriel

152 371 234 400 Gabr.
247 372 386 407 Cossarm,
398 375 462 405 ‘³¹⁰’
490 383 709 423 Cossartius
724 382 758 419 S.
777 382 815 427 L,
828 379 1058 418 Edmundus
1074 379 1246 417 Martene
1259 378 1405 416 ordinis
1420 377 1454 415 S.
1470 377 1664 415 Benedicti
1679 392 1698 415 e
1713 378 2023 428 Congregatione

489 445 616 484 Sancti
638 443 784 490 Mauri,
807 442 988 480 collector
1004 441 1167 491 insignis
1193 439 1501 486 Αηιε’σιῑῖοῑῖοιίιιηἼ
1521 453 1588 477 seu
1605 439 1936 477 Monumentorzmz
1954 454 2022 478 ve-

491 516 625 552 teram3
643 504 909 543 Ferdinandus
929 502 1139 553 Ughellius,
1158 503 1224 554 qui
1241 502 1411 552 diligenti
1429 501 1557 539 studio
1574 500 1706 538 eduxit
1720 509 1778 538 tot
1791 500 2024 540 documenta

489 569 536 606 ad
552 568 690 614 Italiae,
703 566 994 619 insularumque
1009 564 1264 602 adiacentium
1282 564 1523 615 episcopatus
1538 563 1784 615 pertinentia3
1802 564 1841 600 P.
1859 564 2022 609 Ioannes

167 645 463 680 Ugliellii‚h13b1110nii
488 629 744 676 Mabillonius,
767 628 834 681 qui
855 628 952 665 serie
975 640 1167 664 annorum
1195 635 1274 664 tam
1299 626 1479 663 diuturna
1499 625 1737 663 concinnans
1757 625 1933 663 Annales
1954 625 2024 663 Or-

151 684 178 709 et
191 682 213 709 D
217 681 333 716 affieri*
489 693 586 730 dinis
601 692 637 730 S.
656 690 857 737 Benedicti,
874 689 1018 727 nnllam
1036 688 1114 726 fere
1131 688 1401 726 bibliothecam
1418 686 1573 739 reliquit
1588 687 1781 735 intactam,
1796 686 2024 740 codicesque

489 768 578 792 mss.
598 752 843 805 perlustravit
858 752 1097 798 innumeros,
1110 764 1155 788 ex
1173 750 1314 803 quibus
1330 749 1618 801 pretiosissima,
1635 749 1775 802 quibus
1791 763 1858 787 sua
1872 749 2025 787 ornavit

488 815 698 862 volumina,
723 814 851 851 hausit
876 821 1144 859 monumenta3
1166 813 1289 849 Lucas
1315 810 1546 857 Dacherius,
1568 811 1633 863 qui
1659 824 1730 848 suo
1755 811 1796 848 in
1822 810 2024 863 sz‘cilegc'o

489 877 687 929 amplexus
712 884 770 913 est
800 888 1067 928 quaecumque
1094 874 1133 911 in
1161 873 1306 911 Galliae
1326 872 1568 910 bibliothecis
1589 872 1777 910 latuerant
1798 873 1939 925 scripta
1959 887 2024 911 an-

487 940 603 991 tiqua.
620 940 774 976 Praeter
787 937 859 974 hos
878 936 1069 988 praesidio
1085 936 1199 973 etiam
1216 934 1309 972 mihi
1328 934 1483 972 [uerunt
1500 934 1674 971 Annales
1690 934 1882 972 Minoram
1898 935 2025 974 Lucae

183 1010 242 1051 Nec
270 1018 327 1040 non
349 1010 462 1039 Waddi-
487 1000 720 1051 Waddigni,
740 999 919 1037 Baedlat‘icz
938 998 1086 1036 ordinis
1114 996 1446 1039 Praedicatorum,
1463 1005 1776 1049 caeterarumque
1795 996 2026 1035 familiarum

147 1053 209 1087 gn¹⁵
486 1062 740 1114 regularium,
768 1075 814 1099 ex
841 1061 983 1112 quibus
1006 1074 1068 1097 eas
1097 1058 1281 1110 exscripsi
1311 1057 1457 1106 Bullas,
1486 1058 1627 1110 quibus
1655 1058 1714 1096 vel
1742 1059 1834 1097 novi
1858 1058 2025 1098 instituti

487 1125 661 1163 fundatio
689 1124 958 1170 confirmatur,
981 1122 1042 1160 vel
1070 1121 1118 1159 ad
1150 1120 1357 1172 collapsam
1386 1120 1629 1172 disciplinam
1655 1119 1877 1159 reformatio
1897 1121 2024 1175 aliqua

178 1196 222 1231 'Ac
237 1203 352 1232 demum
368 1204 461 1232 Dods-
489 1187 751 1226 constituitur.
774 1185 942 1223 Uberem
968 1197 1124 1237 quoque
1143 1182 1440 1235 suppeditarunt
1457 1182 1730 1233 supellectilem
1743 1184 1882 1235 Rogeri
1901 1184 2026 1223 Dods-

147 1240 263 1305 {glfflffl
282 1239 408 1276 Dugdale
435 1244 463 1268 et
490 1249 643 1297 worth,
662 1258 699 1287 et
723 1247 919 1286 Guillelmi
940 1246 1116 1296 Dugdale
1146 1245 1385 1283 Monastieon
1404 1245 1670 1297 angliecznzmz;
1691 1245 1876 1298 Stephani
1897 1246 2026 1285 Baluzi

487 1311 751 1355 Mz'scellcmem
764 1309 947 1347 historiae
961 1307 1129 1360 denique
1141 1316 1225 1346 tum
1240 1320 1381 1354 sacrae,
1393 1315 1476 1344 tum
1491 1308 1726 1359 prophanae,
1740 1309 2025 1361 innumeraque

487 1373 557 1412 alia
577 1373 774 1411 volumina
798 1372 923 1409 bonae
947 1379 1079 1418 notae,
1109 1378 1304 1422 quotquot
1329 1382 1420 1420 prae
1446 1370 1624 1408 manibus
1652 1370 1794 1408 habere
1822 1371 1942 1423 potui.

183 1455 462 1492 Aliquaexhaetero-
541 1436 618 1473 Nec
638 1434 686 1472 ab
706 1432 1057 1471 haeterodoxorum
1082 1431 1195 1469 etiam
1218 1430 1496 1468 nonnullorum
1524 1430 1812 1470 collectionibus
1829 1432 2026 1472 abstinen-

149 1492 462 1564 gffiggffiscssfflffifflliffli
489 1496 585 1536 dum
604 1494 811 1548 aliquando
829 1494 971 1546 putavi,
986 1493 1052 1531 ubi
1071 1506 1235 1531 messem
1252 1506 1374 1530 novae
1389 1492 1477 1530 huic
1497 1492 1710 1530 collectioni
1726 1493 1970 1545 profuturam
1983 1495 2025 1534 in

148 1563 257 1600 integra
267 1552 461 1600 servatatides,·
489 1558 629 1597 iisdem
655 1556 892 1609 deprehendi
915 1565 1030 1609 atque
1050 1554 1301 1592 animadverti
1324 1555 1513 1604 integram
1531 1554 1579 1592 ab
1599 1556 1819 1594 auctoribus
1837 1565 2028 1596 servatam

487 1621 603 1659 fidem
618 1620 657 1657 in
671 1617 893 1657 huiusmodi
908 1617 1150 1656 documentis
1166 1616 1404 1654 exhibendis.
1417 1616 1658 1654 Inscrutabili
1671 1617 1861 1670 siquidem
1875 1613 2034 1669 divinae

488 1682 755 1722 Providentiae
773 1680 947 1729 consilio,
961 1694 1003 1718 ac
1023 1679 1194 1731 supremi
1215 1679 1392 1717 Numinis
1415 1691 1504 1729 erga
1519 1692 1590 1717 nos
1610 1678 1782 1718 bonitate
1798 1679 1941 1719 factum
1957 1690 2028 1731 est,

487 1754 531 1784 ut
551 1746 705 1796 Ipsimet
728 1744 991 1782 sanctissimae
1018 1741 1227 1791 Religionis
1252 1749 1406 1779 nostrae
1437 1740 1567 1785 hostes
1594 1740 1720 1779 eidem
1748 1755 1852 1780 arma
1881 1743 2027 1782 submi-

487 1808 709 1854 nistrarent,
731 1805 873 1858 quibus
894 1817 1118 1856 perversam
1143 1816 1280 1840 eorum
1304 1802 1522 1840 doctrinam
1545 1802 1748 1852 refelleret,
1767 1812 1805 1842 et
1825 1805 1874 1843 de
1890 1818 2027 1844 eorum

487 1868 699 1922 pervicacia
718 1866 990 1919 triumpharem
1013 1864 1332 1918 quandoquidem
1351 1864 1474 1902 bullas
1495 1864 1744 1917 quamplures
1763 1867 1804 1903 in
1820 1867 1899 1906 suis
1918 1867 2026 1908 libris

488 1929 650 1969 fideliter
662 1929 903 1979 evulgarunt,
925 1941 1023 1980 quae
1042 1928 1083 1964 in
1102 1940 1239 1964 eorum
1256 1926 1419 1964 archivis
1437 1925 1610 1978 sepultae
1629 1927 1823 1976 iacebant,
1838 1942 1910 1967 nec
1928 1928 2027 1968 forte

487 2005 663 2043 unquam
681 1991 794 2029 nobis
818 1989 1097 2036 innotuissent,
1120 1989 1194 2026 nisi
1217 1988 1266 2026 ab
1292 1988 1384 2040 ipsis
1402 1988 1554 2040 publiea
1575 1987 1658 2026 luce
1674 1988 1838 2028 donatae
1853 1989 2027 2030 fuissent.

182 2064 273 2105 ⁸Sicuti
313 2064 342 2092 in
380 2065 467 2105 colle-
541 2054 596 2091 Sit
621 2054 715 2091 mihi
733 2052 910 2091 omnium
929 2052 1051 2089 instar
1070 2050 1318 2088 celeberrima
1343 2058 1498 2087 actuum
1522 2050 1787 2102 publicorum,
1808 2051 2028 2102 foederum,

151 2101 466 2164 ἓξᾞέᾇᾶἓέἓῌῗῃῗῑᾞζ
491 2130 533 2154 ac
552 2116 678 2154 omnis
706 2116 856 2165 generis
878 2111 1223 2151 monumentorum
1247 2111 1441 2159 collectio,
1462 2126 1579 2164 quam
1598 2113 1756 2151 ineunte
1774 2113 1848 2153 hoc
1875 2114 2028 2153 saecuto

151 2171 467 2236 ξᾶἓὶθῦὲγξῇξεῡῦᾅξξῧζ
492 2178 660 2227 vulgavit
685 2177 855 2214 Thomas
881 2177 1038 2228 Rymer,
1059 2183 1097 2213 et
1124 2173 1295 2213 Concilia
1319 2174 1480 2224 Magnae
1508 2174 1744 2224 Britanniae,
1765 2184 1802 2214 et
1820 2175 2028 2215 Hiberniae

152 2243 227 2271 kins.
492 2253 511 2277 a
532 2238 678 2277 Davide
696 2237 888 2276 Weilkins
908 2246 995 2275 ante
1013 2237 1110 2275 duos
1131 2250 1254 2274 annos
1268 2235 1439 2274 Londini
1453 2235 1563 2274 edita.
1579 2237 1688 2275 Hane
1703 2251 1795 2276 sane
1809 2239 2030 2290 congeriem

493 2309 680 2347 actorum,
707 2313 750 2337 ac
774 2313 886 2351 saepe
911 2299 1151 2337 occurrentia
1175 2297 1406 2336 documenta
1434 2298 1465 2335 si
1485 2296 1572 2350 quis
1593 2298 1727 2337 sedulo
1750 2300 1926 2338 examine
1943 2313 2030 2352 per-

493 2369 706 2410 scrutetur,
730 2361 911 2414 equidem
945 2374 1017 2413 pro
1045 2369 1150 2398 certo
1178 2360 1323 2408 habeo,
1348 2359 1628 2398 affirmaturum
1652 2374 1693 2399 se
1721 2361 1858 2399 nullibi
1887 2361 2030 2400 vidisse

492 2423 746 2477 praeclariora
767 2422 812 2460 iis
830 2422 1061 2460 documenta
1081 2421 1130 2460 ad
1152 2422 1348 2460 Romanae
1364 2422 1553 2460 Ecclesiae
1570 2423 1893 2474 praeminentiam
1913 2436 2032 2476 supra

495 2495 661 2524 caeteras
683 2483 1032 2537 comprobandam3
1061 2484 1109 2521 ad
1137 2484 1403 2522 Romanorum
1427 2484 1658 2522 Pontificum
1677 2493 1914 2537 potestatem,
1929 2499 2032 2524 sum—

495 2562 599 2586 mam
623 2545 966 2585 demonstrandam
997 2546 1038 2583 in
1066 2545 1324 2584 erectionibus
1352 2546 1657 2598 episcopatuum,
1683 2555 1721 2585 et
1751 2547 2031 2585 coenobiorum

497 2609 791 2657 confirmandis;
814 2609 855 2647 in
880 2608 1151 2661 episcoporum
1166 2607 1487 2658 ordinationibus,
1506 2608 1546 2646 in
1563 2607 1814 2648 concedendo
1843 2608 2029 2663 archiepi-
