2237 3127
66 346 118 374 An.
148 347 175 375 C.
197 347 249 375 595

52 1282 128 1304 Vicum
145 1286 237 1313 aposto-

49 1317 143 1340 licarum
170 1318 235 1342 dele-

52 1354 119 1383 gatto.

49 1550 80 1571 Da
104 1550 167 1580 pallii
185 1558 232 1573 usu.

44 1879 76 1900 De
94 1881 166 1902 causis
177 1881 230 1910 epi-

46 1923 167 1945 scoporum
180 1923 231 1939 exu-

45 1952 162 1974 minandis.

870 359 896 383 S.
923 360 1111 386 GREGORIUS
1137 362 1149 385 Ι
1175 363 1224 386 ΡΡ.

278 411 304 447 si
332 410 378 446 eis
400 410 503 447 adbuc
532 411 713 448 recentibus
743 412 879 449 fabricae
909 415 1033 462 pondus

278 465 476 512 imponitur,
520 478 558 501 ex
588 467 654 514 ipsa
678 467 815 503 novitate
840 476 1030 507 curventur,

277 528 306 553 et
332 526 491 554 contracta
517 519 610 555 citius
631 528 788 562 corruant,
811 533 892 567 quae
918 522 1032 557 imma-

277 581 345 607 ture
372 572 405 607 in
426 572 525 607 altum
540 573 639 608 levata
655 572 858 615 videbantur3
881 577 938 609 cu‘r
956 588 1030 621 ergo

278 627 336 660 boe
356 637 422 660 non
442 625 602 661 subtiliter
623 625 654 660 in
677 625 860 661 hominibus
887 628 1031 662 custodi—

276 688 337 725 tur,
359 679 442 727 quod
466 679 498 714 in
525 679 621 726 liguis
647 691 774 727 quoque
808 692 845 716 ac
870 680 1029 728 lapidibus

274 741 359 768 tanta
380 733 632 769 consideratione
656 734 884 781 perpenditur?

324 790 357 822 7.
379 787 448 829 Qua
475 786 516 821 de
537 798 571 821 re
593 798 724 822 necesse
758 796 827 833 est,
856 795 889 823 ut
922 796 1026 823 vestra

274 840 450 876 fraternitas
476 839 814 888 praecellentissimum
843 842 943 878 filium
966 854 1028 877 no-

271 902 373 930 strum
395 893 635 929 Childebertum
652 906 758 941 regem
771 896 942 932 admonere
956 904 1026 931 stu-

270 948 353 990 deat,
375 955 409 982 ut
428 947 524 982 huius
545 948 666 994 peccati
694 949 849 984 maculam
882 962 900 985 a
925 962 1024 997 regno

269 1014 327 1037 suo
348 1001 491 1036 funditus
518 1001 663 1048 repellat:
692 1010 848 1049 quatenus
874 1004 1025 1051 omnipo-

271 1065 343 1091 tens
372 1055 460 1090 Deus
485 1062 572 1090 tauto
594 1054 639 1089 itti
666 1055 750 1102 apud
772 1068 805 1091 se
827 1057 944 1092 maiora
966 1069 1024 1093 re-

269 1110 398 1151 tribuat,
420 1117 538 1157 quanto
559 1120 633 1144 eum
656 1109 824 1157 conspicit,
853 1118 884 1145 et
917 1123 1022 1146 amare

267 1163 351 1211 quod
370 1163 439 1211 ipse
460 1163 573 1210 diligit,
597 1170 628 1197 et
647 1163 743 1198 vitare
758 1164 845 1211 quod
858 1165 934 1200 odit.

316 1221 349 1253 8.
371 1217 481 1264 ltaque
500 1216 684 1251 fraternitati
705 1225 826 1253 vestrae
848 1219 934 1254 vices
963 1231 1022 1254 no-

266 1280 346 1308 stras
377 1272 409 1306 in
435 1271 600 1310 Ecclesiis,
628 1283 708 1318 quae
734 1271 794 1306 sub
824 1284 924 1318 regno
946 1280 1021 1307 sunt

265 1324 557 1373 praecellentissimi
584 1324 639 1358 filii
675 1325 775 1360 nostri
809 1324 1019 1368 Childeberti,

265 1380 351 1415 iuxta
371 1378 539 1426 antiquum
561 1390 680 1413 morem
701 1379 771 1414 Deo
785 1387 914 1414 auctore
932 1391 1021 1415 com-

267 1433 438 1469 mittimus:
462 1432 596 1479 singulis
616 1433 644 1468 si
665 1433 796 1480 quidem
811 1433 1019 1480 metropolitis

267 1487 446 1523 secundum
458 1485 592 1533 priscam
609 1486 874 1522 consuetudinem
889 1487 1018 1534 proprio

266 1541 387 1576 honore
411 1547 544 1575 servato.
567 1539 702 1575 Pallium
724 1552 852 1588 quoque
868 1541 1019 1575 transmi-

266 1595 389 1636 simus,
412 1605 476 1641 quo
502 1592 678 1629 fraternitas
715 1601 769 1629 tua
803 1595 884 1629 intra
915 1594 1019 1630 eccle-

261 1649 339 1684 siam
367 1647 406 1683 ad
428 1647 495 1682 sola
528 1647 697 1682 missarum
723 1647 878 1683 solemnia
902 1656 1016 1683 utatur.

260 1702 369 1738 Sicubi
396 1709 502 1737 autem
527 1701 656 1748 longius
677 1701 900 1748 episcoporum
927 1702 1018 1749 quis-

259 1768 355 1805 quam
387 1767 519 1803 pergere
551 1755 630 1790 l'orte
659 1755 813 1796 voluerit,
842 1755 912 1791 sine
947 1764 1017 1791 tuae

259 1809 432 1846 sanctitatis
458 1809 642 1844 auctoritate
657 1809 736 1845 eiad
759 1810 824 1845 loca
847 1810 906 1845 alia
928 1818 1015 1845 tran—

259 1864 321 1899 sire
347 1875 412 1898 non
433 1863 535 1898 liceat.
553 1862 587 1897 Si
610 1875 671 1909 qua
694 1874 768 1897 vero
790 1863 955 1910 inquisitio
977 1864 1016 1899 dc

260 1917 334 1959 fide,
352 1916 402 1952 vel
424 1917 556 1952 fortasse
577 1916 710 1951 aliarum
730 1928 835 1951 rernm
859 1917 940 1952 inter
951 1918 1017 1965 epi-

260 1982 374 2017 scopos
392 1981 486 2005 causa
509 1969 684 2011 emerserit,
699 1981 780 2016 quae
796 1970 933 2006 discerni
955 1972 1017 2007 dif-

262 2024 379 2060 ficilius
405 2023 524 2071 possit,
540 2023 681 2058 collectis
699 2024 865 2059 duodecim
889 2026 1016 2073 episco-

261 2078 308 2125 pis
329 2077 508 2119 ventiletur,
530 2085 624 2126 atque
651 2077 826 2114 decidatur.
851 2078 885 2114 Si
909 2088 1013 2116 autem

258 2131 362 2167 decidi
390 2131 568 2178 nequiverit
584 2159 594 2177 ,
634 2132 777 2169 discussa
812 2134 940 2170 veritate
975 2135 1012 2170 ad

258 2191 402 2220 nostrum
429 2185 580 2220 iudicium
609 2186 760 2228 reseratur
778 2190 832 2233 (t).
856 2187 1014 2237 Omnipo-

257 2247 328 2274 tens
349 2245 455 2274 autem
478 2251 533 2274 sua
556 2251 612 2274 vos
634 2240 829 2287 protectione
843 2242 1012 2288 custodiat,

257 2292 476 2339 honoremque
515 2301 701 2340 perceptum
728 2306 784 2329 vos
814 2295 846 2330 in
868 2296 1013 2332 moribus

256 2357 381 2382 servare
403 2346 567 2382 concedat.
595 2347 711 2383 Datum
734 2348 785 2384 die
806 2361 858 2384 x11
873 2351 1012 2397 angusti,

258 2399 370 2435 indict.
393 2412 471 2434 xm.

314 2464 375 2496 Dat.
394 2465 442 2496 die
461 2466 498 2496 12
521 2467 639 2505 augusti
667 2477 743 2498 anno
761 2467 879 2500 Domini
897 2470 965 2510 595,

432 2514 537 2554 pontis.
556 2515 689 2554 Gregorii
712 2526 788 2547 anno
805 2526 832 2549 v.

290 2590 331 2629 (1)
346 2591 422 2620 Grat.
442 2591 505 2620 dist.
529 2594 590 2628 100,
609 2601 634 2622 c.
650 2594 815 2629 6,Pallittm.

1711 358 1779 392 163

1424 419 1477 454 IX.

1077 482 1232 517 Concessio
1250 485 1484 530 privileyiornm
1509 488 1695 523 monasterio
1716 490 1828 524 Sancti

1124 533 1269 567 Cassiani
1296 535 1536 577 (t‘nltlassiiensi
1555 539 1688 582 civitate)
1713 540 1776 582 (ul).
1834 563 1837 593 3

1336 598 1553 631 SL'MMARHJM
1833 599 1836 615 ⁸

1070 646 1239 678 Exordium.
1255 650 1464 681 —ilbbatissa
1493 653 1627 691 eligenda
1656 664 1690 684 ex
1711 656 1823 694 gremio

1110 696 1124 715 a
1140 687 1377 718 Monialibus.—
1388 691 1557 722 Manasterii
1575 694 1707 731 regimen
1725 696 1760 725 ad
1775 705 1824 725 so-

1109 726 1166 755 lam
1180 728 1361 758 abbatissam
1374 732 1691 768 spectaredeclaratur.
1704 752 1744 757 —
1754 735 1823 774 Epi-

1109 774 1198 805 scopo
1214 768 1324 806 qnibus
1341 769 1446 799 diebus
1458 771 1627 801 cathedram
1640 773 1681 803 ibi
1698 775 1733 803 ad
1749 776 1823 805 mis-

1108 814 1209 835 sarum
1229 808 1371 838 solemnia
1391 812 1554 847 peragenda
1570 821 1677 851 ponere
1695 815 1819 852 permit-

1108 848 1192 875 tatur.
1207 863 1248 869 —
1261 846 1438 886 Supremam
1456 851 1551 879 eidem
1568 852 1702 889 regimen
1720 854 1750 883 in
1769 854 1820 884 ab·

1107 883 1250 915 batissam
1274 888 1458 918 conceditur.

1191 946 1335 982 Gregorius
1358 949 1503 985 Rcspcctac
1527 951 1695 980 abbatissae.
1828 943 1832 987 l

1113 1002 1190 1038 Piae
1211 1005 1382 1050 postulatio
1403 1007 1573 1042 voluntatis
1591 1009 1704 1045 effectu
1724 1011 1817 1047 debet

1065 1054 1268 1099 prosequenti
1289 1055 1457 1101 compleri:
1482 1066 1638 1103 qnatenus
1660 1067 1690 1094 et
1712 1059 1817 1095 devo-

1065 1101 1158 1136 tionis
1185 1102 1348 1138 sinceritas
1379 1104 1577 1141 laudabiliter
1599 1108 1763 1150 enitescat,
1788 1118 1818 1145 et

1065 1150 1180 1185 utilitas
1209 1153 1363 1198 postulata
1390 1154 1471 1189 vires
1493 1155 1709 1193 indubitanter
1729 1171 1816 1194 assu-

1064 1207 1137 1234 mat.
1162 1200 1301 1236 Proinde
1329 1205 1530 1246 monasterio,
1550 1206 1633 1252 quod
1657 1207 1688 1241 in
1712 1208 1831 1248 hono-3

1063 1261 1128 1283 rem
1155 1251 1252 1285 sancti
1280 1250 1423 1286 Cassiani
1446 1262 1492 1288 cst
1514 1263 1756 1297 consecratum,
1780 1257 1813 1292 in

1062 1310 1125 1344 qno
1138 1311 1283 1345 praeesse
1305 1301 1512 1347 dignosceris,
1529 1303 1612 1339 iuxta
1628 1305 1814 1351 petitionem

1062 1348 1197 1382 illiorum
1226 1357 1404 1384 nostrorum
1427 1351 1577 1391 Dinamii‚
1596 1361 1690 1400 atque
1710 1353 1814 1390 Aure-

1062 1396 1175 1438 lianae,
1202 1398 1255 1444 qui
1283 1398 1314 1432 id
1337 1399 1482 1445 religiosa
1510 1401 1677 1438 devotione
1704 1403 1814 1438 domni

1060 1457 1134 1479 suae
1155 1446 1230 1480 iuris
1251 1447 1367 1482 iunctis
1391 1449 1508 1483 uniisse
1532 1451 1684 1486 aediliciis
1717 1464 1814 1487 com-

1061 1494 1254 1540 probantur,
1289 1496 1367 1531 baec
1403 1498 1565 1544 privilegia
1602 1501 1812 1546 praevidimus

1061 1543 1232 1589 indulgeri:
1256 1546 1487 1581 constituentes
1510 1555 1542 1582 ut
1564 1549 1702 1585 obeunte
1729 1558 1812 1586 ante-

1060 1592 1134 1627 dicti
1162 1595 1344 1628 monasterii
1366 1595 1534 1637 abbatissa,
1563 1610 1626 1633 non
1651 1608 1810 1642 extranea,

1059 1641 1113 1676 sed
1148 1654 1241 1689 quan]
1265 1645 1468 1690 congregatio
1490 1646 1548 1680 sibi
1579 1646 1618 1682 de
1640 1648 1705 1683 suis
1739 1648 1812 1684 ele-

1058 1690 1138 1736 gerit
1159 1692 1334 1733 ordinetur,
1356 1706 1449 1739 qnam
1474 1702 1578 1730 tamen
1598 1696 1623 1730 si
1638 1696 1734 1743 digua
1749 1698 1810 1734 hoc

1059 1740 1232 1776 ministerio
1255 1741 1390 1777 iudicata
1422 1743 1537 1785 suerit,
1574 1745 1717 1781 eiusdem
1748 1747 1809 1783 loci

1058 1789 1227 1836 episcopus
1248 1791 1382 1826 ordinet.
1405 1791 1439 1826 In
1463 1793 1556 1828 rebus
1578 1802 1693 1840 antem,
1716 1796 1763 1831 vel
1778 1796 1809 1831 in

1058 1838 1264 1885 dispositione
1286 1842 1468 1876 monasterii
1490 1843 1645 1888 eiusdem,
1659 1856 1718 1879 nec
1740 1846 1808 1893 epi-

1057 1899 1202 1933 scopum,
1229 1900 1288 1923 nec
1306 1890 1593 1926 ecelesiasticorum
1617 1905 1805 1941 quemquam

1056 1936 1193 1983 aliquam
1217 1937 1332 1973 babere
1365 1939 1568 1976 decernimus
1601 1950 1804 1989 potestatem:

1057 1985 1112 2020 scd
1134 1985 1211 2021 haec
1233 1987 1270 2021 ad
1297 1988 1508 2024 solicitudinis
1536 1999 1617 2033 tuae,
1645 1992 1693 2027 vel
1726 2005 1808 2040 quae

1057 2042 1128 2081 post
1151 2043 1179 2070 te
1200 2036 1231 2070 in
1267 2036 1379 2071 eodem
1401 2038 1470 2073 loco
1506 2039 1597 2074 fuerit
1624 2041 1780 2077 abbatissa
1798 2070 1805 2083 ,

1056 2095 1161 2118 curam
1179 2086 1347 2121 statuimus
1369 2099 1425 2134 per
1446 2089 1550 2124 omnia
1570 2090 1808 2136 pertinere.Die

1055 2132 1212 2179 siquidem
1241 2135 1352 2170 natalis
1378 2136 1426 2171 vel
1453 2137 1661 2174 dedicationis
1694 2152 1807 2187 supra-

1055 2182 1129 2218 dicti
1151 2184 1334 2218 monasterii
1356 2186 1526 2233 episcopus
1541 2187 1617 2223 illuc
1639 2188 1806 2224 missarum

1054 2243 1141 2267 sacra
1160 2233 1325 2268 conveniat
1346 2235 1498 2270 solemnia
1512 2237 1687 2279 celebrare;
1709 2250 1726 2273 a
1741 2251 1804 2286 quo

1055 2289 1159 2317 tamen
1182 2282 1222 2317 ita
1252 2290 1300 2317 est
1321 2283 1382 2319 hoc
1404 2284 1541 2320 officium
1569 2286 1779 2323 exolvendum
1796 2317 1804 2330 ,

1054 2338 1088 2364 ut
1117 2331 1266 2367 cathedra
1294 2332 1364 2368 eius
1394 2333 1455 2369 nisi
1491 2335 1660 2382 praedictis
1691 2337 1804 2374 diebus

1053 2379 1128 2414 dum
1156 2380 1220 2416 illic
1252 2381 1420 2417 missarum
1453 2385 1606 2420 solemnia
1641 2385 1803 2430 celebrat,

1053 2441 1116 2464 non
1151 2438 1294 2477 ponatur.
1328 2431 1401 2473 Quo
1436 2432 1619 2469 discedente
1659 2434 1805 2472 similiter

1052 2478 1146 2513 etiam
1169 2479 1316 2514 cathedra
1339 2481 1423 2517 illius
1453 2481 1491 2516 de
1525 2483 1638 2518 eodem
1666 2485 1803 2521 oratorio

1052 2527 1220 2563 auferatur.
1243 2527 1385 2565 Caeteris
1406 2542 1479 2566 vero
1502 2531 1615 2567 diebus
1630 2559 1639 2577 ,
1662 2545 1717 2581 per
1737 2547 1804 2582 pre-

1052 2576 1226 2625 sbyterum,
1252 2578 1307 2625 qui
1327 2579 1366 2614 ab
1400 2579 1511 2615 eodem
1539 2582 1691 2630 episcopo
1712 2584 1804 2620 suerit

1051 2625 1232 2673 deputatus,
1259 2627 1427 2664 missarum
1453 2629 1555 2665 officia
1578 2640 1776 2679 peragantur.

1100 2675 1266 2712 Praeterea
1287 2689 1360 2725 erga
1381 2678 1475 2713 vitam
1497 2689 1650 2730 actusque
1671 2682 1802 2720 ancilla-

1086 2732 1125 2769 (t)
1142 2733 1256 2769 Registr.
1277 2734 1322 2762 tib.
1340 2742 1389 2769 vn,
1409 2743 1452 2772 ep.
1469 2743 1520 2764 xit.

1851 358 1902 386 An.
1930 360 1957 387 (1,
1981 362 2031 387 5η,

1844 1025 1969 1049 Εῑυτάιυτῃ.

1841 1546 1958 1568 Μὼιὶῑίεςι
1979 1547 2024 1567 vll*

1840 1582 1909 1611 gunda
1927 1592 1950 1605 ex
1969 1592 2023 1612 gre-

1839 1615 1883 1635 ntio
1907 1621 1917 1636 a
1935 1616 2023 1636 monia—

1839 1648 1904 1671 libusv

1838 1840 1967 1864 atanasierii
1985 1852 2020 1865 rw

1837 1876 1908 1905 gluten
1938 1878 1964 1899 ad
1983 1886 2019 1899 sn-

1835 1911 1877 1934 laui
1918 1912 2021 1936 abbatis-

1836 1955 1881 1970 sam
1917 1952 2019 1978 spectare

1835 1982 1967 2007 declaratur.

1833 2148 1945 2178 Episcopo
1965 2152 2017 2179 qni-

1833 2182 1872 2206 bus
1890 2185 1965 2208 dicbus
1983 2194 2019 2208 ea-

1833 2220 1932 2242 tbedram
1952 2220 1979 2242 ibi
1992 2222 2017 2243 ad

1832 2258 1948 2280 missarum
1975 2264 2018 2278 so-

1831 2292 1910 2315 lemnia
1960 2300 2017 2323 per·

1832 2328 1915 2357 agenda
1934 2336 2016 2358 ponere

1830 2365 1981 2393 permittatur.

1827 2402 1834 2411 0

1826 2664 1955 2694 Supremum
1974 2666 2012 2687 ei-

1826 2699 1876 2723 dem
1915 2701 2013 2731 regimen
