2237 3127
522 220 569 253 40

470 294 554 322 esset
587 292 713 332 experta
747 284 929 331 coniugium
957 288 1009 329 (a).
1033 284 1113 326 Quis
1142 297 1215 331 ergo

468 335 667 371 dissimulare
699 334 823 378 audeat,
851 334 935 381 quod
959 335 990 368 in
1014 335 1088 368 tanti
1111 346 1215 368 sacra-

469 386 565 420 menti
579 392 774 432 perpeti·attir
793 384 956 418 iniuriam:
973 396 1043 418 cum
1060 383 1133 418 liuic
1150 397 1215 418 ma-

467 447 543 481 gno,
571 433 810 479 venerandoque
845 434 1003 481 mysterio,
1032 445 1070 467 ne
1092 434 1215 468 divinae

467 484 594 531 quidem
611 484 687 529 legis
702 491 815 517 statuta
833 483 1002 525 defuerint,
1022 483 1138 530 quibus
1157 484 1216 517 uvi-

467 534 577 568 denter
589 532 818 576 estdelinitum,
844 541 875 567 ut
894 534 1045 580 virginem
1069 533 1215 569 sacerdos

274 234 322 260 An.
338 231 384 260 Ch.
405 232 457 260 [1160

466 584 609 631 accipiat,
635 591 664 617 et
685 582 813 617 alterius
835 591 936 617 torum
964 583 1078 618 nesciat
1103 584 1216 618 coniu-

465 634 526 678 gis,
553 645 634 680 quae
657 644 734 666 uxor
755 641 801 667 est
829 633 931 667 futura
961 632 1138 679 pontilicis?
1165 635 1214 676 (b).

279 725 282 728 ι
314 682 527 729 εᾳοοςᾱοιυωΙθιη
557 692 632 717 tunc
666 683 748 717 euim
785 683 814 716 iu
855 682 1071 717 sacerdotibus
1100 683 1216 730 ligura-

268 725 350 776 ),ss'ffiffl
372 724 449 777 §5523
463 732 554 768 batur
571 732 689 767 Christi
712 741 742 767 et
764 731 924 767 Ecclesiae
946 733 1106 779 spirituale
1139 745 1216 768 cou-

267 788 321 813 sium
349 788 397 822 quid
424 783 597 829 fl-iugium,
633 790 666 817 ut
700 782 849 829 quoniam
873 783 916 816 vir
948 793 1039 830 caput
1076 792 1121 818 est
1151 796 1215 817 mu-

267 821 380 844 gfflwm'
464 831 560 876 lieris,
592 832 689 867 discat
720 831 844 879 Sponsa
878 831 972 867 Verbi
1010 845 1070 867 nou
1120 833 1213 867 alium

464 882 563 917 virum
586 894 680 917 nosse
706 894 799 929 quam
824 881 997 918 Christum.
1025 884 1078 930 qui
1105 884 1214 917 merito

464 945 557 967 unam
580 932 686 979 elegit,
710 943 803 966 unam
827 932 937 978 diligit,
960 942 988 967 et
1011 933 1102 967 aliam
1132 945 1215 979 prae-

464 990 509 1017 ter
530 983 630 1029 ipsam
653 994 710 1017 suo
732 983 891 1017 consortio
914 994 976 1017 non
996 983 1147 1030 adiungit.

514 1036 546 1066 4.
574 1032 607 1068 Si
631 1044 706 1078 ergo
729 1032 821 1066 etiam
838 1032 866 1066 in
885 1032 990 1067 Veteri
1012 1033 1214 1068 Testanieuto

461 1084 539 1118 haec
576 1081 818 1118 sacerdotalium
855 1083 1078 1128 coniugiorum
1116 1084 1213 1119 forma

461 1141 581 1169 serrata
596 1141 661 1173 est;
677 1132 909 1179 quantomagis
924 1133 984 1167 sub
1000 1134 1133 1169 revelata
1153 1135 1213 1168 iam

460 1183 558 1230 gratia
585 1182 758 1224 constituti,
785 1182 966 1228 apostolicis
989 1182 1140 1218 debemus
1164 1184 1213 1218 in-

460 1232 578 1268 servire
595 1232 784 1280 praeceptis,
802 1240 834 1266 ut
848 1233 1021 1279 quamlibet
1037 1234 1107 1280 quis
1122 1234 1213 1268 bouis

459 1282 604 1318 moribus
626 1282 787 1329 praeditus
810 1290 839 1317 et
853 1284 972 1317 sanctis
991 1284 1141 1331 operibus
1159 1285 1213 1318 in-

459 1333 600 1368 veniatur
630 1340 771 1371 ornatus,
809 1345 1007 1380 nequaquam
1037 1342 1140 1369 tamen
1166 1334 1211 1369 vel

457 1382 495 1417 ad
533 1382 670 1417 diaconii
703 1382 849 1428 gradum,
887 1383 932 1417 rel
952 1383 989 1417 ad
1027 1384 1211 1432 presbyterii

458 1433 625 1473 honorem,
664 1432 712 1467 vel
759 1431 796 1466 ad
843 1433 1044 1481 episcopatus
1085 1436 1210 1469 culmen

456 1483 617 1528 ascendat,
638 1483 662 1517 si
690 1490 743 1517 aut
776 1480 881 1528 ipsum
904 1495 965 1517 non
992 1484 1084 1518 unius
1107 1485 1212 1519 uxoris

458 1534 571 1573 virum,
607 1541 661 1567 aut
687 1543 818 1567 uxorein
847 1533 916 1567 eius
942 1545 1004 1568 non
1034 1535 1128 1569 unius
1156 1534 1210 1568 viri

457 1583 555 1618 fuisse
577 1582 748 1617 claruerit?
788 1583 938 1618 Mouente
962 1596 1037 1618 vero
1056 1584 1210 1631 Apostolo

456 1641 550 1680 atque
573 1632 711 1667 dicente:
759 1634 800 1668 Et
829 1632 860 1666 hi
890 1641 997 1668 autem
1039 1635 1211 1680 probentur

284 1702 330 1723 Sin,
359 1702 441 1728 probati
457 1684 606 1730 primum,
628 1691 658 1717 et
685 1683 731 1717 sic
754 1683 933 1718 ministrent
955 1688 1008 1727 (c);
1032 1685 1108 1731 quid
1126 1685 1208 1719 aliud

258 1734 442 1786 Ρξῑοῐῃῐωῖῗιῑῗῑῑ·
457 1732 701 1780 intelligendum
735 1733 764 1768 in
804 1733 865 1768 hoc
902 1742 1060 1780 putamus,
1084 1735 1142 1769 nisi
1178 1743 1209 1769 ut

258 1770 440 1786 ⁵¹⁸⁰³⁸¹¹³¹¹¹¹³e
458 1783 488 1817 iu
513 1783 562 1817 liis
597 1783 854 1829 provectionibus
881 1796 943 1818 non
976 1784 1077 1819 solum
1102 1786 1210 1819 matri-

456 1833 637 1868 moniorum
664 1833 896 1877 castimoniam,
930 1834 983 1868 scd
1007 1835 1098 1869 etiani
1123 1835 1210 1869 labo-

455 1895 525 1918 rum
554 1883 663 1918 merita
691 1883 879 1930 cogitemus,
892 1896 931 1918 ne
953 1893 1036 1919 anta
1054 1885 1210 1932 baptismo

455 1932 600 1974 rudibus,
629 1940 683 1967 aut
717 1945 731 1967 a
768 1934 920 1968 saeculari
967 1943 1037 1969 actu
1079 1943 1209 1982 repente

455 1983 627 2022 conversis,
643 1982 781 2018 officium
798 1984 952 2031 pastorale
968 1985 1125 2026 credatur,
1137 1998 1207 2019 cuin

455 2033 559 2068 omnis
580 2033 697 2079 gradus
724 2034 858 2069 militiae
880 2033 1069 2070 christianae
1091 2035 1130 2070 de
1153 2035 1209 2070 in-

455 2084 627 2118 crementis
650 2083 826 2130 profectum
850 2083 962 2119 debeat
981 2085 1152 2129 aestimari,
1169 2097 1207 2120 an

456 2133 579 2180 possint
600 2133 748 2180 cuiquam
769 2135 885 2169 maiora
906 2135 1083 2169 committi?
1098 2136 1209 2170 Merito

455 2190 636 2218 sauctorum
655 2182 785 2218 Patrum
807 2184 1001 2220 venerabiles
1018 2186 1208 2229 sanctiones,

455 2245 526 2267 cum
543 2232 582 2267 de
597 2233 795 2268 sacerdotum
818 2234 975 2269 electione
992 2236 1207 2282 loquerentur,

455 2295 508 2317 eos
531 2283 658 2317 demum
685 2283 814 2318 idoneos
841 2284 939 2318 sacris
961 2284 1208 2320 administratio-

457 2332 551 2366 nibus
573 2343 779 2372 censuerunt,
802 2345 937 2380 qnorum
961 2335 1064 2368 omnis
1087 2344 1170 2370 actas
1192 2348 1208 2369 a

457 2381 630 2428 puerilibus
653 2383 790 2417 exordiis
807 2395 907 2430 usque
933 2384 970 2418 ad
1001 2386 1209 2431 provectiores

455 2444 555 2466 annos
583 2444 638 2479 per
676 2432 861 2479 disciplinae
894 2434 1122 2469 ecclesiasticae
1153 2436 1209 2469 sti-

456 2481 569 2528 pendia
592 2482 795 2523 cucurrisset,
819 2491 849 2517 et
872 2484 1043 2530 unicuique
1073 2485 1210 2519 testimo-

455 2531 541 2565 nium
566 2532 651 2578 prior
673 2532 731 2567 vita
754 2532 932 2579 praeberet:
957 2546 1014 2568 nec
1044 2543 1147 2581 posset
1171 2535 1208 2569 de

259 1797 346 1823 gradus.

490 2606 528 2639 (αι
555 2608 564 2634 1
599 2607 714 2634 Timoth.
743 2608 767 2635 3.
794 2608 834 2643 (h)
861 2609 945 2635 Levit.
973 2610 1015 2637 21,
1044 2610 1139 2637 Ezccb.
1163 2612 1207 2638 [ιῖι.

455 2641 551 2677 Ephes.
569 2643 593 2669 5,
615 2644 638 2670 l.
656 2643 773 2670 Corinth.
796 2646 835 2672 ll.
853 2644 890 2679 (c)
907 2647 918 2673 1
941 2646 1055 2673 Timotb.
1075 2647 1099 2674 5.

1054 229 1242 253 BULLARIUM
1262 229 1426 252 ROMANUM

2023 232 2074 260 An.
2089 232 2137 261 Ch.
2154 233 2208 261 ΜΟ

1257 285 1324 319 eius
1352 285 1551 331 provectione
1585 285 1721 320 dubitari
1748 286 1799 320 cui
1836 299 1892 334 pro
1913 286 2008 322 labo—

1259 334 1344 368 ribus
1375 334 1494 379 multis,
1531 347 1588 381 pro
1623 336 1716 369 castis
1751 337 1904 377 moribus,
1952 349 2008 384 pro

1257 383 1378 417 actibus
1404 384 1554 427 strenuis,
1581 383 1722 418 celsioris
1744 385 1804 420 loci
1831 387 2006 433 praemium

1258 433 1437 467 deberetur.
1480 434 1512 467 Si
1546 434 1628 468 enim
1653 433 1691 467 ad
1726 434 1862 470 honores
1898 437 2008 472 mundi
2049 442 2144 478 ³¹3¹¹³i²¹¹⁵
2166 447 2208 463 ¹¹⁰-

1258 483 1324 517 sine
1338 483 1485 529 sull'ragio
1499 484 1663 531 temporis,
1674 484 1740 518 siue
1756 486 1866 520 merito
1878 485 2007 529 laboris,
2022 474 2208 527 ffifflisqwffi‘fss

1259 532 1424 579 iudignum
1442 542 1487 567 est
1503 534 1679 580 pervenire,
1700 542 1730 567 et
1751 535 1850 569 notari
1870 536 2008 572 ambitus
2023 541 2094 590 {nem}
2115 543 2157 559 '³⁰¹¹
2170 538 2208 559 ⁸⁶*

1257 583 1372 626 solent,
1405 595 1486 630 quos
1523 583 1685 630 probitatis
1722 584 1910 620 documenta
1945 575 2104 621 nouiuvan.

1258 632 1422 673 adiuvaut3
1440 645 1534 680 quam
1558 633 1693 680 diligens
1711 643 1741 669 ct
1756 647 1849 681 quam
1870 635 2008 682 prudens

1258 681 1401 717 habenda
1429 692 1475 717 est
1502 683 1694 730 dispensatio
1730 684 1907 719 divinorum
1936 697 2010 720 mu-

1258 744 1370 766 nerum
1403 741 1431 767 et
1467 733 1649 768 coelestium
1685 734 1884 780 dignitatum,
1913 746 1951 769 ne
1978 735 2008 769 in

1257 781 1361 829 aliquo
1384 783 1552 829 apostolica
1575 791 1604 818 et
1627 785 1776 818 canonica
1796 784 1920 820 decreta
1943 785 2010 821 vio-

1258 832 1373 876 lentur,
1388 840 1416 866 ct
1431 832 1480 867 liis
1494 833 1638 868 Ecclesia
1652 833 1780 868 Domini
1795 835 1931 881 regenda
1946 847 2009 870 cre-

1257 881 1421 929 datur,qui
1433 883 1641 929 legitimarum
1656 883 1887 919 institutionum
1897 886 2008 931 nescii,

1257 940 1285 966 et
1302 933 1394 966 totius
1414 932 1600 968 humilitatis
1625 933 1736 979 ignari,
1753 945 1815 968 non
1832 934 1871 969 ab
1891 935 2009 971 infimis

1256 994 1383 1016 sumere
1400 982 1643 1027 incrementum,
1655 983 1737 1018 seda
1753 984 1887 1019 summis
1901 985 2010 1020 volunt

1256 1031 1371 1067 habere
1408 1032 1622 1079 principium?
1647 1032 1729 1068 Curn
1753 1033 1840 1069 valde
1863 1034 2006 1082 iniquum

1256 1082 1295 1116 sit
1322 1091 1351 1116 et
1384 1082 1557 1117 absurdum
1588 1091 1620 1117 ut
1658 1083 1794 1130 imperiti
1832 1085 2008 1131 magistris,

1256 1132 1326 1166 novi
1347 1133 1497 1178 antiquis,
1519 1140 1547 1167 et
1572 1133 1666 1167 rudes
1692 1133 1908 1180 praeferantur
1921 1147 2009 1170 eme-

1257 1182 1334 1216 ritis.
1356 1182 1389 1216 In
1414 1182 1509 1217 domo
1531 1183 1659 1230 quidem
1681 1196 1790 1230 magua
1814 1196 1945 1220 necesse
1960 1193 2009 1220 est
2023 1184 2110 1237 dikum
2159 1220 2209 1239 sum

1255 1231 1346 1274 (sicut
1373 1232 1547 1279 Apostolus
1574 1233 1708 1277 disserit)
1733 1241 1765 1267 ut
1787 1246 1857 1269 vasa
1885 1234 2008 1270 diversa
2023 1227 2110 1275 merida,
2137 1249 2208 1269 aiver-

1255 1282 1329 1321 siut,
1345 1283 1500 1329 quaedam
1515 1295 1608 1317 aurea
1626 1292 1656 1317 et
1673 1282 1831 1330 argentea,
1853 1285 2006 1332 quaedam
2023 1287 2047 1301 ⁵³
2063 1280 2193 1301 mmmmm·

1255 1344 1327 1366 vcro
1347 1332 1446 1378 lignea
1470 1342 1497 1367 et
1523 1332 1629 1367 fictilia
1651 1336 1708 1377 (a);
1728 1333 1783 1368 sed
1807 1333 1919 1368 horum
1948 1335 2009 1369 mi-

1256 1382 1418 1417 nisterium
1450 1396 1506 1430 pro
1545 1384 1692 1418 materiae
1714 1383 1863 1431 qualitate
1885 1385 2008 1420 discer-

1256 1433 1350 1476 nitur,
1374 1445 1431 1467 nec
1458 1433 1540 1467 idem
1571 1442 1617 1467 est
1646 1435 1857 1480 pretiosorum
1881 1447 1956 1470 usus
1978 1444 2008 1470 et

1254 1482 1372 1516 vilium.
1400 1483 1479 1517 Nam
1516 1483 1689 1518 inordinata
1716 1492 1809 1518 erunt
1836 1485 1953 1529 omnia,
1980 1485 2007 1520 si

1255 1531 1361 1566 fictilia
1388 1534 1502 1575 aureis,
1525 1542 1555 1568 et
1583 1533 1684 1579 lignea
1713 1534 1930 1580 praeferantur
1956 1547 2007 1570 ar-

1253 1583 1389 1625 genteis.
1405 1582 1493 1617 Sicut
1507 1592 1610 1617 autem
1626 1584 1654 1617 iu
1681 1583 1794 1630 ligneis
1807 1593 1837 1619 et
1855 1583 2008 1620 fictilibus

1253 1644 1361 1666 corum
1390 1632 1555 1667 hominum
1586 1634 1710 1680 specics
1746 1634 1929 1680 ligurantur,
1952 1636 2005 1682 qui

1254 1682 1348 1716 nullis
1363 1682 1465 1717 adbuc
1475 1683 1642 1718 virtutibus
1658 1684 1773 1718 nitent:
1792 1684 1832 1718 ita
1852 1684 1882 1718 in
1905 1686 2008 1720 aureis

1253 1741 1281 1766 et
1301 1733 1459 1778 argenteis
1475 1733 1505 1766 hi
1522 1734 1590 1767 siue
1613 1733 1710 1768 dubio
1730 1733 1940 1771 declarantur.
1954 1735 2006 1782 qui

1254 1794 1308 1829 per
1330 1782 1440 1829 longae
1463 1783 1650 1818 eruditionis
1678 1784 1795 1830 iguem,
1817 1792 1847 1818 ct
1875 1796 1930 1831 per
1942 1785 2007 1820 for-

1253 1844 1362 1866 nacem
1400 1832 1540 1867 diuturni
1576 1833 1692 1867 laboris
1731 1834 1865 1878 excocti,
1894 1846 2005 1870 aurum

1254 1883 1419 1929 probatum
1448 1891 1476 1917 et
1501 1892 1665 1930 argentum
1695 1894 1811 1930 purum
1839 1895 1908 1919 esse
1936 1897 2004 1919 me-

1252 1941 1396 1967 ruerunt.
1419 1932 1546 1974 Quibus
1567 1934 1592 1968 si
1607 1945 1729 1968 merces
1752 1946 1809 1981 pro
1839 1933 2006 1970 devotione

1253 1995 1312 2016 nou
1329 1983 1482 2026 redditur,
1497 1983 1600 2018 omnis
1613 1983 1827 2018 ecclesiastica
1840 1974 2005 2032 disciplina

1252 2033 1428 2072 resolvitur,
1452 2034 1556 2067 omnis
1588 2033 1665 2068 ordo
1694 2033 1850 2068 turbatur:
1875 2034 1951 2069 dum
1971 2035 2004 2069 in

1250 2082 1463 2129 Ecclesia,qui
1478 2084 1598 2117 nullum
1629 2084 1755 2118 subiere
1779 2084 2004 2129 ministerium,

1253 2144 1399 2179 perverso
1434 2133 1617 2179 eligentium
1659 2133 1787 2175 iudicio,
1826 2133 2003 2169 indebitum

1250 2182 1393 2217 obtinent
1423 2183 1645 2230 principatum.

1299 2234 1331 2266 5.
1360 2231 1442 2267 Cum
1461 2244 1535 2279 ergo
1550 2233 1697 2267 intervos
1713 2240 1834 2268 tantum
1849 2233 2003 2269 valuerint
2033 2243 2152 2279 ‚Ex-laicis
2167 2249 2204 2265 or—

1250 2290 1303 2317 aut
1327 2282 1431 2317 studia
1455 2282 1666 2329 popularium,
1696 2291 1749 2318 aut
1775 2283 1914 2319 ambitus
1946 2297 2005 2319 su—
2017 2275 2203 2334 fflffissll‘m'ffiss,

1252 2332 1435 2379 perborum,
1455 2342 1486 2366 ut
1511 2345 1571 2367 nou
1589 2332 1690 2367 solum
1715 2333 1825 2378 laicos,
1839 2333 1894 2368 sed
1910 2334 2002 2369 etiam
2017 2337 2100 2363 '’figmi-

1251 2383 1462 2417 secundarum
1489 2395 1621 2417 uxorum
1644 2385 1728 2418 viros
1757 2391 1810 2418 aut
1839 2383 2003 2418 viduarum

1252 2432 1378 2466 maritos
1391 2432 1430 2466 ad
1447 2432 1585 2467 officium
1602 2444 1831 2479 cognoscamus
1850 2432 2004 2480 pastorale

1253 2489 1433 2528 provectos:
1490 2494 1595 2517 nonne
1648 2483 1830 2530 aptissimae
1872 2483 2003 2530 exigunt

1251 2543 1391 2575 caussae,
1414 2540 1447 2565 ut
1466 2531 1638 2572 Ecclesiae,
1662 2534 1692 2567 in
1716 2533 1832 2580 quibus
1847 2533 1903 2568 ista
1915 2545 2002 2568 com-

1253 2582 1345 2616 missa
1372 2590 1456 2626 suut,
1480 2582 1596 2617 iudicio
1619 2582 1775 2618 severiore
1809 2591 2002 2630 purgentur,

1285 2647 1325 2684 (a)
1341 2649 1357 2674 2
1373 2648 1488 2676 Timoth.
1507 2650 1532 2676 2.

2111 1184 2209 1207 Ecclesia
