2237 3127
179 290 231 320 An.
253 290 282 320 C.
308 291 360 320 919

176 798 261 822 Nemini
294 797 361 820 liceat

176 835 294 865 quidquam
333 834 361 855 ibi

176 878 278 893 exercere
297 877 362 900 prae-

177 911 210 929 ter
227 906 326 929 abbatom
339 910 361 928 ct

175 943 331 973 patriarcham.

206 1197 348 1221 Enumeratio

180 1234 286 1256 bonorum
337 1233 364 1255 ad

181 1277 228 1292 enm
254 1274 364 1300 spectau-

182 1306 245 1328 tium.

222 2531 240 2554 Α
266 2531 376 2554 Veronen-

193 2567 293 2597 episcopi
312 2567 377 2589 iuris-

193 2602 292 2625 dictione
331 2603 377 2625 cxi-

195 2639 269 2661 mitur.

439 292 509 325 582

389 356 499 392 ficibus
522 363 662 401 tempore
676 352 765 388 Pauli
780 359 809 387 ct
831 349 992 386 Ecclesiae
1005 349 1138 397 patriar-

388 407 517 441 charum
540 412 570 439 et
593 403 719 438 Ferocis
753 401 875 437 abbatis
908 399 1050 435 eiusdem
1074 398 1138 433 Ec-

388 455 500 490 clesiae
527 453 645 493 scimus
676 452 757 487 hanc
791 452 889 498 ipsam
926 449 963 484 ad
998 458 1137 483 sanctam

388 504 495 538 sedem
519 502 756 549 Aquileiensem
785 499 946 534 Ecclesiae
981 498 1138 545 respicere

387 553 447 587 sub
469 553 535 586 iure
557 552 643 586 omni
677 551 718 584 illi
742 550 872 584 obedire
909 549 968 583 hoc
990 548 1139 582 concedi-

389 614 460 637 mus
473 601 639 636 laudamus
661 600 837 634 stabilimus
859 607 892 633 ut
906 598 984 632 nulli
1007 597 1045 632 sit
1068 597 1139 631 lici-

388 659 452 686 tum
475 651 559 685 illam
582 650 785 685 consecrandi
809 648 857 682 vel
874 647 1015 694 quidque
1031 647 1139 693 requi-

389 701 477 735 rendi
500 700 559 735 nisi
578 699 794 746 Aquileiensis
814 698 976 732 Ecclesiae
999 697 1137 743 pontifici

389 758 418 784 et
445 750 618 785 Benedicto
640 749 743 783 abbati
766 756 796 782 et
814 746 1050 782 successoribus
1072 746 1140 780 eius

388 808 442 834 aut
463 812 558 846 quem
586 798 636 833 vel
664 798 854 833 Benedictus
888 797 984 831 abbas
1015 795 1061 830 rel
1086 808 1140 841 pa-

388 849 522 884 triarcha
545 849 677 883 voluerit
701 860 831 883 exorare
853 855 884 881 ct
903 845 1140 881 successoribus

388 911 496 935 eorum
520 907 551 934 et
572 910 793 945 quoscumque
816 897 901 944 ipsos
936 896 1068 930 delectat
1091 895 1142 928 in-

377 948 555 1001 ¹terpellare
577 948 655 983 haec
677 949 748 994 qnia
772 947 840 982 eins
864 945 1026 993 privilegio
1048 945 1076 979 ei
1099 944 1143 978 di-

378 999 492 1047 ¹cimus
514 1006 619 1033 nostra
646 1010 739 1032 manu
763 996 914 1043 scriptum
938 996 996 1029 hoc
1024 994 1067 1028 illi
1085 994 1142 1029 ad-

391 1048 555 1094 iungimus
578 1057 610 1083 ut
631 1047 847 1082 veronensem
864 1045 1018 1080 abbatiam
1038 1044 1143 1079 Bene-

392 1097 477 1132 dicto
499 1097 602 1132 abbati
625 1109 661 1132 ex
697 1096 861 1131 collatione
898 1094 1055 1141 pontificis
1077 1094 1141 1128 sedi

392 1147 591 1194 Aquileiensi
615 1146 718 1181 datam
741 1158 813 1180 cum
836 1144 985 1179 omnibus
1006 1156 1086 1189 quae
1105 1143 1143 1177 ad

393 1209 461 1232 eam
485 1197 643 1244 pertinent
665 1196 808 1230 videlicet
835 1194 988 1229 eeclesiae
1010 1194 1143 1228 Sanctae

395 1246 512 1281 Mariae
558 1247 715 1292 Antiquae
759 1244 892 1279 Sanctae
935 1242 1144 1289 Margarithae

394 1295 529 1331 Sanctae
552 1296 667 1330 Mariae
694 1294 847 1329 lnsnlario
874 1294 1007 1327 Sanctae
1031 1293 1145 1327 Mariae

395 1345 435 1380 de
456 1345 666 1380 Xenodochio
688 1354 716 1379 ct
740 1344 872 1377 Sanctae
901 1343 1015 1377 Mariae
1042 1343 1071 1376 in
1094 1342 1146 1376 Si-

395 1395 486 1430 ciauo
508 1405 537 1429 et
555 1394 714 1429 Carioni-ca
737 1394 843 1427 Samen
868 1392 1026 1426 Laurentii
1052 1392 1147 1425 inSi-

397 1445 487 1478 cinno
523 1453 552 1478 el
585 1444 698 1478 §larino
734 1442 954 1477 &insci-milio
997 1442 1146 1475 ecclcsiae

395 1493 504 1528 Sancti
532 1494 655 1528 Martini
692 1493 831 1527 Faustini
860 1500 889 1526 et
924 1491 1040 1526 Ioritae
1074 1504 1145 1525 cnm

395 1543 542 1578 omuibus
563 1543 704 1577 ecelesiis
737 1550 767 1576 ct
807 1541 1013 1575 xenodochiis
1044 1541 1147 1585 perti-

396 1593 546 1628 nentibus
578 1592 615 1627 ad
651 1592 840 1627 monasteria
874 1591 1008 1625 Sanctae
1031 1590 1148 1624 Mariae

396 1642 428 1676 in
455 1642 584 1688 Organo
606 1650 636 1676 et
658 1642 792 1676 Sanctae
814 1641 929 1675 Mariae
958 1641 988 1674 in
1016 1638 1096 1673 Geio
1118 1647 1149 1673 et

396 1691 436 1726 de
458 1692 579 1726 clericis
601 1692 636 1725 ad
667 1692 793 1726 easdem
835 1689 1065 1738 pertinentibus
1096 1701 1149 1723 ec-

396 1741 507 1776 clesias
529 1741 736 1775 concedimus
759 1740 919 1775 Ecclesiae
954 1738 1148 1786 Aquileiensi

396 1802 583 1826 consecrare
598 1803 706 1836 regere
730 1802 838 1837 rogare
849 1797 902 1824 aut
916 1800 1149 1836 quemcumrpie

397 1840 464 1887 ipsa
491 1840 623 1874 voluerit
645 1853 754 1886 rogare
781 1848 811 1875 et
832 1840 914 1874 sient
937 1839 993 1873 snit
1016 1838 1103 1873 Pauli
1120 1846 1151 1872 et

396 1890 487 1925 Eliae
512 1897 655 1936 tempore
690 1890 935 1936 patriarcharum
968 1889 1013 1923 sic
1035 1888 1151 1922 nostris

397 1940 438 1974 sit
464 1939 604 1986 Poponis
641 1940 836 1986 patriarchae
864 1950 1060 1985 suorumque
1083 1950 1152 1971 suc-

399 2001 561 2024 cessorum
593 1997 624 2023 et
657 1989 820 2024 Benedicti
853 1988 973 2022 abbatis
1000 1995 1151 2034 potestate

398 2038 556 2074 Ecclesias
568 2038 784 2073 consecrando
797 2038 929 2073 clericos
950 2037 989 2072 ad
1012 2049 1064 2071 eas
1078 2049 1152 2084 pcr-

400 2088 536 2123 tinentes
558 2088 759 2133 corripiendo
775 2095 805 2122 et
822 2087 1020 2122 emendando
1038 2094 1069 2121 et
1091 2086 1151 2133 ipsi

399 2137 574 2172 Benedicto
601 2137 705 2172 abbati
740 2145 771 2172 et
807 2136 1048 2172 successoribus
1083 2136 1152 2170 eins

401 2187 612 2222 obedientiam
640 2186 822 2221 exhibendo
845 2195 874 2221 et
896 2185 1051 2233 quidquid
1069 2186 1152 2219 iuxta

402 2237 541 2283 regulam
574 2245 755 2271 sanctorum
790 2236 917 2270 Pati-nm
947 2236 1007 2270 illis
1031 2235 1154 2282 praeci-

402 2298 464 2334 pue
490 2293 543 2320 aut
559 2287 664 2321 animo
686 2286 745 2320 sub
775 2286 944 2332 apostolica
966 2285 1154 2320 authoritate

403 2336 612 2383 praecipimus
635 2348 728 2370 nemo
757 2343 936 2382 praesumat
960 2335 1073 2369 violare
1095 2346 1154 2368 nec

402 2386 538 2433 aliquam
563 2385 624 2419 vim
649 2385 762 2419 inferre
787 2397 887 2431 neque
914 2385 945 2418 in
965 2384 1155 2431 supradictis

402 2435 543 2470 ecclesiis
575 2447 678 2482 neque
700 2435 823 2469 clericis
842 2434 880 2468 ad
908 2434 1033 2469 easdem
1059 2434 1155 2480 perti-

405 2485 553 2519 nentibus
575 2496 633 2518 nec
661 2485 691 2518 in
726 2485 803 2518 locis
835 2496 936 2530 neque
976 2484 1006 2517 in
1029 2483 1156 2530 pascuis

405 2546 462 2569 nec
485 2534 515 2568 iu
539 2534 612 2568 rivis
635 2546 693 2568 nec
715 2534 746 2567 in
769 2533 932 2568 montibus
953 2545 1011 2567 nec
1036 2534 1065 2566 in
1088 2532 1157 2566 col—

406 2583 486 2618 libus
514 2595 572 2618 nec
595 2584 624 2617 in
647 2583 804 2630 aliquibus
826 2583 893 2617 eius
920 2582 1060 2617 ecclesiis
1078 2582 1156 2616 locis

406 2641 436 2667 ct
456 2633 635 2680 specialiter
659 2633 817 2667 Veronen.
855 2633 1003 2679 episcopo
1026 2631 1157 2665 interdi-

407 2683 519 2727 cimus,
542 2682 600 2718 sub
626 2683 694 2717 iure
723 2682 895 2730 apostolico
918 2690 951 2716 nt
974 2694 1030 2717 nec
1051 2681 1157 2728 operi-

979 294 1079 318 BULLA
1084 295 1115 317 ni
1121 294 1166 317 UM
1194 292 1357 316 ROMANUM

1178 347 1238 382 bus
1260 359 1318 382 nec
1345 344 1447 381 modis
1474 343 1632 392 aliquibus
1665 344 1705 379 sit
1737 344 1839 380 eidem
1864 343 1927 380 Ec-

1178 395 1292 432 clesiae
1314 395 1511 431 adversarius
1532 402 1562 429 et
1583 395 1608 429 si
1643 394 1714 441 quis
1736 394 1767 428 in
1790 395 1840 428 his
1867 393 1929 429 iui-

1179 447 1281 481 micus
1306 445 1424 492 aliquid
1447 444 1604 479 adversari
1631 444 1748 478 nitatur
1776 452 1837 478 tam
1860 443 1928 479 laici

1179 508 1273 543 quam
1301 495 1406 530 clerici
1429 494 1459 528 iu
1493 502 1600 528 nostro
1622 493 1819 527 anathemate
1837 492 1931 527 dam-

1181 546 1242 580 nati
1266 557 1282 580 a
1304 544 1465 579 communi
1488 543 1646 578 consortio
1670 542 1930 589 repellantur(i).

1179 595 1338 641 Scriptum
1368 605 1423 641 per
1456 605 1568 627 manus
1603 592 1728 627 loannis
1762 590 1933 626 cardinalis

1180 653 1210 679 et
1231 643 1407 680 cancellarii
1431 643 1498 677 vice
1521 642 1605 676 Petri
1629 640 1753 676 diaconi
1768 641 1799 675 in
1824 652 1932 675 mense

1181 694 1369 741 septembris
1396 699 1426 727 et
1461 691 1634 726 indictione
1667 699 1785 726 octava.
1813 690 1931 725 Datum

1182 757 1237 791 per
1259 756 1370 778 manus
1393 741 1536 776 Dodonis
1552 741 1692 788 episcopi
1715 748 1746 774 et
1767 739 1935 774 bibliothe-

1181 794 1256 828 carii
1280 800 1404 828 sanctae
1427 804 1573 826 romanae
1594 790 1756 825 Ecclesiae
1776 790 1931 824 inmense

1182 851 1212 877 ct
1235 843 1408 877 indictione
1435 840 1702 887 suprascriptisiu
1721 839 1932 874 sacratissima

1182 893 1257 927 sede
1280 892 1359 927 beati
1391 891 1475 925 Petri
1510 890 1654 937 Apostoli
1689 901 1772 924 anno
1799 888 1935 936 septimo

1182 942 1249 977 Deo
1273 941 1407 989 propitio
1435 940 1632 986 pontificatus
1659 938 1787 974 Domini
1810 938 1936 973 loannis

1183 991 1300 1027 summi
1327 989 1486 1039 pontificis
1507 998 1537 1024 et
1561 988 1746 1024 universalis
1770 1000 1869 1036 papae
1885 987 1936 1023 de-

1184 1054 1270 1077 enni.

1234 1098 1297 1129 Dat.
1320 1107 1423 1128 mense
1441 1096 1618 1137 septembris
1637 1105 1713 1126 anno
1731 1095 1797 1127 Chr.
1819 1093 1888 1133 92¹9,

1429 1138 1531 1178 pontif.
1555 1147 1630 1168 auno
1652 1145 1690 1167 vl.

1489 1258 1571 1307 LEe
1595 1259 1639 1307 Vl

1437 1332 1545 1363 PAPA
1575 1331 1695 1363 CXXVI

1200 1385 1293 1417 Anno
1316 1396 1404 1418 aerae
1424 1384 1538 1417 Christi·
1562 1395 1668 1417 comm.
1698 1382 1920 1416 CJIXXVIH.

1192 1451 1279 1530 Haeo
1312 1499 1419 1525 sextus
1458 1489 1565 1525 loanni
1602 1490 1706 1524 statim
1754 1489 1942 1535 subrogatur

1190 1552 1298 1575 mense
1321 1540 1396 1574 iulio
1418 1540 1452 1583 (si
1491 1541 1621 1586 positam
1645 1539 1771 1573 loannis
1793 1537 1943 1573 Chrono-

1190 1590 1304 1636 logiam
1323 1593 1502 1636 sequamur)
1525 1602 1607 1624 :inno
1630 1591 1712 1623 928.
1740 1588 1823 1623 Eum
1845 1587 1941 1622 Chri-

1189 1640 1331 1686 stophori
1347 1639 1514 1686 primicerii
1534 1639 1632 1673 lilium
1649 1638 1760 1673 dieunt
1772 1637 1942 1682 Baronius,

1190 1698 1220 1724 et
1243 1689 1494 1736 papebrochius:
1527 1689 1609 1723 unde
1643 1687 1807 1722 hauserint
1837 1687 1944 1722 uesci-

1191 1751 1279 1774 mns:
1294 1738 1375 1773 sedit
1398 1750 1523 1773 menses
1545 1750 1603 1780 vii,
1619 1737 1686 1772 dies
1706 1749 1752 1772 xv
1767 1738 1823 1781 (2).
1838 1735 1944 1779 Quare

1226 1805 1264 1839 (1)
1292 1804 1443 1831 Monasterii
1473 1804 1552 1830 huius
1579 1804 1739 1831 erectionem
1773 1801 1945 1830 confirmavit

1192 1841 1310 1875 Pelagius
1328 1842 1359 1873 11,
1377 1840 1487 1866 Constit.
1505 1840 1666 1874 superallata
1682 1847 1712 1870 ιι,
1729 1839 1784 1865 dat.
1797 1846 1859 1865 ann.
1880 1838 1944 1869 585,

1192 1876 1284 1910 pontif.
1303 1885 1351 1903 vii.
1391 1876 1430 1910 (τὶ)
1451 1876 1627 1909 Quocumque
1646 1874 1724 1901 fuerit
1744 1882 1813 1901 anno
1834 1874 1946 1901 loannes

1192 1912 1218 1938 X
1237 1912 1336 1938 electus
1353 1911 1471 1946 pontifex
1488 1911 1534 1945 (ait
1550 1909 1744 1945 Cocquelhres),
1763 1910 1804 1936 vel
1815 1910 1868 1936 9¹2
1882 1917 1945 1936 cum

1192 1948 1320 1980 Barcino,
1340 1948 1380 1973 vel
1401 1947 1505 1973 biennio
1522 1949 1581 1981 post
1597 1946 1673 1973 iuxta
1688 1948 1807 1972 nostram
1823 1945 1946 1972 Chrono-

1193 1983 1287 2015 logiam
1312 1986 1338 2009 et
1364 1982 1470 2015 Pagium
1500 1982 1631 2008 seniorem
1657 1981 1682 2008 in
1708 1981 1805 2008 Critica
1829 1980 1862 2007 ad
1879 1987 1944 2007 aun.

1192 2019 1254 2050 912,
1271 2027 1356 2045 annus
1372 2026 1428 2045 eins
1449 2017 1550 2052 primns
1566 2021 1676 2044 octavae
1701 2016 1856 2048 indictioni,
1876 2023 1946 2051 quae

1192 2053 1235 2079 die
1251 2062 1259 2080 1
1275 2053 1434 2088 septembris
1450 2053 1510 2079 anni
1527 2053 1578 2079 919
1594 2053 1691 2087 coepit,
1708 2060 1762 2079 non
1778 2054 1866 2087 potest
1881 2059 1947 2078 con-

1193 2089 1294 2116 venire.
1314 2090 1383 2116 Haec
1399 2092 1485 2115 tamen
1502 2096 1582 2115 causa
1597 2088 1732 2115 sufficiens
1749 2095 1801 2115 non
1825 2089 1885 2119 est,
1917 2088 1947 2113 ut

1194 2129 1396 2151 monumentum
1417 2124 1466 2151 hoc
1490 2124 1609 2151 Archivii
1638 2123 1757 2150 Vaticani
1785 2122 1946 2158 praestantia

1193 2163 1219 2187 et
1249 2160 1376 2195 dignitate
1401 2160 1572 2192 decoratum,
1603 2159 1726 2185 fictitium
1752 2155 1945 2190 existimemus,

1193 2197 1317 2230 quamvis
1334 2204 1386 2222 non
1401 2195 1554 2230 ignoremus
1573 2195 1629 2222 solo
1646 2194 1752 2221 Ferocis
1766 2193 1869 2221 abbatis
1893 2201 1946 2220 no-

1195 2235 1275 2263 mine⁷
1293 2232 1365 2266 quod
1382 2232 1407 2257 iu
1427 2239 1458 2257 eo
1478 2231 1591 2265 legitur,
1612 2230 1791 2265 suspicionem
1815 2228 1948 2263 aliquibus

1194 2266 1293 2299 induci,
1311 2275 1341 2293 ac
1358 2267 1512 2301 praesertim
1525 2266 1678 2293 doctissimo
1689 2265 1834 2292 marchioni
1845 2264 1948 2296 Mafeio,

1194 2302 1240 2337 qui
1256 2303 1281 2328 in
1297 2310 1344 2328 sua
1366 2303 1473 2327 Verona
1498 2303 1659 2333 l!lustrata‚
1683 2304 1709 2328 et
1733 2300 1840 2335 quidem
1866 2299 1912 2326 lib.
1929 2307 1949 2326 x

1195 2337 1317 2371 pluribus
1332 2338 1364 2363 de
1381 2337 1431 2364 hoc
1448 2337 1546 2364 Feroee
1571 2337 1632 2371 agit.
1663 2336 1718 2363 Nos
1743 2343 1809 2362 vero
1833 2335 1949 2370 diploma

1196 2373 1287 2399 iisdem
1305 2373 1412 2399 omnino
1430 2373 1529 2405 verbis,
1550 2380 1603 2407 qno
1616 2372 1744 2398 traditum
1754 2374 1805 2403 est,
1815 2370 1949 2398 edidimus

1196 2409 1264 2434 nulla
1276 2408 1364 2434 addita
1380 2409 1595 2443 interpunctione
1608 2428 1615 2440 ,
1646 2411 1675 2433 ut
1698 2407 1812 2433 liberum
1833 2405 1950 2433 'lectoris

1196 2444 1309 2470 examini
1326 2444 1412 2471 locum
1433 2444 1654 2479 relinqueremus.
1681 2443 1821 2470 Caeterum
1845 2442 1872 2468 in
1898 2440 1950 2468 fine

1197 2480 1253 2506 loco
1269 2480 1329 2506 anni
1346 2480 1435 2514 primi,
1456 2488 1526 2505 atino
1546 2484 1617 2505 semo
1646 2477 1785 2513 legendum
1810 2481 1948 2512 putamus.

1198 2515 1358 2541 Moneudum
1378 2520 1467 2541 autem
1484 2515 1609 2541 lectorem
1632 2514 1776 2545 volumus,
1798 2512 1949 2548 privilegio,

1197 2550 1269 2585 quod
1286 2554 1420 2584 tamquam
1437 2550 1497 2576 huic
1513 2550 1600 2576 eidem
1617 2549 1778 2576 monasterio
1793 2556 1807 2575 a
1824 2547 1950 2582 Pelagio!

1197 2587 1288 2612 datum
1304 2586 1428 2620 superius
1437 2585 1470 2612 ad
1481 2594 1542 2611 ann.
1555 2586 1605 2612 535
1618 2585 1756 2612 retulimus
1765 2592 1799 2611 ex
1809 2582 1949 2616 Panvinio,

1198 2621 1295 2648 nullam
1315 2629 1363 2647 nos
1378 2621 1520 2652 addidisse,
1539 2621 1580 2647 vel
1598 2620 1761 2647 imminuisse
1775 2619 1864 2646 fidem.
1877 2619 1950 2646 Lau-

1198 2657 1277 2683 datus
1293 2657 1408 2683 marchio
1425 2656 1533 2682 Maseius
1546 2656 1594 2683 loc.
1610 2656 1654 2682 cit..
1670 2655 1822 2682 doctissime
1841 2654 1949 2687 refutatu

1198 2701 1276 2727 quaa]
1290 2692 1419 2724 maluerit,
1433 2696 1558 2727 sequatur
1570 2692 1684 2727 quis-qne
1697 2695 1808 2725 partein.

1956 280 2008 309 An.
2029 278 2058 308 C.
2087 279 2140 308 919

1965 1500 2019 1528 An.
2041 1499 2070 1529 C.
2096 1500 2149 1529 9⁶28
