2237 3127
156 256 209 285 An.
240 255 270 284 C.
290 255 340 283 881

183 441 317 466 andei-icum

158 486 208 501 cum
242 477 343 500 omnibus

160 515 206 537 suis
225 513 289 535 bonis
319 521 343 535 nc

158 549 274 572 benefieiis
306 556 343 570 ec-

160 584 293 607 elesiasticis
308 591 345 605 re-

161 621 216 651 cipit
227 620 265 642 sub
278 619 345 642 tutela

161 656 224 678 Sedis
246 657 346 686 Aposto-

159 691 231 721 ticam

179 1004 249 1034 Eique
266 1002 332 1025 ullam

165 1039 241 1062 inferri
296 1046 349 1068 qua-

165 1083 258 1106 cumque
281 1075 303 1096 in
327 1082 350 1097 re

198 1111 323 1133 molestiam

207 1146 319 1177 prohibet.

173 1768 354 1790 Excommumcat

191 1810 276 1832 omnes,
305 1803 342 1832 qui

174 1838 265 1861 decreto
308 1839 359 1861 huic

176 1875 258 1897 fuerint
283 1874 360 1897 refra-

177 1911 230 1941 gati-

425 255 495 289 5³58

374 320 470 354 tentis
489 318 684 359 auctoritate,
706 317 852 364 beatique
864 315 948 350 Petri
968 315 1125 362 apostolo·

374 386 443 408 rum
471 372 633 420 principis,
656 382 685 405 et
708 377 813 405 nostra
835 371 997 404 sanctione
1016 368 1129 403 statui-

374 440 457 470 mus,
480 426 557 461 nulli
581 437 719 472 unquam
741 423 1064 469 archiepiscoporum,
1080 422 1126 456 vel

374 482 584 524 sacerdotum,
612 486 663 513 aut
699 477 869 512 cuiuslibet
890 476 1012 511 ordinis
1033 475 1127 510 cleri-

374 548 482 570 corum
525 533 667 569 ciusdem
716 540 842 566 sanctae
881 529 1127 565 Mediolanensis

373 589 546 633 Ecclesiae,
560 600 618 622 nec
632 587 761 621 aliarum
781 585 1009 624 Ecclesiarum,
1026 595 1127 629 neque

374 643 467 678 alicui
490 654 622 689 magnae
646 651 820 686 parvaeque
851 649 1004 685 personae
1020 637 1128 671 cuins-

375 709 512 744 cumque
538 695 667 731 lionoris
695 694 852 741 praeditae
886 704 955 726 esse
987 691 1128 734 licitum,

377 764 433 798 pro
462 759 533 785 tuae
560 749 730 784 laudabilis
752 747 928 781 devotionis
956 745 1129 785 affectu,et

376 817 432 851 pro
459 811 531 838 tuae
558 802 632 837 fidei
654 802 848 845 sinceritate,
875 808 968 846 atque
987 798 1128 833 ebarita-

375 859 416 893 tis
442 857 624 899 certamine,
647 856 732 904 quod
765 868 821 903 pro
848 856 947 901 ipsius
968 854 1129 890 Ecclesiae

377 912 508 947 utilitate
530 911 648 946 nostris
670 919 701 945 te
723 910 836 945 diebus
851 909 998 944 habuisse
1011 921 1130 955 cogno-

377 966 498 1007 vimus,
533 965 672 1011 aliquam
702 963 757 998 tibi
800 975 992 1010 quocunque
1021 962 1128 1001 modo,

378 1019 426 1055 vel
453 1019 512 1054 sub
551 1018 836 1053 ecclesiasticarum
860 1029 963 1051 rerum
987 1017 1130 1057 obtentu,

379 1073 493 1108 inferre
533 1072 746 1111 calumniam,
789 1078 842 1104 aut
880 1070 927 1104 liis
968 1069 1131 1117 praefatis,

378 1139 458 1174 quae
482 1139 538 1173 pro
560 1127 602 1160 tui
632 1124 849 1171 dignilaboris
871 1125 980 1158 merito
1005 1123 1132 1166 retines,

381 1180 553 1224 beneficiis,
581 1188 611 1214 ct
645 1179 854 1226 patrimoniis,
891 1178 935 1212 vel
967 1191 982 1211 a
1016 1178 1133 1224 quibus

382 1234 517 1281 propriis
556 1234 650 1268 rebus
684 1232 854 1267 mobilibus
900 1232 1036 1278 privare:
1078 1232 1132 1265 sed

383 1288 495 1322 diebus
518 1288 597 1322 vitae
619 1295 702 1331 tuae,
730 1286 905 1321 secuudum
940 1286 1134 1320 auctoritatis

383 1351 507 1376 nostrae
529 1341 702 1383 decretum,
731 1353 787 1386 pro
802 1353 907 1374 amore
922 1339 992 1382 Dei,
1007 1348 1035 1373 et
1050 1352 1135 1373 mer-

381 1396 459 1430 cede
496 1395 618 1429 animae
656 1402 796 1433 nostrae,
824 1402 939 1439 tuaque
976 1393 1134 1433 fidelitate,

383 1461 476 1496 quam
505 1457 575 1483 tuae
598 1456 627 1482 te
650 1448 796 1481 norimus
819 1447 933 1481 habere
962 1446 1134 1488 Ecclesiae,

386 1503 478 1537 liceat
500 1502 555 1536 tibi
583 1501 643 1536 sub
664 1501 854 1548 apostolicae
882 1500 977 1539 sedis,
1007 1512 1137 1535 succes-

383 1568 557 1602 sorumque
580 1564 758 1590 nostrorum
782 1555 946 1595 tutamine,
970 1567 1040 1588 cum
1070 1566 1138 1600 pro-

386 1610 460 1656 priis
487 1610 658 1650 benefieiis,
681 1619 709 1643 et
732 1622 804 1644 cum
828 1609 978 1644 omnibus
999 1609 1060 1642 tuis
1080 1608 1137 1643 110-

385 1662 535 1703 minibus,
562 1663 726 1709 utriusque
748 1663 880 1701 ordinis,
904 1674 1030 1696 manere.
1046 1663 1138 1708 quic-

386 1723 452 1750 tum
489 1723 581 1762 atque
620 1728 778 1750 securum.
815 1715 914 1750 Porro
956 1716 1138 1762 (prieuuqne

386 1777 494 1804 contra
517 1770 577 1804 hoc
605 1778 747 1804 nostrum
776 1777 940 1813 statutum,
968 1771 1136 1803 temerario

387 1836 463 1858 ausu
487 1835 590 1869 agere,
613 1831 707 1869 teque
730 1836 785 1870 pro
808 1823 989 1857 lmiusmodi
1014 1823 1139 1869 negotio

390 1878 584 1913 calumniare
611 1878 870 1924 praesumpserit,
893 1878 976 1912 omui
1003 1890 1073 1911 eum
1091 1889 1141 1911 ec-

390 1932 561 1966 clesiastiea
581 1932 756 1966 iudicamus
775 1932 999 1967 commuuione
1022 1944 1139 1975 carere,

388 1997 553 2033 quousque
579 1998 634 2032 per
651 1998 821 2031 congruam
845 1986 1091 2021 satisfiictionem
1108 1986 1136 2019 iu

390 2048 495 2074 nostra
524 2051 809 2086 successorumque
846 2048 1024 2075 nostrorum
1049 2052 1142 2086 prae-

390 2093 500 2138 seutia,
529 2093 613 2139 quod
656 2107 818 2140 perperam
855 2094 997 2134 laeserat,
1025 2105 1142 2128 emen-

391 2146 465 2181 dare
486 2147 650 2181 curaverit.
678 2148 715 2181 Et
738 2147 808 2182 ideo
837 2157 941 2182 nostra
957 2148 1142 2194 etiamapo-

391 2200 499 2235 stolica
533 2201 715 2235 auctoritate
749 2202 976 2248 praecipimus,
1005 2210 1032 2235 te
1066 2213 1142 2234 nus—

392 2266 486 2301 quam
509 2254 677 2289 cniuslibet
712 2255 866 2301 episcopi,
895 2256 940 2289 vel
968 2254 1142 2289 sacerdotis

392 2307 555 2342 subiacere
579 2307 705 2347 iudicio,
728 2320 894 2355 quousque
925 2309 953 2342 in
991 2316 1142 2348 nostram,

394 2361 441 2396 vel
463 2372 683 2395 successorum
706 2370 886 2396 nostrorum
917 2362 1014 2396 libere
1037 2374 1072 2396 ac
1098 2374 1145 2396 se-

394 2416 510 2450 curiter
531 2415 599 2449 sine
625 2415 759 2449 alieuius
782 2415 945 2449 obstaculo
972 2415 1018 2449 vel
1049 2415 1146 2462 impe-

395 2469 536 2504 dimento
559 2470 765 2516 praesentiam
795 2470 912 2504 veniis.
939 2469 1019 2504 Data
1049 2480 1083 2504 lv
1101 2469 1143 2503 id.

397 2524 509 2563 martii,
533 2523 705 2558 indictione
726 2536 796 2558 ΧΠ.

455 2584 517 2616 Dat.
539 2586 586 2615 die
611 2586 646 2615 12
666 2586 771 2621 martii,
789 2594 865 2614 anno
888 2584 1002 2614 Domini
1022 2584 1088 2622 881,

582 2634 685 2674 pontis.
704 2633 820 2663 loannis
839 2643 914 2663 auno
932 2642 969 2663 tx.

966 260 1066 284 BULLA
1073 261 1153 283 RlUM
1177 260 1341 283 ROMANUM

1446 318 1451 322 '
1494 310 1585 346 xxv

1171 377 1396 411 Μυηαείενίιιιη
1433 375 1619 412 Cassinensc,
1648 380 1675 407 ec
1703 374 1920 407 nionaslerv'um

1219 428 1253 460 S.
1271 425 1480 458 Scholasticae
1505 425 1600 457 libera
1618 424 1657 456 ab
1677 424 1762 455 omni
1789 424 1921 455 iurisdi-

1218 476 1314 509 ctione
1327 475 1538 514 declarantur,
1565 472 1812 516 ccmfirmali'sque
1837 472 1920 504 ‘mnis

1219 524 1373 563 omnibus,
1387 523 1448 556 soli
1460 522 1643 566 apostolicae
1660 522 1724 554 sedi
1743 521 1923 554 subiiciun-

1220 580 1270 606 ltu·
1297 573 1353 616 (l).

1186 622 1204 637 ¹·
1442 626 1658 657 summatum

1169 684 1448 716 Prooemium—S.
1472 683 1613 714 Bertharii
1632 683 1747 713 abbatis
1766 692 1927 722 preces—-

1210 725 1376 756 Monasterii
1399 723 1603 761 Cassinensis,
1636 727 1664 753 et
1696 724 1866 753 monasterii
1897 723 1925 753 S.

1210 765 1421 801 Scliolasticae,
1443 773 1476 793 ac
1494 763 1638 793 bonorum
1662 763 1697 792 ad
1709 763 1818 793 -eadem
1833 764 1925 802 perti-

1210 806 1343 834 nentium
1363 803 1533 840 immunitas
1553 803 1587 833 ab
1616 803 1775 842 episcopali
1807 803 1928 832 iurisdi-

1210 845 1318 874 ctione.
1349 861 1390 866 —
1420 843 1526 872 Eadem
1560 844 1736 872 monasteria
1772 842 1827 872 soli
1863 842 1927 872 sedi

1210 884 1389 922 apostolicae
1417 883 1550 912 subiecta
1579 883 1774 912 declarantur.
1792 898 1832 904 —
1848 881 1927 911 Ana-

1213 925 1308 953 thema
1328 927 1428 953 contra
1448 922 1591 962 privilegii
1615 922 1704 951 liuius
1725 926 1925 951 temeratores.

1172 991 1283 1019 Ioannes
1295 990 1434 1025 episcopus
1451 996 1545 1018 servus
1562 995 1700 1017 servorum
1717 988 1771 1021 Dei,
1787 988 1928 1016 Berthario

1217 1036 1346 1070 religioso
1365 1034 1457 1062 abbati
1481 1034 1630 1062 venerabili
1649 1033 1814 1061 monasterio
1833 1033 1860 1060 B.
1882 1033 1926 1060 Be·

1218 1080 1318 1108 nedicti
1339 1079 1501 1107 confessoris
1521 1078 1623 1106 Christi
1643 1078 1696 1106 sito
1722 1078 1750 1105 in
1774 1077 1878 1110 casino,
1901 1078 1928 1105 et

1217 1131 1265 1160 per
1283 1124 1385 1152 eumin
1405 1124 1495 1151 eodem
1525 1123 1674 1151 venerabili
1690 1122 1865 1155 monasterio,
1884 1122 1927 1150 vel

1219 1170 1383 1204 cunctaeque
1396 1168 1601 1203 congregationi
1621 1167 1648 1195 in
1668 1168 1837 1203 perpetuum.

1225 1231 1383 1273 Quoniam
1419 1242 1545 1277 semper
1590 1238 1663 1263 sunt
1701 1228 1928 1269 concedenda,

1175 1294 1256 1328 quae
1273 1279 1511 1314 rationabilibus
1531 1288 1711 1324 congruunt
1740 1278 1905 1313 desideriis
1921 1305 1929 1319 ,

1176 1337 1323 1377 oportet,
1346 1336 1381 1363 ut
1412 1329 1542 1363 devocio
1566 1329 1596 1362 111
1626 1340 1674 1362 me
1704 1328 1845 1374 petitoris
1868 1328 1930 1362 liu—

1178 1379 1291 1413 militer
1309 1378 1460 1425 acquisita
1475 1378 1504 1411 in
1523 1377 1695 1425 privilegiis
1717 1376 1931 1412 concedendis

1179 1429 1307 1462 minime
1346 1428 1522 1473 denegetur
1554 1440 1570 1462 a
1608 1435 1713 1460 nostra
1750 1426 1930 1460 clementia.

1178 1478 1276 1523 Igitur
1298 1477 1369 1523 qnia
1395 1476 1496 1523 petisti
1524 1488 1541 1510 a
1562 1476 1665 1525 nobis,
1685 1484 1840 1523 quatenus
1862 1487 1933 1509 mo-

1179 1526 1347 1561 nasterium
1363 1526 1400 1560 Β.
1417 1524 1580 1559 Benedicti
1597 1524 1786 1560 confessoris
1801 1523 1931 1566 Christi,

1179 1584 1271 1622 atque
1299 1575 1523 1608 monasterium
1546 1574 1582 1609 B.
1611 1574 1845 1614 Scliolasticae,
1874 1585 1930 1608 seu

1180 1633 1209 1659 ct
1236 1624 1396 1658 Ecclesiae
1425 1636 1480 1670 per
1506 1623 1630 1670 singula
1652 1624 1718 1657 loca
1732 1631 1930 1657 constructae

1181 1673 1350 1720 praedietis
1380 1673 1579 1707 monasteriis
1601 1672 1806 1719 pertinentes,
1830 1671 1935 1719 privi-

1181 1723 1269 1768 legiis
1285 1721 1475 1768 apostolicae
1496 1722 1580 1756 sedis
1599 1721 1708 1755 insulis
1731 1722 1934 1762 decorentur,

1183 1781 1213 1805 ut
1249 1772 1307 1805 sul»
1347 1771 1567 1805 iurisdictione
1602 1778 1752 1814 sanctae,
1779 1771 1829 1805 cui
1865 1770 1934 1804 Deo

1182 1822 1311 1854 autimi-e
1326 1820 1533 1861 ‹Is-servimus,
1552 1820 1716 1854 Ecclesiae
1735 1819 1936 1863 constitutae,

1183 1871 1300 1903 nullius
1322 1870 1480 1903 Ecclesiae
1508 1869 1677 1903 cuiuslibet
1712 1869 1935 1915 episcoporum

1182 1918 1356 1952 ditionibus
1390 1926 1623 1965 promoveatur,
1645 1918 1691 1952 vel
1721 1917 1933 1951 submittatur.

1184 1968 1244 2002 l’ro
1272 1981 1330 2014 qua
1361 1980 1392 2001 re
1421 1967 1480 2014 piis
1507 1967 1670 2002 desideriis
1694 1966 1854 2007 faventes,
1877 1966 1934 2001 bac

1185 2024 1288 2051 nostra
1326 2017 1508 2051 auctoritate
1541 2016 1593 2057 id,
1631 2016 1715 2063 quod
1753 2015 1936 2062 exposcitur

1185 2067 1364 2112 peticione,
1396 2065 1627 2112 mancipamus:
1658 2073 1688 2099 et
1716 2065 1786 2099 idco
1812 2076 1936 2099 omnem

1184 2115 1352 2149 cuiuslibet
1383 2114 1546 2148 Ecclesiae
1579 2114 1762 2161 episcopum
1787 2114 1816 2148 111
1845 2126 1937 2161 prae-

1185 2164 1244 2198 fata
1271 2164 1461 2198 venerabilia
1489 2163 1555 2198 loca
1578 2176 1815 2210 quamcumque
1842 2163 1939 2197 dicio-

1185 2226 1256 2247 nem
1281 2212 1395 2246 babere
1423 2213 1555 2247 omnino
1577 2213 1797 2260 probibemus,
1819 2219 1941 2259 praeter

1185 2262 1222 2296 ad
1257 2262 1364 2296 sedem
1400 2270 1537 2296 nostram
1566 2263 1771 2308 apostolicam
1804 2261 1939 2296 babeant

1186 2319 1363 2358 respectum
1391 2310 1525 2352 amodo,
1557 2318 1587 2345 et
1621 2311 1791 2357 deinceps:
1823 2310 1939 2345 amissa

1187 2361 1331 2394 videlicet
1363 2361 1449 2394 omni
1480 2360 1628 2399 novitate,
1651 2368 1682 2394 et
1709 2359 1876 2404 violencia,
1903 2371 1942 2394 ex

1187 2409 1304 2443 eisdem
1321 2410 1521 2443 monasteriis
1537 2409 1754 2455 probibemus,
1773 2409 1814 2442 ita
1830 2405 1864 2443 ut
1879 2408 1940 2443 nisi

1188 2459 1258 2505 quis
1279 2458 1318 2492 ab
1340 2458 1642 2492 abbatemonasterii
1660 2458 1754 2492 fuerit
1776 2458 1939 2498 invitatus,

1189 2519 1291 2554 neque
1323 2507 1361 2541 ad
1397 2508 1642 2541 consecrandam
1678 2507 1865 2551 eeclesiam,
1897 2505 1944 2541 vel

1224 2565 1262 2599 (l)
1282 2564 1321 2590 Ex
1340 2565 1421 2590 veteri
1442 2569 1546 2591 regesto
1570 2566 1636 2591 Petri
1658 2565 1776 2593 iuaeoni,
1796 2572 1821 2598 p.
1844 2564 1870 2595 11,
1887 2563 1945 2590 edi-

1189 2600 1227 2627 dit
1244 2601 1271 2626 P.
1291 2600 1416 2626 Erasmus-
1440 2602 1546 2626 Gallula
1576 2601 1682 2627 saecuto
1709 2608 1735 2627 tv
1757 2600 1825 2626 Hist.
1853 2598 1944 2625 Cassi-

1190 2644 1262 2668 nen.‚
1281 2635 1374 2662 Venet.
1395 2636 1471 2661 troo.

1945 239 1997 266 An.
2029 237 2056 265 C.
2078 235 2130 265 882

1983 1253 2125 1278 Prooemium.

1991 1547 2014 1569 S.
2033 1546 2145 1569 Rei-itinn

1959 1582 2045 1605 obbatis
2091 1589 2145 1614 pre-

1960 1625 2007 1642 ces.

1989 1981 2118 2004 Monasterii

1988 2017 2126 2040 Cassi-:ensis

1974 2054 1996 2075 et
2007 2052 2138 2075 monasterii

1979 2088 2002 2110 S.
2021 2087 2132 2111 Scelesti-

1964 2130 2013 2154 cne,
2030 2131 2056 2146 nc
2077 2123 2149 2147 bono-

1963 2167 2012 2182 rum
2026 2159 2054 2182 ad
2072 2160 2149 2183 eadem

1979 2195 2139 2226 pertinentium

1964 2232 2091 2254 immunitas
2123 2230 2150 2254 ab

1964 2267 2090 2298 episcopali
2110 2269 2149 2290 in-

1964 2304 2108 2328 risctietioue.
