2237 3127
36 272 90 302 An.
117 271 147 301 G.
168 271 220 301 885

68 1259 189 1282 Anathema

39 1299 117 1318 contra
167 1294 225 1317 boun

38 1331 163 1354 huiusmodi
190 1338 226 1353 nu-

38 1367 146 1397 fnentea,
181 1374 227 1388 mo-

38 1403 136 1425 nasici-iu
160 1401 227 1424 mole—

40 1439 105 1462 stiam
123 1438 226 1460 inferen-

39 1478 83 1504 tes,
101 1472 226 1503 εἰμι-111110-

41 1509 72 1540 gii
98 1509 162 1531 huius
183 1511 227 1531 atn-

39 1547 87 1567 tutu
127 1543 227 1567 inobser-

39 1583 125 1605 untes.

850 267 1040 291 HADRIANUS
1062 268 1101 291 111
1128 268 1178 291 1³1³.

255 323 520 372 magnificentiam
542 322 758 369 augustalibus
779 322 922 369 apicibus
934 322 1002 367 tibi,

254 375 331 410 dum
358 373 528 416 adviveret,
556 374 728 408 contulisse
751 372 921 419 probatur,
947 384 1002 407 sen

255 425 349 459 etiam
376 432 406 458 et
427 436 475 468 ea,
497 436 577 471 quae
600 423 664 470 ipsa
688 422 891 470 postmodum
908 423 1005 468 impe-

254 473 384 509 rialibus
398 473 630 520 largitionibus,
645 473 690 507 vel
707 472 799 506 etiam
812 471 1004 518 quibuslibet

254 523 345 558 iustis
377 522 663 570 acquisitionibus,
690 521 927 568 emptionibus,
956 521 1002 555 vel

253 572 554 608 commutationibus
588 572 617 606 in
650 571 815 618 propriOS,
850 570 916 604 sive
943 570 1003 604 iam

253 623 327 658 dicti
355 622 534 657 monasterii
550 622 595 655 tui
615 633 690 656 usus
708 620 881 667 acquisisti,
900 631 955 654 seu
971 619 1001 653 in

255 685 417 725 posterum
439 676 630 723 acquisitura
652 687 686 710 es
708 677 770 718 (1);
793 674 952 721 simulque
974 683 1004 708 et

253 744 301 776 ea,
332 741 413 778 quae
441 729 479 764 ad
505 729 762 776 supplementum
785 728 926 763 eiusdem
953 741 1005 763 sa-

252 785 327 820 crati
351 784 424 829 loci,
446 791 477 819 et
497 791 559 818 tam
589 796 697 829 regum
713 811 721 824 ,
743 791 774 817 et
801 796 895 830 quam
924 783 1005 818 alio-

254 852 323 874 rum
351 837 566 886 quorumlibet
585 837 724 872 fidelium
747 837 933 877 donatione,
957 837 1003 872 vel

253 892 437 928 liberalitate
460 904 557 932 nunc,
570 891 617 926 vel
634 891 763 938 posthac
789 891 892 926 addita
908 891 1004 926 fnisse

253 947 517 995 comprobantur,
540 946 652 982 eodem
676 955 796 987 tenore,
818 956 848 982 et
875 946 1004 987 ordine,

253 1014 316 1049 quo
343 1001 411 1044 tibi,
434 1001 482 1036 vel
505 1009 558 1036 tuo
582 1003 820 1049 praenominato
851 1001 1004 1037 coenobio

253 1056 474 1098 advenerunt,
497 1055 638 1101 illibata,
665 1064 694 1090 et
730 1055 889 1097 inviolata,
912 1064 1004 1102 atque

255 1111 442 1146 inconcussa
458 1118 674 1157 permaneant,
689 1118 719 1144 et
740 1110 915 1145 secuudum
934 1118 1005 1145 tuae

255 1164 463 1200 ordinationis
483 1171 597 1198 statuta
614 1164 792 1211 persistant.
811 1164 849 1198 Et
871 1164 896 1199 si
923 1164 1005 1211 quis,

255 1219 342 1267 quod
369 1232 431 1254 non
460 1227 607 1266 optamus
622 1246 629 1258 ,
650 1227 758 1253 contra
786 1218 864 1253 haec
881 1227 1005 1259 statuta,

256 1275 287 1308 in
309 1273 369 1309 Dei
393 1273 620 1321 omnipotentis
641 1273 762 1313 oblata,
786 1273 832 1307 vel
856 1286 1005 1308 concessa

257 1328 433 1372 servitium,
455 1340 548 1374 agere
570 1328 736 1363 tentaverit
764 1328 811 1362 vel
844 1328 1006 1374 quippiam

257 1383 368 1417 horum
392 1382 562 1428 infringere
579 1382 746 1416 temerario
763 1394 840 1415 ausu
864 1382 1006 1422 voluerit,

257 1436 576 1471 excommunicationi
599 1436 789 1475 submissus,
807 1436 891 1469 omni
906 1436 1008 1470 eccle-

256 1489 382 1525 siastico
408 1490 568 1524 consortio
587 1498 700 1533 careat,
721 1498 750 1523 et
773 1491 830 1523 nisi
864 1503 897 1525 se
924 1503 1009 1525 con—

257 1544 345 1578 tinuo
366 1556 382 1578 a
412 1543 462 1577 tali
494 1543 634 1590 nequitia
661 1544 811 1589 corrigat,
836 1553 864 1578 et
890 1545 1008 1591 resipi—

256 1605 334 1639 scat,
362 1597 396 1632 S.
420 1597 518 1638 Petri,
542 1598 704 1645 nostrique
737 1598 929 1644 apostolatus
951 1612 1008 1633 an-

256 1651 403 1687 thoritate
430 1651 636 1686 anathematis
671 1653 799 1687 vinculo
826 1653 1007 1695 innodatus,

258 1717 330 1741 reus
351 1707 383 1740 in
411 1705 514 1741 futuro
543 1705 659 1740 iudicio
683 1715 875 1753 permaneat,
897 1716 928 1742 et
954 1720 1009 1754 pro

257 1772 388 1796 excessu
415 1772 490 1795 suae
513 1768 617 1795 tantae
652 1762 910 1808 transgressionis
937 1774 1008 1796 cum

258 1814 334 1849 Iuda
364 1814 515 1849 traditore
543 1814 731 1855 infrunitus,
760 1824 852 1863 atque
886 1816 1010 1850 rebellis

258 1869 365 1905 Sancti
387 1868 528 1915 Spiritus
554 1869 722 1909 sententia,
745 1871 799 1916 qui
822 1883 948 1917 semper
974 1870 1011 1904 11-

259 1931 357 1963 ctum,
379 1931 409 1958 et
437 1923 621 1958 mendacem
652 1924 785 1970 effugit,
818 1925 938 1959 noverit
977 1937 1010 1959 se

261 1978 442 2013 habiturum
477 1978 652 2025 portionem
687 1979 717 2012 in
751 1978 895 2025 gehenna
931 1978 1011 2024 ignis

260 2033 390 2069 aeterni.
431 2033 593 2081 Scriptum
633 2045 689 2080 per
730 2044 858 2066 manum
897 2032 1012 2067 Leonis

260 2087 403 2123 scrinarii
425 2087 458 2123 S.
482 2087 521 2122 R.
545 2087 581 2122 E.
611 2087 643 2121 in
683 2098 791 2121 mense
825 2086 932 2132 aprili,
963 2086 1012 2120 in-

262 2141 399 2177 dictione
426 2141 526 2177 tertia.
551 2141 636 2175 Bene
658 2140 767 2175 valete.
794 2140 865 2175 Dat.
886 2142 929 2175 115
953 2140 1011 2175 kal.

263 2197 348 2235 maii,
373 2208 429 2244 per
443 2208 572 2231 manum
590 2195 734 2242 Gregorii
755 2195 1012 2240 nomenclatoris,

263 2251 364 2292 missi,
386 2258 416 2286 et
444 2251 625 2298 apocrisarii
664 2258 789 2284 sanctae
817 2250 903 2285 sedis
937 2262 1015 2297 apo-

262 2305 403 2347 stolicae,
431 2305 605 2352 imperante
628 2304 755 2339 domino
778 2304 920 2352 piissimo
946 2304 1014 2339 Au-

263 2369 354 2406 gusto
393 2359 508 2395 Carolo
546 2372 562 2393 a
602 2358 669 2392 Deo
709 2365 859 2393 coronato
898 2358 1013 2405 Magno

265 2415 464 2461 imperatore,
487 2425 570 2448 anno
592 2413 660 2448 eius
686 2413 810 2460 quinto,
840 2412 1014 2447 indictione

265 2475 367 2503 tertia.

322 2524 384 2555 Dat.
407 2524 454 2555 die
477 2525 512 2554 17
532 2524 634 2563 aprilis
654 2533 730 2553 anno
750 2523 863 2553 Domini
886 2524 943 2553 885

441 2564 543 2604 pontif.
563 2564 700 2594 Hadriani
726 2574 801 2593 anno
824 2573 842 2594 1.

1267 322 1513 372 STEPHANUS
1548 321 1576 370 V

1181 405 1277 436 ALIIS
1301 405 1447 441 SEXTUS,
1471 405 1565 434 l'itl'it
1587 403 1655 434 CXII

1045 466 1137 499 ,inno
1158 477 1247 499 aerae
1264 465 1377 498 Christi
1394 476 1501 497 comm.
1522 463 1753 497 DCCCLXXX
1762 462 1794 499 V.

1064 538 1087 567 Ἰ

1053 544 1252 626 §tephanus
1285 580 1436 626 quintus,
1461 580 1585 614 natione
1623 591 1770 615 romanus
1786 607 1794 620 ,

1047 628 1128 664 lilius
1150 629 1314 671 Hadriani,
1330 629 1369 664 de
1392 629 1520 675 regione
1542 629 1597 663 Via
1617 630 1704 670 Lata,
1729 642 1796 676 pre-

1046 677 1152 725 sbyter
1180 679 1260 713 tituli
1291 679 1341 713 Ss.
1368 679 1512 720 (20011101-
1539 678 1795 723 Coronatorum,

1046 727 1165 763 electus
1185 728 1335 776 pontifex,
1356 737 1557 763 consecratur
1571 729 1621 763 die
1639 729 1794 764 dominica

1046 777 1127 811 circa
1151 778 1245 813 finem
1261 778 1378 812 mensis
1396 778 1584 824 septembris
1609 790 1690 812 anno
1713 781 1794 813 885.

1047 826 1135 861 Sedit
1156 840 1256 862 annos
1274 839 1319 867 vi,
1342 827 1410 861 dies
1433 840 1467 861 ix
1490 831 1549 871 (l),
1572 828 1797 873 imperantibus

1047 876 1076 910 iu
1097 876 1227 911 Oriente
1253 877 1370 911 Basilio
1390 877 1573 921 Macedone,
1595 890 1667 911 mox
1690 877 1795 912 Leone

1048 926 1243 974 Philosoplio
1259 954 1268 971 ,
1305 928 1335 960 in
1371 926 1545 961 Occidente
1583 938 1655 961 vero
1683 925 1796 962 Carolo

1048 975 1174 1017 Crasso,
1190 984 1220 1011 et
1241 977 1310 1011 eius
1336 988 1521 1011 successore
1544 975 1720 1022 Arnulpho.
1743 977 1797 1011 Mi-

1047 1028 1145 1071 gravit
1166 1038 1182 1061 e
1211 1027 1268 1061 vita
1291 1026 1374 1061 circa
1388 1026 1482 1059 finem
1499 1025 1699 1072 septembris,
1714 1038 1796 1061 anno

1049 1078 1131 1116 Sat,
1149 1084 1180 1111 et
1205 1077 1348 1124 sepultus
1369 1083 1415 1110 est
1444 1076 1472 1109 in
1499 1075 1623 1110 basilica
1640 1075 1676 1110 B.
1700 1075 1795 1111 Petri.

1050 1230 1251 1273 Pri'rileyitten
1286 1242 1345 1274 qno
1368 1230 1547 1263 Placentina
1578 1229 1713 1263 Ecclesia
1744 1230 1798 1263 snb

1098 1280 1352 1312 tuition«sanetae
1363 1281 1441 1313 seclis
1449 1280 1632 1323 apostolicae
1644 1280 1798 1323 recipitur:

1097 1330 1217 1373 eiusque
1250 1331 1328 1362 bonu
1360 1330 1487 1371 omnia,
1514 1330 1605 1366 11110,
1636 1329 1798 1372 privilegia

1095 1379 1268 1423 pontificia,
1288 1379 1480 1423 imperialia,
1508 1379 1551 1411 rei
1578 1379 1662 1421 rcyiu
1684 1380 1801 1424 confir—

1100 1436 1223 1461 mantur
1251 1429 1306 1471 121.

1318 1492 1533 1523 δΠΜΜλΙὶΙϊΜ

1051 1554 1216 1584 Exordium.
1233 1571 1272 1576 -—
1288 1554 1425 1594 Episcopi
1448 1554 1609 1584 Placentini
1632 1565 1746 1594 preces.
1762 1572 1802 1579 —

1090 1595 1276 1624 Confirmatio
1295 1595 1515 1634 privilegiorum
1538 1594 1725 1625 Placentinae.
1745 1595 1800 1625 tic-

1091 1634 1329 1664 elesiae.—Iteni
1343 1640 1369 1664 et
1382 1633 1682 1665 jurium—Cuilibet
1694 1636 1802 1673 rogiae,

1092 1675 1297 1714 imperatoriae
1308 1679 1362 1704 etc.
1375 1684 1518 1713 personae
1530 1675 1694 1705 molestiam
1712 1677 1801 1705 ullani

1091 1716 1117 1744 ei
1145 1715 1252 1744 inferre
1274 1715 1469 1745 interdicitur.
1496 1732 1535 1737 —-
1557 1714 1800 1745 Monastcriornm

1092 1759 1119 1785 et
1145 1755 1338 1784 ecclesiarum
1357 1756 1387 1784 in
1409 1756 1536 1786 dioeces.
1561 1760 1614 1785 etc.
1632 1756 1800 1785 Placentina

1093 1795 1279 1824 existentium
1298 1797 1481 1825 consecratio
1500 1797 1534 1826 ad
1554 1797 1723 1835 episcopum
1738 1796 1802 1825 Pla-

1094 1840 1167 1864 cent.
1195 1839 1315 1874 spectat.
1340 1852 1380 1857 —
1405 1836 1567 1867 Anathema
1590 1841 1687 1866 contra
1716 1836 1803 1875 privi-

1095 1875 1163 1912 legii
1186 1875 1275 1904 huius
1298 1879 1498 1906 temeratores

1054 1937 1181 1976 Stephanus
1195 1937 1314 1975 episeopus
1328 1946 1406 1967 servus
1423 1947 1539 1967 serrorum
1555 1937 1606 1975 Dei,
1618 1939 1804 1968 reverentissimo

1093 1982 1114 2006 et
1136 1978 1281 2006 sanctissimo
1311 1977 1427 2007 Bcrnardo
1459 1979 1565 2016 episeopo
1592 1982 1684 2007 sanetae
1708 1979 1801 2007 Placen·

1094 2018 1154 2046 tinae
1178 2017 1303 2054 Ecclesiae,
1327 2021 1349 2046 et
1371 2026 1411 2056 per
1433 2022 1454 2047 tc
1471 2019 1493 2047 in
1508 2018 1590 2047 eodeni
1612 2017 1738 2047 venerabili
1756 2018 1802 2057 cpi·

1093 2058 1170 2096 scopia
1193 2058 1216 2086 in
1234 2061 1380 2096 perpetuum.

1103 2120 1136 2155 Si
1159 2120 1433 2163 consacerdotum,
1462 2121 1656 2168 fratrumque
1680 2130 1805 2156 nostro·

1055 2183 1123 2205 rum
1172 2170 1232 2217 piis
1278 2170 1562 2217 supplicationibus
1605 2171 1803 2217 impertimur

1056 2232 1238 2264 assensum,
1267 2228 1298 2254 et
1323 2220 1425 2255 Deum
1449 2221 1540 2254 nobis
1568 2221 1737 2267 propitium
1761 2220 1806 2255 fa-

1056 2270 1169 2309 cimus,
1191 2278 1222 2304 01
1245 2270 1312 2317 ipso
1335 2270 1469 2310 favente,
1491 2283 1546 2304 eos
1568 2280 1675 2304 contra
1690 2269 1805 2304 diaboli

1092 2340 1130 2376 (l)
1147 2340 1189 2367 Sic
1204 2344 1310 2376 praeter
1326 2340 1391 2367 Cod.
1409 2349 1459 2367 ms.
1477 2341 1657 2368 Colbcrtiunm
1674 2344 1701 2367 et
1717 2341 1809 2367 Marti-

1057 2385 1120 2402 num
1137 2376 1265 2403 Polonum
1281 2376 1396 2411 Catatogi
1412 2377 1465 2403 dno
1490 2385 1522 2403 ex
1547 2377 1670 2410 praefixis
1695 2377 1808 2403 Criticae

1057 2413 1227 2443 Baronianae,
1246 2420 1275 2438 ae
1298 2413 1340 2438 alii
1358 2415 1410 2439 tres
1425 2420 1439 2438 a
1460 2413 1579 2444 Vignolio
1595 2412 1667 2443 editi,
1685 2419 1709 2438 et
1728 2420 1807 2445 prae-

1058 2451 1126 2473 terea
1146 2447 1269 2474 Farseose
1285 2447 1447 2474 Cbronicon:
1466 2448 1614 2474 Clironicon
1633 2456 1696 2473 vero
1714 2448 1809 2473 Fossae

1058 2485 1149 2509 Novae
1165 2487 1270 2517 praeter
1286 2492 1368 2509 annos
1385 2492 1428 2514 v1,
1455 2484 1510 2509 dit-s
1535 2484 1620 2509 solum
1641 2491 1688 2509 viu
1716 2482 1810 2509 tribuit

1057 2519 1202 2553 Stephan0;
1221 2519 1398 2545 Vulturnense
1416 2528 1479 2545 vcro
1499 2527 1558 2545 enni
1585 2519 1706 2553 111111111115
1725 2520 1806 2544 111113-

1058 2555 1131 2589 1οἕ15,
1150 2554 1283 2581 Pantheon
1301 2554 1435 2581 Godefridi
1455 2555 1636 2585 Viterbiensis,
1653 2559 1705 2580 ete.
1724 2554 1816 2582 solum.

1057 2598 1139 2616 11111105
1156 2598 1192 2615 Vl,
1233 2590 1271 2625 (9.)
1290 2590 1327 2615 Ex
1345 2590 1453 2615 Art-inv.
1473 2590 1541 2615 Eccl.
1565 2589 1671 2615 Maioris
1693 2589 1806 2616 Placent.

300 2627 341 2665 (1)
357 2627 423 2656 Vide
437 2627 562 2663 superius
577 2626 604 2654 in
623 2627 695 2654 loan-
723 2626 793 2660 Vttt,
819 2627 931 2654 Constit.
966 2634 1015 2652 xiii
1034 2644 1038 2669 1
1057 2626 1137 2651 cunin
1159 2626 1229 2652 toan.
1248 2627 1323 2659 Bapt.
1342 2626 1431 2659 Campi
1446 2626 1470 2651 in
1484 2630 1585 2657 regesto
1599 2625 1809 2660 privilegiorum,

265 2667 293 2692 et
309 2671 390 2691 xxm.

1033 2661 1186 2707 ¹bullarum
1204 2666 1254 2687 etc.
1273 2662 1305 2688 ad
1323 2662 1390 2687 nist.
1410 2661 1595 2687 Fluctuamur,

1863 2139 1990 2164 Exordium.
