2237 3127
491 315 561 346 710

537 373 759 409 Vix-*liacrnsis
781 373 811 406 in
833 384 910 417 pago
926 371 1083 409 Avalensi,
1100 370 1188 405 dioe-

539 425 619 459 cesis
642 423 960 468 Angustotlunensis,
984 420 1069 467 quod
1086 419 1190 454 multis

539 475 672 508 donatur
700 471 882 518 privilegiis,
911 473 991 504 506.

442 528 495 563 Ill.
542 527 747 562 Confirmatio
793 523 971 558 monasterii
1004 521 1190 563 Ramesloze,

539 577 668 622 eiusque
732 574 884 607 subiectio
945 571 1191 618 archiepiscopis

539 623 845 669 Hunluwgcnsibus,
875 623 955 655 508.

441 675 494 710 IV.
541 675 746 709 Conlirmatio
793 671 900 718 synodi
951 667 1191 704 Suessiouensis

537 726 610 758 anui
636 724 706 756 ⁸55
729 733 800 755 cum
822 720 983 766 privilegio
1006 717 1189 752 Hiuclimari

538 772 778 818 archiepiscopi,
801 778 829 803 et
853 769 1011 803 Ecclesiae
1026 767 1191 801 liliemen-

539 824 593 859 sis,
617 824 698 855 510.

440 872 479 906 V.
529 870 733 915 privilegium
785 866 964 902 monasterii
1016 864 1192 900 Corbeien-

540 934 593 961 sis,
617 921 698 952 3t2.

440 969 492 1004 Vl.
539 969 764 1003 Mnmisterium
808 965 914 999 Sancti
958 962 1083 998 Carileli
1123 974 1192 996 esse

540 1020 693 1055 immune,
715 1025 744 1050 et
764 1014 962 1062 Apostolicae
977 1012 1052 1047 Sedi
1078 1014 1192 1045 imme-

539 1067 622 1101 diate
649 1066 826 1100 subiectum
850 1063 1036 1101 declaratur,
1065 1062 1146 1094 515.

440 1117 508 1152 wl.
547 1116 635 1151 Sacri
675 1113 879 1148 Sublacensis
917 1110 1060 1145 coenobii
1089 1109 1193 1143 bono-

545 1178 612 1199 rum
641 1173 669 1198 et
695 1165 809 1198 ini-ium
838 1160 1044 1200 conlirmatio,
1074 1160 1156 1193 519.

441 1215 525 1249 Yltl.
548 1213 707 1254 Ostendit,
730 1211 920 1246 Roth-aldum
945 1210 1057 1243 iniuste
1072 1207 1111 1242 ab
1125 1208 1192 1255 epi-

539 1265 645 1309 scopis
662 1262 834 1297 Galliarum
851 1260 970 1305 alisque
993 1258 1084 1292 Sedis
1103 1257 1193 1303 Apo-

539 1313 666 1347 stolicae
693 1322 849 1346 consensu
881 1308 1058 1355 depositum
1086 1307 1192 1350 fuisse,

541 1374 679 1408 eumque
718 1372 793 1394 suae
835 1358 995 1392 Ecclesiae
1045 1356 1191 1390 restituit.

540 1411 637 1445 Multa
662 1418 819 1457 praeterea
841 1408 880 1441 de
902 1406 1104 1441 decretalium
1125 1405 1193 1451 epi-

541 1460 690 1495 stolarum
709 1457 891 1493 auctoritate
905 1462 1147 1490 commemorat:
1163 1461 1193 1488 et

541 1510 581 1543 de
608 1508 759 1543 sententia
784 1507 814 1540 in
838 1505 997 1552 episcopis
1025 1503 1148 1538 nonnisi
1176 1515 1192 1537 a

542 1562 633 1597 Rom.
659 1563 748 1596 Pont.
773 1560 910 1599 serenda,
939 1561 1020 1593 520.

440 1616 495 1651 IX.
528 1615 677 1651 Rotlialdi
704 1615 906 1650 Svessionen.
934 1612 1074 1659 episcopi
1102 1611 1194 1645 abso-

542 1670 637 1713 lutio,
665 1677 695 1703 et
724 1668 877 1702 restitutio
906 1667 935 1700 in
963 1678 1052 1700 suam
1080 1665 1194 1699 Eccle-

539 1725 630 1766 siam,
660 1725 742 1757 5⁶27.

439 1778 482 1812 X.
517 1777 709 1812 Rotlialdum
742 1787 815 1810 suae
843 1773 1005 1808 Ecclesiae
1032 1779 1192 1819 tamquam

541 1832 738 1865 innocentem
764 1828 913 1868 restituit,
941 1835 971 1861 et
994 1838 1116 1869 omnes,
1139 1826 1193 1873 qui

540 1884 598 1919 sibi
618 1883 875 1921 contradixerint,
891 1888 945 1915 aut
966 1892 1031 1914 rem
1054 1879 1192 1926 aliquam

540 1937 762 1973 Suessionensi
779 1935 940 1970 Ecclesiae
962 1933 1194 1980 usurpaverint,

541 1990 803 2029 excommunicat,
828 1991 909 2022 529.

441 2045 497 2081 XI.
525 2044 729 2080 Confirmatio
769 2043 922 2090 primatus
948 2049 979 2076 et
1011 2040 1196 2088 privilegio-

540 2110 611 2133 rum
638 2097 827 2132 Viennensis
854 2095 1027 2136 Ecclesiae,
1051 2096 1132 2129 550.

566 2198 815 2235 HADRIANUS
837 2197 1075 2234 SECUNDUS.

441 2294 466 2329 Ι.
502 2293 674 2329 Concessio
709 2293 791 2339 pallii
819 2291 955 2326 Actardo
990 2291 1195 2326 Hamneticae

542 2347 703 2382 Ecclesiae
730 2346 891 2392 episcopo,
915 2348 997 2379 551.

423 2400 480 2435 4ΙΙ.
521 2400 727 2435 Confirmatio
760 2407 791 2434 et
825 2401 985 2434 renovatio
1022 2399 1195 2435 sententiae

542 2453 748 2501 depositionis
792 2461 823 2487 et
862 2454 1196 2488 excommunicationis

543 2509 572 2542 in
597 2508 716 2555 synodo
730 2507 873 2542 Romana
896 2507 974 2541 latae
995 2519 1011 2541 a
1034 2506 1197 2542 LeoneIV

544 2561 697 2596 Pontilice
718 2570 826 2596 contra
847 2561 1046 2595 Anastasium
1065 2561 1197 2608 presby-

545 2623 645 2649 terum
683 2615 717 2649 S.
757 2614 799 2649 R.
836 2614 875 2649 E.
918 2614 1001 2649 tituli
1037 2613 1073 2650 S.
1110 2615 1198 2650 Mar-

544 2669 627 2715 celli,
647 2671 729 2703 552.

1021 318 1121 340 mmm
1127 317 1208 340 uum
1230 316 1394 339 ROMANPM

1396 367 1579 403 tOtNNES
1612 367 1820 402 OCTWUS.

1233 462 1256 497 I.
1298 461 1515 507 privilegium,
1550 472 1612 507 quo
1639 461 1864 495 monasterium
1903 459 1985 495 Ful-

1331 511 1427 544 dense
1440 522 1511 544 cum
1536 510 1689 544 universis
1711 509 1809 549 cellis,
1829 510 1983 549 ecclesiis,

1332 559 1477 598 decimis,
1499 558 1652 595 curtibus,
1675 558 1807 605 aliisque
1831 558 1923 593 rebus
1945 558 1983 593 ad

1331 608 1414 642 idem
1454 607 1708 655 pertinentibus,
1736 615 1917 653 exemptum
1948 619 1985 642 ac

1332 657 1463 691 liberum
1493 658 1603 691 iterato
1630 657 1822 700 declaratur,
1847 658 1928 690 555.

1234 707 1271 741 ll.
1307 706 1513 741 Confirmatio
1550 706 1775 744 donationum,
1813 717 1829 739 a
1870 704 1986 743 Carolo

1331 755 1428 790 Calvo
1465 755 1652 800 imperatore
1689 754 1839 789 factarum
1872 766 1986 790 mona-

1331 805 1425 838 sterio
1446 804 1479 838 S.
1504 803 1644 847 vedasti,
1674 804 1870 838 Atrebatensi
1900 816 1987 838 nun-

1333 862 1457 900 cupam,
1486 855 1567 887 554.

1232 902 1285 937 Ill.
1315 902 1480 936 Ovetensis
1506 901 1646 936 Ecclesia
1664 900 1841 936 Gallaeciae
1859 909 1986 936 metro-

1334 951 1470 997 politana
1493 951 1638 993 eflicitur,
1662 953 1742 984 555.

1234 1000 1286 1034 IV.
1314 1000 1445 1035 Frotarii
1482 999 1716 1045 Burdigalensis
1751 999 1982 1047 archiepiscopi

1333 1051 1494 1084 translatio
1528 1050 1565 1083 ad
1601 1048 1774 1083 Ecclesiam
1804 1048 1985 1084 Bituricen-

1333 1111 1411 1142 sem,
1436 1100 1517 1133 556.

1234 1148 1272 1182 V.
1295 1147 1499 1182 Confirmatio
1522 1146 1712 1190 donationis,
1734 1159 1750 1181 a
1774 1145 1888 1181 Carolo
1918 1147 1986 1182 im·-

1334 1204 1475 1243 peratore
1499 1198 1595 1231 factae
1612 1195 1776 1230 monachis
1790 1195 1986 1232 Herensibus

1333 1246 1366 1280 S.
1390 1246 1531 1280 Filiberti
1551 1245 1590 1280 de
1612 1244 1757 1288 Abbatia,
1784 1245 1818 1280 S.
1842 1245 1985 1281 Porciani

1333 1295 1426 1341 vulgo
1446 1301 1639 1341 nuncupata,
1667 1296 1749 1328 557.

1234 1344 1287 1379 VI.
1315 1344 1520 1379 Confirmatio
1547 1343 1781 1390 privilegiorum
1810 1343 1855 1378 vel
1880 1344 1986 1390 regio-

1334 1406 1414 1433 rum,
1440 1394 1484 1427 vel
1502 1393 1739 1439 episcopalium,
1755 1404 1834 1439 quac
1851 1392 1988 1428 Trenor·

1333 1455 1431 1477 ciensi
1474 1450 1666 1476 monasterio
1709 1453 1859 1476 concessa
1897 1450 1985 1477 sunt:

1334 1503 1368 1526 ac
1388 1492 1516 1538 insuper
1537 1491 1716 1531 declaratio,
1739 1499 1771 1524 ut
1793 1491 1927 1525 liberum
1946 1491 1987 1526 sit

1333 1541 1373 1575 ab
1398 1541 1483 1575 omni
1510 1540 1661 1575 saeculari
1697 1540 1743 1574 vel
1774 1540 1986 1576 ecclesiastica

1335 1590 1562 1630 iurisdictione,
1585 1591 1666 1623 558.

1235 1639 1302 1674 vll.
1326 1639 1368 1675 Ut
1395 1639 1559 1673 Frotliario
1582 1638 1799 1683 Burdigalensi
1829 1638 1986 1685 archiepi-

1335 1700 1444 1735 scopo,
1471 1689 1520 1723 cui
1544 1688 1661 1722 tamdiu
1696 1687 1905 1722 Bituricensis
1924 1687 1988 1722 Ec-

1334 1738 1429 1772 clesia
1456 1736 1663 1772 committitur
1693 1736 1842 1783 quamdiu
1872 1737 1985 1783 pagani

1334 1786 1592 1833 Burdigalensem
1617 1785 1789 1820 dioecesim
1812 1785 1987 1831 obtineant,

1334 1836 1494 1874 obediant,
1518 1837 1600 1869 559.

1235 1885 1318 1919 VIII.
1346 1885 1496 1919 Eiusdem
1519 1885 1709 1930 argumenti,
1733 1886 1813 1918 540.

1236 1934 1292 1968 IX.
1321 1934 1354 1968 Iu
1378 1934 1460 1968 idem
1483 1942 1715 1979 argumentum,
1739 1936 1820 1967 541.

1235 1983 1275 2017 X.
1308 1983 1512 2029 Apostolicae
1538 1982 1631 2017 Sedis
1664 1983 1748 2017 vices
1774 1983 1803 2016 in
1827 1981 1930 2018 Gallia
1956 1990 1987 2018 et

1334 2032 1503 2067 Germania
1537 2031 1693 2077 Ansegiso
1724 2031 1903 2066 Senonensi
1936 2044 1988 2067 ar-

1335 2081 1536 2127 chiepiscopo
1563 2080 1814 2122 committuntur,
1844 2083 1926 2115 5421.

1236 2130 1290 2166 XI.
1318 2129 1526 2165 Confirmatio
1552 2129 1734 2164 donationis
1757 2138 1788 2164 et
1813 2130 1988 2177 partitionis

1334 2179 1489 2214 bonorum
1509 2206 1517 2219 ,
1556 2178 1596 2213 ab
1643 2179 1832 2225 imperatore
1873 2178 1988 2214 Carolo

1335 2227 1432 2263 Calvo
1463 2228 1613 2262 factarum
1641 2228 1830 2262 monasterio
1865 2235 1896 2262 et
1917 2240 1988 2263 mo-

1336 2277 1446 2312 nachis
1471 2277 1578 2312 Sancti
1606 2276 1760 2320 Medardi,
1781 2279 1862 2311 542.

1301 2353 1308 2360 .
1335 2325 1543 2361 Confirmatio
1577 2325 1675 2360 cellae
1701 2325 1832 2371 Godith,
1853 2338 1870 2360 a
1891 2325 1988 2360 Desi-

1335 2375 1423 2410 derio
1444 2374 1725 2421 Longobardorum
1755 2387 1827 2421 rege
1854 2375 1988 2410 donatae

1335 2424 1526 2459 monasterio
1542 2424 1779 2459 Trenorciensi:
1802 2436 1838 2459 ac
1861 2424 1989 2471 privile-

1335 2474 1459 2520 giorum
1498 2473 1600 2508 eidem
1628 2473 1724 2508 cellae
1762 2481 1792 2508 et
1826 2480 1989 2508 monaste-

1336 2523 1383 2557 rio
1409 2534 1427 2557 a
1453 2521 1566 2556 Carolo
1588 2521 1685 2557 Calvo
1707 2522 1896 2570 imperatore
1911 2535 1989 2558 con-

1335 2582 1509 2615 cessorum,
1537 2573 1619 2605 545.

1237 2619 1325 2656 ΧΙΙΙ.
1345 2619 1552 2655 Confirmatio
1573 2620 1750 2656 testamenti
1776 2620 1988 2668 Angilbergae

1336 2670 1558 2718 imperatricis,
1583 2682 1622 2706 ac
1645 2669 1804 2706 bonorum
1830 2669 1988 2716 omnium,
