2237 3127
66 289 118 317 An.
146 288 175 317 C.
199 289 251 318 596
878 296 904 321 s.
931 297 1117 323 altecomus
1144 298 1155 322 1
1184 298 1235 323 ΡΡ.
1719 294 1787 327 167
1856 296 1910 325 Au.
1932 296 1960 325 C.
1992 299 2043 324 aas:

66 360 169 389 negatam
191 368 251 391 per-
283 346 375 382 vitam
391 346 504 395 scripsi
526 355 556 383 et
570 348 638 384 eius
650 348 768 397 perlegi
785 351 926 398 regulam
939 364 1034 400 quam
1076 353 1175 388 tinam
1198 353 1279 388 viam
1298 352 1338 388 ad
1360 362 1496 390 erectam
1516 355 1696 393 columnam
1719 367 1750 393 et
1776 373 1833 394 ru-

64 396 134 426 ¹⁹8³²÷
282 397 350 443 ipse
370 397 506 433 Sanctus
531 411 624 433 manu
638 401 763 447 propria
785 401 952 448 scripserat
964 402 1036 436 lau-
1076 415 1147 448 pem
1170 402 1210 437 ad
1225 410 1366 438 montem
1388 406 1611 441 transmeantia
1624 414 1834 456 sanctumque

281 447 350 481 davi
378 458 446 482 eam
470 455 501 482 et
523 447 554 482 in
573 456 680 483 sancta
699 449 819 496 syuodo
841 450 926 485 edita
948 451 1031 498 apud
1074 451 1310 498 amplectuntur
1338 452 1542 500 Pamphilum
1559 455 1597 489 ad
1610 455 1727 491 Leonis
1749 456 1841 493 cam-¹

280 496 432 531 Sanctum
448 496 579 532 Petrum
606 497 730 533 Romae
747 498 778 533 in
808 498 960 534 Vaticano
979 500 1033 534 vi-
1073 512 1149 546 pum
1174 500 1249 536 inde
1276 501 1314 536 ad
1343 509 1483 537 montem
1516 503 1633 539 Malum
1655 493 1841 542 ascendunt¹

279 546 494 593 gintiquatuor
533 547 713 593 episcorum
769 548 951 582 confirmavi
1003 557 1033 583 et
1073 549 1111 583 ad
1133 549 1282 585 Sanctam
1308 551 1440 586 Mariam
1463 552 1614 588 Vultuille
1628 556 1829 591 revertentia.

63 454 91 477 Et
119 454 140 477 in
169 453 251 483 synodo

63 491 161 513 Romana
169 497 249 520 appro-

62 524 131 548 bavit.

85 614 248 637 confirmantur

61 651 117 674 aliae
144 651 249 674 donatio—

56 694 96 711 nes
114 692 250 712 mona-terto

60 724 141 747 fectae.

279 608 334 642 per
360 595 499 631 diversas
524 595 631 630 Italiae
653 604 757 642 partes
784 604 815 631 et
837 596 1032 644 ubicumque

278 645 392 680 latinae
412 644 520 680 literae
534 645 715 691 legerentur
729 646 873 692 praecepi
891 645 1032 692 diligen-

277 694 398 729 tissime
425 706 495 729 eam
516 706 532 728 a
555 693 718 728 monachis
740 693 901 729 observari
920 695 974 741 qui
993 707 1032 730 ex

276 745 321 779 eis
347 743 386 779 ad
406 742 622 779 conversionis
643 743 775 788 gratiam
798 744 956 778 accessuri
979 756 1030 779 es-

276 800 345 827 sent
366 799 604 840 perseverantes
626 804 726 840 usque
743 792 781 827 ad
796 792 906 827 mundi
922 793 1028 828 finem.

274 842 379 876 Etiam
400 840 531 876 Tertulli
555 842 676 875 romani
709 841 824 888 patritii
848 841 1029 877 donationis

274 890 426 925 cartulam
434 890 472 925 de
479 889 659 925 Tusculano
670 890 947 926 SublacoFoliano
956 903 1027 926 cum

273 939 381 975 Sancti
396 939 540 987 martyris
562 939 677 974 Donati
698 939 830 974 ecclesia
845 953 917 975 cum
936 940 1028 976 Turri

272 988 395 1024 colonis
416 997 446 1024 et
469 988 620 1023 uxoribus
641 989 708 1024 suis
734 996 765 1023 et
786 989 902 1024 Sancta
930 989 1027 1025 Maria

272 1038 303 1072 iu
326 1037 474 1073 Surrisco
498 1050 598 1085 usque
620 1038 658 1073 ad
680 1050 766 1073 mare
784 1038 916 1086 insuper
938 1039 1029 1074 Euti-

273 1088 305 1122 tii
319 1087 539 1123 Romanorum
562 1087 750 1122 nobilissimi
773 1087 954 1123 donationis
966 1101 1027 1123 ear-

271 1146 333 1172 tam
365 1137 505 1172 Eulisiae
544 1136 652 1172 Sancti
687 1137 850 1172 Laurentii
887 1138 916 1172 in
947 1150 1027 1185 aqua

271 1187 332 1221 alta
352 1186 391 1222 ad
413 1186 614 1221 catacumbas
646 1186 726 1230 site,
749 1187 904 1221 confirmo
926 1187 1027 1222 Galli-

272 1248 342 1271 ean.
356 1243 387 1271 et
399 1235 566 1271 Donabelli
588 1235 769 1270 donationis
789 1236 963 1271 chartulam
987 1236 1026 1271 de

271 1285 309 1320 iis
332 1297 414 1333 quae
436 1285 626 1320 monasterio
652 1285 838 1320 Sublacensi
866 1285 1026 1320 donarunt

272 1347 344 1369 cum
367 1334 517 1369 omnibus
538 1334 606 1369 suis
639 1334 838 1382 pertinentiis
869 1335 1026 1382 quemad-

270 1383 401 1419 modum
429 1383 545 1418 finibus
559 1384 626 1418 suis
647 1391 836 1418 constantet
857 1392 1024 1431 apparent,

270 1440 301 1467 et
322 1433 428 1468 omnia
449 1445 530 1479 quae
553 1441 680 1468 sanctus
701 1432 895 1468 Benedictus
909 1434 940 1467 in
965 1434 1023 1468 vita

272 1494 328 1517 sua
349 1482 515 1529 acquisivit
537 1481 584 1517 vel
608 1490 677 1529 post
698 1494 792 1517 suum
814 1482 936 1516 obitum
961 1491 1022 1516 tam

269 1543 285 1565 a
305 1531 511 1578 pontificibus
538 1543 631 1578 quam
660 1543 675 1566 a
704 1531 832 1578 regibus
856 1540 909 1566 aut
930 1531 1023 1566 duci-

268 1580 340 1622 bus,
362 1593 419 1616 seu
445 1581 614 1629 quibusvis
635 1580 754 1615 Christi
788 1581 934 1615 fidelibus
963 1593 1023 1616 suo

268 1630 442 1665 venerabili
462 1630 653 1665 monasterio
675 1630 777 1664 oblata
795 1642 831 1665 30
851 1630 935 1665 dono
952 1643 1022 1665 con-

1072 597 1163 632 Hanc
1197 598 1336 646 denique
1375 601 1562 647 premissam
1590 615 1725 639 massam
1754 617 1827 641 cum

1072 646 1222 682 omnibus
1253 648 1473 684 immobilibus
1497 651 1564 685 suis
1598 652 1675 687 locis
1709 666 1725 688 a
1757 667 1832 701 pre-

1072 696 1153 730 senti
1187 696 1421 745 decimaquarta
1454 698 1627 736 indictione
1650 702 1681 736 in
1713 715 1830 750 perpe-

1072 751 1162 779 tuum
1189 745 1247 780 tibi
1276 747 1400 793 tuisque
1438 750 1678 785 successoribus
1711 740 1841 787 conce-i

1071 792 1176 829 dimus
1202 803 1232 829 et
1258 797 1484 831 confirmamus
1507 797 1539 832 in
1568 811 1660 834 usum
1687 809 1718 835 et
1740 791 1840 843 utili-¹1

1071 850 1165 877 tatem
1193 843 1293 890 ipsius
1324 845 1505 880 monasterii
1535 847 1576 882 ita
1611 856 1713 885 tamen
1741 851 1829 898 quod

1071 903 1126 937 per
1147 893 1218 926 anni
1240 893 1396 928 circulum
1419 895 1600 931 sacerdotes
1623 905 1653 931 et
1680 900 1827 934 monachi
1853 889 1949 919 ¹⁰³¹¹¹¹¹¹³¹
1966 898 2039 913 ⁸¹¹¹¹“‘

1070 940 1170 987 ipsius
1192 943 1375 977 monasterii
1398 955 1455 990 pro
1477 945 1600 979 animae
1623 954 1747 983 nostrae
1768 961 1839 993 no-¹

1069 997 1270 1038 strorumque
1292 1004 1512 1027 successorum
1547 994 1764 1042 redemptione
1792 998 1825 1032 in

1068 1039 1180 1074 eadem
1201 1040 1333 1075 ecclesia
1353 1049 1479 1076 centum
1497 1042 1592 1089 Kyrie
1619 1045 1737 1080 eleison
1751 1050 1839 1082 cen-v

1069 1095 1200 1136 tumque
1222 1089 1348 1125 Christe
1370 1091 1490 1125 eleison
1520 1092 1675 1128 exolvant.
1709 1095 1829 1132 Sacer-

1068 1137 1159 1173 dotes
1182 1151 1292 1173 rursus
1314 1139 1390 1174 dum
1414 1140 1574 1176 celebrant
1590 1143 1758 1180 missarum
1778 1159 1825 1183 so-

1067 1186 1182 1222 lemnia
1213 1201 1269 1235 pro
1302 1189 1407 1223 anime
1444 1200 1549 1225 nostre
1580 1200 1826 1242 nostrorumque

1067 1249 1288 1272 successorum
1328 1238 1513 1285 pontificum
1549 1241 1651 1275 solute
1683 1245 1827 1291 omnipo—

1067 1286 1142 1320 tenti
1170 1286 1236 1321 Deo
1258 1287 1451 1322 oblationem
1474 1296 1505 1322 et
1531 1290 1722 1326 sacrificium
1741 1294 1824 1329 offe-

1067 1343 1151 1369 rant:
1173 1335 1294 1370 diacoui
1312 1348 1384 1371 vero
1412 1336 1527 1382 singuli
1553 1338 1741 1376 psalterium
1769 1355 1836 1377 1·e-=

1065 1384 1178 1418 citent:
1217 1393 1392 1420 statuentes
1430 1387 1604 1432 apostolica
1637 1383 1836 1427 auctoritate¹

1064 1434 1124 1467 sub
1146 1433 1243 1468 divini
1266 1435 1373 1469 iudicii
1401 1434 1612 1472 obtestatione
1634 1446 1665 1473 et
1686 1441 1823 1476 anathe-

1065 1482 1157 1516 matis
1179 1484 1334 1518 sententia
1362 1484 1431 1531 ipso
1454 1483 1536 1519 sacto
1571 1486 1761 1524 incurrenda
1791 1499 1823 1525 ut

1064 1531 1170 1566 nullus
1194 1544 1335 1579 unquam
1363 1533 1468 1581 aliquo
1491 1534 1585 1569 modo
1604 1536 1669 1572 sive
1687 1550 1823 1585 magnus

1063 1580 1127 1615 sive
1151 1593 1265 1628 parvus
1289 1582 1383 1616 homo
1411 1582 1450 1617 sit
1476 1583 1590 1619 audeat
1624 1585 1671 1621 vel
1700 1600 1821 1634 presu—

1064 1638 1127 1664 mat
1153 1643 1191 1665 ex
1212 1631 1363 1666 omnibus
1388 1632 1536 1678 superius
1562 1634 1690 1682 scriptis
1705 1637 1771 1673 sive
1789 1646 1836 1683 etl

1854 932 1889 948 um
1909 934 1971 949 (tuus.

1883 1386 1983 1409 Anatheu

1851 1426 1928 1443 cunti-a
1945 1428 2031 1452 pertur-

1851 1455 1949 1483 batorcs„
1978 1460 2031 1488 qui—

1852 1500 1944 1522 cumque
1955 1494 1968 1514 ii
1983 1496 2037 1524 siut,

1851 1532 1873 1550 (4
1885 1529 2036 1559 qualemcuni*

1851 1572 1892 1592 que
1914 1565 2036 1588 molestiam

1850 1599 1953 1624 alfei-ann

267 1679 380 1715 tradita
403 1679 541 1715 fuerunt.
565 1679 717 1714 Ceterum
739 1692 777 1713 ex
800 1692 868 1714 mea
904 1680 1023 1714 haere-

267 1729 366 1764 ditate
396 1741 466 1764 mea
500 1736 598 1764 matre
624 1728 722 1764 Silvia
751 1741 917 1764 assensum
949 1741 1024 1776 pre-

267 1778 362 1814 bente
383 1778 468 1813 dono
488 1786 520 1814 et
541 1778 682 1814 concedo
712 1791 769 1826 per
790 1778 850 1813 hoc
878 1786 1022 1813 nostrum

1064 1679 1249 1726 Appollouii
1274 1681 1339 1727 ipsa
1362 1681 1462 1715 Massa
1485 1694 1558 1716 cum
1581 1685 1731 1720 omnibus
1753 1688 1837 1724 suist

1064 1729 1263 1775 pertinentiis
1279 1730 1325 1764 vel
1343 1730 1529 1765 adiacentiis
1554 1732 1675 1779 aliquid
1697 1733 1836 1772 auferre³

1064 1778 1242 1813 diminuere
1263 1779 1400 1814 alienare
1428 1791 1484 1814 seu
1512 1780 1549 1815 iis
1573 1782 1752 1818 molestiam
1776 1786 1821 1820 in-

55 1715 127 1736 Donat
142 1714 165 1736 S.
184 1715 241 1737 Gre-

49 1750 130 1779 gorius
147 1749 240 1772 nonnul-

61 1792 72 1806 a
90 1793 115 1807 u
133 1792 171 1808 sua
187 1785 240 1808 hne-

54 1820 155 1844 reditato,

267 1827 478 1874 apostolicum
505 1828 705 1875 privilegium
732 1828 771 1862 ad
796 1827 1023 1874 omnipotentis

266 1877 326 1912 Dei
354 1877 508 1912 honorem
529 1877 697 1924 sanctique
718 1876 883 1912 Benedicti
918 1876 1023 1911 devo-

245 1926 388 1971 ytionem
416 1926 447 1961 in
474 1926 575 1974 ipsius
597 1926 723 1961 cenobii
757 1926 1022 1961 sustentationem

246 2017 247 2020 Ἴ
267 1984 298 2010 et
318 1975 523 2011 commodum
547 1975 602 2010 tibi
624 1975 883 2022 supranominate
910 1974 1023 2010 Hono-

268 2033 334 2060 rate
361 2037 418 2072 pro
444 2032 474 2060 te
500 2024 627 2072 tuisque
654 2024 803 2059 omnibus
824 2025 1022 2059 successori—

243 2070 249 2130 j
267 2074 328 2109 bus
346 2074 378 2109 in
401 2081 588 2121 perpetuum
607 2074 813 2109 detinendam
827 2075 907 2109 acin
923 2074 1023 2121 ipsius

244 2131 246 2137 '
267 2123 395 2159 cenobii
418 2123 584 2159 utilitatem
607 2123 833 2171 possidendam
866 2123 1023 2170 Appollo-

267 2173 314 2208 nii
342 2173 479 2208 Massam
502 2185 575 2208 cum
602 2172 752 2208 omnibus
773 2173 839 2208 suis
862 2173 1023 2219 pertinen-

244 2223 245 2230 *
267 2223 319 2258 tiis
347 2222 379 2257 in
406 2222 660 2269 redemptionem
683 2223 806 2257 animae
832 2222 895 2257 mei
930 2222 1023 2268 geni-

266 2272 345 2307 toris
371 2279 402 2307 et
427 2271 572 2307 omnium
598 2272 906 2318 consanguineorum
935 2284 1024 2306 meo—

265 2333 336 2356 rum
361 2321 504 2356 vivorum
525 2329 557 2356 et
579 2329 778 2356 mortuorum
800 2321 890 2356 cuius
920 2321 1022 2355 confi-

266 2370 317 2406 nia
340 2370 495 2418 incipiunt
521 2382 537 2405 a
559 2379 666 2405 monte
687 2370 836 2406 Vultuilla
859 2383 875 2405 a
908 2370 1021 2405 Sancta

264 2419 363 2455 Maria
389 2419 549 2466 vergentia
577 2420 607 2454 in
631 2420 814 2455 Piscianum
838 2431 956 2467 perque
974 2432 1023 2454 ru-

266 2482 322 2517 pes
345 2469 375 2504 in
397 2469 564 2504 Iuvenzani
592 2469 720 2504 ssuvium
749 2470 886 2516 migrant
907 2469 1021 2504 deinde

241 2520 296 2553 tin
318 2518 524 2553 Tiburtinum
551 2518 682 2553 fluvium
704 2527 735 2554 et
761 2519 792 2553 in
830 2519 928 2553 Masis
954 2519 1021 2553 eol-

242 2583 245 2611 :
265 2568 328 2603 lem
351 2568 418 2603 suis
438 2568 555 2603 finibus
581 2568 765 2615 pertingunt
798 2568 837 2603 ad
870 2568 1018 2603 Sanctam

240 2622 247 2676 ᾗ
264 2617 397 2652 Mariam
414 2617 443 2652 in
459 2617 584 2652 Zizania
603 2625 683 2652 tacto
699 2617 786 2663 prius
807 2617 925 2652 Sancto
947 2617 1020 2652 Ste-

265 2667 371 2714 phano
394 2679 512 2717 perque
530 2679 627 2718 rupes
647 2667 680 2704 in
701 2667 832 2704 fluvium
851 2667 884 2704 in
910 2666 1019 2705 Tibur-

1064 1828 1144 1861 lerre
1165 1828 1279 1874 quovis
1313 1830 1456 1875 quaesito
1484 1829 1589 1865 colore
1616 1840 1726 1868 contra
1749 1834 1819 1869 hu-

1065 1876 1113 1910 ius
1147 1877 1245 1911 nostri
1284 1878 1435 1924 privilegii
1473 1880 1637 1925 apostolici
1677 1890 1819 1918 tenorem

1063 1925 1118 1959 sed
1142 1926 1266 1961 firmum
1295 1927 1456 1973 perpetuis
1479 1929 1676 1975 temporibus
1709 1944 1822 1979 perse-

1064 1983 1149 2009 veret
1173 1976 1215 2010 uti
1247 1988 1264 2010 a
1299 1976 1391 2010 nobis
1417 1984 1569 2012 statutum
1597 1987 1644 2013 est
1671 1980 1712 2015 ita
1741 1976 1835 2028 per--¹

1064 2036 1191 2059 manere
1218 2024 1430 2060 decernimus.
1455 2026 1488 2060 Si
1513 2027 1584 2073 quis
1606 2036 1712 2063 autem
1735 2031 1821 2077 quod

1064 2086 1128 2108 non
1155 2081 1302 2121 optamus
1321 2083 1428 2109 contra
1452 2075 1529 2110 11300
1551 2078 1724 2123 apostolica
1742 2081 1823 2114 scri-

1064 2131 1115 2170 pta
1134 2131 1251 2158 temere
1265 2124 1421 2159 contraire
1439 2124 1486 2159 vel
1499 2137 1534 2159 ea
1550 2125 1722 2173 infringere
1736 2141 1823 2175 prae-

1063 2173 1235 2219 sumpserit
1258 2172 1304 2207 vel
1327 2173 1506 2220 despexerit
1540 2177 1661 2210 noverit
1687 2189 1721 2212 se
1748 2177 1822 2213 Do—

1064 2221 1140 2256 mini
1165 2222 1263 2257 nostri
1282 2223 1562 2270 apostolorumque
1581 2224 1665 2259 Petri
1681 2234 1711 2261 et
1729 2226 1820 2262 Pauli

1062 2271 1271 2306 anathematis
1298 2272 1425 2307 vinculo
1453 2272 1661 2309 innoudatum
1689 2284 1719 2310 et
1746 2288 1819 2311 cum

1062 2320 1187 2355 diabolo
1209 2328 1240 2355 et
1261 2321 1330 2355 eius
1347 2321 1552 2357 atrocissimis
1568 2324 1678 2369 poenis
1692 2337 1727 2360 30
1740 2325 1817 2360 Iuda

1062 2370 1205 2405 eiusdem
1228 2370 1356 2404 Domini
1385 2371 1491 2405 Nostri
1513 2371 1584 2406 Iesu
1607 2372 1723 2408 Christi
1745 2387 1818 2421 pro-

1063 2419 1163 2454 ditore
1190 2420 1383 2467 sempiterno
1407 2421 1480 2467 igne
1503 2421 1754 2457 comburendum
1772 2424 1819 2458 si—

1063 2468 1193 2515 mulque
1215 2468 1245 2503 in
1263 2469 1444 2516 voraginem
1463 2477 1696 2518 tartareumque
1724 2472 1820 2507 chaos

1061 2530 1134 2553 cum
1156 2518 1264 2565 impiis
1286 2519 1551 2565 immergendum.
1572 2520 1635 2561 Qui
1659 2533 1733 2556 vero
1756 2521 1820 2556 sin-

1060 2579 1134 2602 cero
1155 2579 1191 2602 30
1214 2567 1297 2602 bono
1319 2568 1426 2603 animo
1448 2580 1482 2603 ea
1505 2570 1697 2603 servaverint
1719 2578 1815 2617 atque

1062 2617 1157 2652 huius
1180 2625 1304 2652 nostrae
1326 2617 1505 2652 salutiferae
1525 2619 1759 2665 praeceptionis
1779 2628 1818 2654 te-

1061 2678 1155 2705 naces
1181 2666 1298 2705 suerint
1313 2666 1543 2706 benedictionis
1566 2668 1698 2712 gratiam
1720 2676 1817 2706 aeter-
