2237 3127
852 308 955 331 INDEX
977 308 1096 331 RERUM
1621 295 1685 328 691

289 371 380 395 suam
403 360 582 396 solitudinis
612 361 765 408 petendae
796 374 887 397 causa
911 362 1055 405 deseramt
1084 370 1114 396 et
1141 361 1364 410 responsiones
1390 359 1559 396 nonnullas
1581 359 1675 395 habet
1702 360 1740 395 ab

290 409 403 445 eodem
426 409 590 446 Pontifice.
605 411 643 446 ad
662 424 717 447 sua
740 412 895 458 consulta⁷
917 414 964 446 42
987 414 1004 446 b
1033 420 1063 446 et
1084 424 1145 458 seq.

952 516 983 555 S

189 598 378 634 Sacerdotes
399 601 512 635 veteris
533 601 724 635 Testamenti
747 601 821 648 quid
846 601 1047 647 figuraverint
1069 601 1098 635 in
1123 613 1231 636 eorum
1255 601 1456 647 coniugibus,
1480 603 1525 636 40
1547 613 1577 635 a.
1601 600 1634 635 Iu
1658 612 1738 636 novo

288 648 414 693 foedere
436 649 552 684 debent
577 662 647 684 esse
667 650 762 684 unius
786 652 891 685 uxoris
910 651 965 684 viri
988 657 1019 685 et
1040 650 1182 697 virginis,
1206 651 1282 684 ibid.
1305 649 1437 685 Cessare
1451 651 1566 685 debent
1581 650 1621 685 ab
1643 663 1738 697 opere

285 698 453 744 coniugali,
483 701 528 732 44
556 701 583 732 b.
608 699 695 733 quta
722 711 879 734 canonum
905 706 1018 733 statuta
1041 708 1115 734 suut
1136 699 1315 743 ordinandi,
1340 701 1409 733 152
1436 701 1454 734 b
1476 707 1507 734 et
1527 712 1587 744 seq.

187 744 391 781 Sacramenta
418 759 433 781 a
462 748 551 782 malis
573 748 726 782 ministris
747 748 963 784 administrata
987 756 1061 783 sunt
1084 756 1159 789 rata,
1185 750 1253 782 128
1286 750 1313 782 b.
1338 748 1387 783 Ab
1414 749 1460 783 eis
1477 760 1541 783 non
1565 748 1737 783 maculan-

286 802 348 835 tur,
371 798 440 830 129
460 809 490 830 α.

186 842 384 879 Salernitana
404 845 544 880 Ecclesia
569 846 599 879 iu
622 845 880 893 archiepiscopali
896 846 1050 891 (lignitate
1065 846 1269 881 confirmatur
1286 858 1301 880 a
1316 845 1434 880 Ioanne
1453 846 1512 880 XV
1528 846 1603 890 PP.,
1619 848 1689 881 462
1704 861 1734 882 (ι.

283 893 417 928 Pallium
441 903 469 928 et
498 895 546 928 ius
567 894 752 929 conceditur
774 896 842 929 eius
863 896 1110 942 archiepiscopis
1136 895 1195 930 sibi
1223 896 1389 941 episcopos
1415 897 1629 941 suffraganeos
1651 896 1736 930 ordi-

286 942 395 983 nandi,
418 945 492 977 ibid.
516 943 676 978 Ecclesiae
698 944 726 978 ei
758 945 917 979 subiectae
950 952 1205 989 enumerantur,
1232 946 1307 978 ibid.
1337 952 1368 979 et
1394 947 1422 978 b.
1452 944 1622 991 privilegia
1658 945 1735 980 haec

283 992 387 1026 onmia
409 993 638 1027 confirmantur
665 993 690 1027 ei
719 1006 733 1027 a
762 994 873 1039 Sergio
896 993 936 1027 IV
959 994 1036 1038 PP.,
1057 996 1129 1028 495
1150 1007 1169 1027 α
1184 1001 1214 1027 et
1236 996 1264 1034 b3
1287 1005 1303 1027 a
1326 993 1491 1028 Clemente
1514 993 1542 1027 ll
1565 994 1641 1034 PP.,
1663 997 1734 1029 576

283 1053 303 1075 a
321 1049 351 1075 et
377 1043 412 1082 b;
435 1054 470 1076 ac
491 1042 615 1076 tandem
643 1042 757 1077 additis
783 1044 853 1077 aliis
880 1056 895 1076 a
923 1042 1030 1077 Leone
1058 1043 1103 1077 IX
1127 1043 1202 1083 PP.,
1231 1044 1301 1077 609
1328 1056 1348 1077 α
1369 1051 1399 1077 et
1425 1055 1485 1088 seq.

185 1088 439 1136 Salisburgensis
453 1091 593 1125 Ecclesia
609 1092 853 1137 assignationem
874 1092 1009 1126 limitum
1024 1092 1118 1127 habet
1130 1092 1168 1126 ab
1186 1091 1330 1138 Agapeto
1344 1092 1371 1126 ll
1390 1091 1467 1135 PP.,
1487 1094 1557 1127 405
1572 1100 1602 1126 et
1616 1094 1687 1127 406
1702 1106 1731 1128 α.

285 1139 434 1186 Episcopi
459 1140 528 1174 eius
550 1140 643 1175 Sedis
670 1141 870 1187 Apostolicae
893 1141 999 1176 vicarii
1033 1142 1062 1175 in
1091 1141 1207 1176 Norica
1229 1149 1260 1175 et
1286 1141 1450 1176 Pannonia
1482 1141 1683 1177 declarantur
1717 1154 1733 1177 a

284 1188 459 1223 Benedicto
481 1189 523 1223 VI
550 1189 627 1229 PP.,
656 1192 727 1224 454
749 1203 780 1225 α.

183 1236 267 1272 Salla
296 1237 490 1284 Urgellensis
516 1239 687 1286 episcopus
715 1239 987 1274 confirmationem
1012 1238 1166 1274 bonorum
1190 1247 1219 1273 et
1246 1238 1364 1274 iurium
1392 1239 1429 1273 ad
1453 1238 1626 1274 Ecclesiam
1643 1252 1732 1275 suam

285 1288 493 1332 spectantium
522 1288 643 1322 obtinet
665 1301 679 1322 3
709 1288 860 1323 Silvestro
888 1288 915 1322 ΙΙ
942 1288 1018 1328 ΡΡ.,
1042 1296 1073 1322 ct
1100 1296 1133 1322 ut
1160 1288 1211 1322 illa
1246 1289 1285 1322 sit
1312 1288 1464 1322 immunis
1490 1301 1507 1323 a
1533 1300 1734 1336 quacumque

283 1337 437 1372 saeculari
465 1345 632 1383 potestate,
656 1340 726 1372 480
749 1351 768 1372 a
790 1346 820 1371 et
848 1340 876 1377 b,
906 1349 964 1371 nec
992 1349 1053 1371 non
1076 1349 1137 1382 seq.

183 1383 402 1420 Salmuriense
431 1387 655 1421 monasterium
685 1387 922 1433 privilegiorum
952 1398 1082 1420 suorum
1111 1399 1146 1421 ac
1173 1386 1330 1421 bonorum
1364 1385 1626 1421 confirmationes)
1655 1387 1735 1421 ohti-

284 1443 335 1468 nct
358 1448 372 1468 a
400 1435 518 1469 Ioanne
540 1436 643 1469 XVIII
671 1436 749 1475 PP.,
777 1439 847 1470 485
871 1437 887 1469 b
911 1443 939 1469 et
969 1437 1039 1469 486
1062 1448 1092 1469 α.

183 1482 354 1518 Salvatoris
376 1484 431 1527 (S.)
459 1492 489 1518 et
507 1484 604 1519 Iuliae
632 1485 796 1519 Brixiense
819 1485 1043 1518 monasterium
1072 1484 1111 1518 ab
1138 1484 1361 1531 episcoporum
1385 1483 1603 1519 iurisdictione
1625 1496 1734 1519 exem-

285 1541 373 1578 ptum
402 1534 580 1567 declaratur
601 1546 616 1568 3
646 1534 744 1568 Paulo
768 1533 780 1567 Ι
806 1533 883 1574 PP.,
906 1535 977 1566 252
1000 1535 1017 1567 b
1039 1541 1068 1567 et
1087 1535 1159 1567 255
1180 1546 1219 1569 a..

183 1579 355 1616 Salv-atonis
383 1582 440 1626 1S.)
468 1582 628 1638 papiense
652 1584 877 1618 monasterium
915 1582 1101 1628 protectioni
1126 1595 1186 1616 non
1220 1589 1325 1616 autem
1354 1581 1562 1617 iurisdictioni
1590 1582 1733 1630 episcopi

282 1630 450 1678 Papieusis
477 1633 685 1666 committitm
707 1646 721 1666 a
750 1633 866 1666 Ioanne
892 1631 967 1666 Xlll
996 1631 1072 1671 PP.,
1100 1634 1171 1666 430
1199 1633 1228 1675 b,
1251 1633 1315 1665 451
1350 1644 1370 1665 α
1396 1639 1426 1666 et
1453 1633 1481 1665 b

182 1677 339 1715 Santense
375 1682 599 1716 monasterium
628 1682 677 1716 Ss.
701 1682 833 1720 Bertarii
865 1689 895 1715 et
929 1680 1052 1715 Ataleni
1082 1680 1229 1715 fundatur
1256 1688 1287 1715 et
1313 1680 1448 1722 dotatur,
1478 1681 1548 1715 602
1575 1682 1593 1714 b
1620 1688 1649 1715 et
1670 1693 1730 1726 seq.

283 1729 522 1765 Confirmantur
544 1732 570 1765 ei
594 1731 674 1765 hona
698 1744 713 1765 a
742 1732 850 1765 leone
872 1730 913 1764 lX
937 1730 1012 1768 PP
1037 1732 1107 1765 602
1129 1732 1147 1763 b
1174 1737 1203 1764 et
1229 1742 1288 1775 seq.

180 1777 351 1826 Sapaudus
377 1781 547 1827 episcopus
574 1780 768 1815 Arelatensis
794 1781 929 1814 vicarius
956 1780 1050 1814 Sedis
1076 1779 1306 1826 Apostolicae
1301 1790 1330 1812 tn
1354 1777 1455 1813 Gallia
1482 1778 1611 1824 eligitur
1633 1791 1649 1813 a
1676 1779 1734 1814 Pe-

283 1828 364 1873 lagio
389 1829 402 1863 I
426 1829 606 1873 PP.,154
629 1832 655 1863 b.
684 1829 733 1863 Ab
755 1829 866 1864 eodem
896 1829 1049 1863 Pontifice
1077 1828 1170 1874 pallio
1198 1828 1375 1868 decoratur,
1400 1829 1470 1862 155
1496 1841 1516 1862 α
1543 1835 1574 1862 et
1600 1830 1628 1862 b.

181 1875 381 1911 Saturninini
422 1878 477 1921 (S.)
517 1878 770 1913 Carcassoneuse
803 1879 1029 1912 monasterium
1058 1890 1190 1924 corpore
1229 1877 1262 1911 S.
1302 1876 1415 1911 Hilarii
1442 1877 1582 1924 episcopi
1606 1877 1731 1923 insione

280 1926 554 1961 confirmationem
584 1928 739 1962 bonorum
757 1940 792 1962 ac
815 1940 887 1974 pta(
892 1939 985 1974 cipue
1007 1939 1111 1961 terum
1135 1939 1150 1961 a
1166 1926 1328 1972 Rodgario
1350 1926 1464 1960 comite
1486 1938 1513 1960 et
1532 1926 1732 1970 donatorum,

280 1987 361 2022 quae
389 1977 493 2010 omnia
522 1976 619 2011 libtra
647 1990 663 2010 a
691 1978 921 2023 cuiuscumque
949 1976 1168 2010 iurisdictione
1194 1976 1394 2010 declarentur
1420 1975 1542 2010 obtinet
1564 1987 1579 2009 a
1596 1975 1733 2010 Benedi-

283 2032 334 2058 (to
361 2024 417 2059 Vll
444 2025 520 2065 PP.
550 2028 620 2059 416
648 2029 676 2070 b
706 2029 775 2059 447
803 2039 834 2059 α.

182 2071 285 2108 Sedes
309 2073 489 2120 Apostolica
514 2076 654 2108 omnium
682 2075 896 2109 Ecclesiarum
920 2086 1027 2108 curam
1055 2074 1161 2113 habet„
1186 2075 1231 2107 48
1253 2086 1282 2107 a.
1306 2072 1355 2107 Ad
1379 2085 1450 2107 eum
1473 2085 1585 2108 causae
1599 2074 1734 2110 maiores

284 2131 357 2156 snut
384 2124 608 2163 devolvendae,
632 2126 678 2158 85
711 2127 728 2157 b
755 2132 785 2157 et
815 2126 882 2157 149
906 2125 934 2164 b,
971 2125 1040 2157 150
1068 2136 1097 2157 α.
1126 2122 1339 2157 Sacerdotalis
1365 2122 1527 2168 dignitatis
1554 2131 1677 2167 mater,
1702 2132 1734 2158 et

281 2171 471 2218 disciplinae
497 2173 727 2207 ecclesiasticae
751 2173 909 2218 magistra,
934 2176 973 2206 61
1007 2174 1024 2205 b
1052 2180 1081 2205 et
1108 2173 1153 2205 62
1178 2184 1208 2205 α.
1237 2172 1286 2205 ΑΙ)
1308 2184 1342 2205 ea
1378 2184 1439 2205 non
1471 2171 1562 2206 datur
1592 2172 1734 2218 appella-

282 2221 350 2265 tio,
387 2223 455 2256 1109
483 2235 503 2256 a
530 2229 561 2255 et
597 2224 665 2256 115
699 2235 729 2256 a.
757 2222 797 2255 Et
826 2223 890 2267 ipsa
921 2233 980 2255 non
1010 2220 1178 2263 iudicatur⁷
1208 2223 1277 2255 109
1304 2234 1324 2255 a
1350 2229 1381 2254 et
1418 2223 1487 2255 115
1515 2234 1546 2255 α.
1574 2221 1654 2255 Eius
1683 2221 1732 2256 ius

281 2270 478 2316 approbandi
515 2271 674 2309 coucilia,
714 2273 785 2305 115
823 2282 853 2304 α.
886 2270 1065 2306 Damnandi
1099 2282 1226 2316 quoque
1268 2277 1406 2316 potestas
1432 2270 1595 2304 deviantes
1621 2282 1636 2304 a
1672 2270 1734 2306 fide

282 2319 446 2359 catholica,
476 2321 544 2353 109
567 2321 595 2353 b.
621 2319 835 2366 Reprobando
862 2319 1000 2365 denique
1024 2318 1104 2353 male
1131 2327 1197 2353 acta
1225 2326 1255 2353 et
1288 2318 1369 2353 bene
1403 2326 1489 2364 gesta
1522 2319 1731 2354 confirmandi

282 2368 426 2409 concilia,
459 2370 535 2402 ibid.
564 2377 595 2402 et
620 2381 669 2413 seq
704 2368 752 2402 Ex
790 2368 894 2402 divina
926 2368 1125 2402 ordinatione
1153 2367 1246 2402 habet
1277 2368 1489 2415 principatum
1529 2368 1560 2402 in
1591 2368 1733 2403 Ecclesia

283 2417 440 2461 universa7
471 2420 539 2451 126
567 2419 595 2451 b.
624 2417 775 2452 Omnium
798 2417 1012 2451 Ecclesiarum
1041 2429 1150 2451 curare
1177 2416 1271 2450 debet
1298 2417 1587 2462 reintegrationem,
1613 2419 1673 2451 141
1704 2420 1731 2452 Ι).

283 2464 330 2499 De
357 2467 426 2499 eius
454 2467 513 2500 fide
541 2478 686 2512 perverse
721 2466 917 2512 disputantes
946 2467 990 2499 vel
1029 2466 1198 2499 infideliter
1236 2465 1417 2501 dubitantes
1444 2466 1734 2499 excommunican—

282 2522 344 2554 tur,
380 2517 446 2549 147
471 2518 497 2549 b.
523 2515 601 2549 Eius
625 2515 784 2562 privilegia
812 2523 885 2548 sunt
911 2515 1135 2553 conservanda,
1162 2517 1230 2548 148
1257 2516 1286 2556 b,
1314 2523 1344 2548 et
1372 2516 1440 2548 180
1471 2527 1491 2548 α
1525 2522 1556 2548 et
1581 2516 1609 2549 b.
1648 2515 1732 2549 Nihil

282 2564 428 2598 concedit
451 2573 557 2598 contra
587 2572 708 2610 patrum
731 2572 761 2598 et
787 2576 944 2598 canonum
973 2571 1100 2607 statuta,
1127 2566 1197 2597 254
1221 2576 1240 2597 (ι
1276 2563 1354 2598 Eius
1375 2564 1544 2598 auctoritas
1585 2564 1614 2597 in
1650 2564 1734 2597 iudi-

282 2612 392 2646 candis
414 2614 638 2660 episcoporum
654 2613 770 2656 causis7
793 2615 865 2647 285
883 2625 903 2646 a
925 2621 954 2646 et
970 2615 996 2647 b.
1017 2612 1131 2646 Omnia
1153 2612 1190 2646 ad
1214 2624 1285 2646 cum
1309 2612 1478 2646 deferenda
1500 2620 1584 2655 sunt,
1610 2615 1680 2646 287
1703 2616 1731 2647 b.

282 2660 326 2695 Ea
355 2661 533 2696 inconsulta
567 2662 788 2708 episcoporum
828 2674 938 2695 causas
975 2673 1067 2707 agere
1095 2673 1156 2695 uon
1196 2661 1288 2704 licet,
1317 2664 1387 2695 524
1415 2663 1452 2701 b,
1489 2663 1560 2695 ’525
1597 2675 1614 2695 (ι
1647 2671 1673 2694 et
1703 2665 1731 2695 b.

282 2709 401 2745 Probat
429 2718 460 2745 et
487 2711 633 2759 reprobat
654 2724 710 2759 per
736 2711 886 2759 epistolas
907 2710 1104 2755 decretales,
1129 2711 1206 2745 ibid.
1244 2709 1315 2759 Ipsa
1343 2710 1382 2745 de
1408 2710 1559 2745 omnibus
1580 2711 1734 2746 Ecclesiis
