2237 3127
190 284 240 310 An.
259 282 286 310 C.
305 282 370 309 1050

192 404 312 425 l3<t=·‹¹.1:21.i.

190 627 204 647 Γ.
209 634 218 645 n

223 633 248 645 nu
289 622 368 650 abbati,

203 671 205 679 t
231 666 368 680 nivervssurt—

189 676 226 717 ιζ

189 740 242 753 sitim

260 698 369 716 munaste-

267 739 313 751 rum
332 731 368 750 in-

190 768 232 788 sidi
257 769 369 793 Gorgoneo

188 812 209 826 C(

210 804 335 824 affirmatur.

191 1320 261 1342 ,ebt—tas
290 1319 358 1346 eliffcn
366 1331 372 1334 ἡ

191 1356 230 1377 (itis

256 1363 266 1376 a
293 1362 371 1375 111011ἶί-

195 1391 249 1411 eliis.

214 1976 225 1996 l,

223 1904 347 1925 immunitas

221 1940 356 1966 trutinasti-tui,

230 1984 361 2004 minitaturque

368 2024 379 2027 ”
408 2025 511 2057 nullus
537 2035 661 2062 comes,
689 2021 793 2055 nullus
829 2021 1015 2058 vicecomes,
1048 2017 1150 2051 nullus

442 289 514 323 602

974 283 1163 309 BULLARmM
1185 282 1254 304 ROM
1262 281 1277 304 Α
1283 281 1351 304 Nm!

443 349 595 387 Convenit
616 344 788 394 apostolico
818 339 1024 377 moderamini
1054 344 1136 372 recte
1181 348 1310 371 romano
1335 332 1482 381 pontifice
1504 330 1600 365 abbas
1626 329 1723 364 huius
1747 328 1929 364 monasterii

394 401 565 450 petentium
590 395 758 442 adimplere
774 391 975 429 desiderium,
999 397 1028 442 et
1050 386 1138 421 iustis

394 445 674 497 supplicationibus
708 441 858 489 impertiri
886 438 1082 490 suffragium,
1109 442 1139 469 et

395 502 465 547 quia
501 494 661 544 postulasti
688 506 702 526 a
728 491 828 530 nobis,
864 489 905 523 fili
942 487 1137 524 charissime,

396 557 546 595 quatenus
563 542 808 579 concederemus
822 548 850 573 et
866 537 1136 573 confirmaremus,

395 611 448 632 seu
472 595 744 631 corroboraremus
765 589 837 628 tihi,
866 587 989 633 tuisque
1011 595 1138 619 sueces-

395 646 516 680 soribus
544 656 596 689 per
618 640 714 676 nostri
732 637 881 686 privilegii
907 636 1052 683 pagiuam
1069 645 1138 666 mo-

395 695 564 730 nasterium
602 693 631 725 in
671 690 819 723 honorem
859 694 984 720 sanctae
1024 682 1138 716 Mariae

395 744 502 779 Matris
516 741 642 777 Domini
658 738 888 779 dedicatum,et
904 732 1043 768 ininsula
1058 730 1140 765 Gor-

395 806 476 839 gona
493 792 638 840 positum,
654 800 733 835 quae
755 785 854 820 insula
867 812 874 825 ,
896 784 975 818 sicut
997 782 1026 815 in
1042 779 1139 835 sancti

397 843 480 877 Petri
501 838 670 888 privilegiis
684 837 805 882 legitur,
822 834 881 869 sub
895 834 961 867 iure
976 839 1006 865 et
1022 830 1140 884 diti-one

396 900 520 927 sauctae
547 889 653 923 matris
676 894 798 921 nostrae
821 894 967 918 romanae
996 886 1140 914 consistit

396 940 570 978 Ecclesiam
605 938 698 985 igitur
725 933 864 969 inclinati
898 930 1045 979 precibus
1078 928 1140 962 tuis

397 989 599 1026 concedimus
625 995 655 1022 et
681 984 921 1025 confirmamus,
943 992 1000 1016 seu
1028 990 1140 1013 corro-

400 1041 546 1074 boramus
567 1037 620 1072 tibi
645 1036 768 1081 tuisque
797 1033 826 1067 in
856 1039 1040 1077 perpetuum
1068 1039 1141 1081 suc-

398 1088 574 1124 cessoribus
592 1099 646 1134 per
665 1086 757 1120 huius
772 1082 869 1117 nostri
886 1078 1035 1128 privilegii
1052 1090 1140 1131 pagi-

398 1152 468 1173 nam
496 1139 596 1185 ipsum
626 1134 866 1174 monasterium,
888 1142 958 1165 cum
985 1126 1140 1180 praedicta

398 1188 515 1227 insula,
539 1194 570 1221 ut
592 1196 715 1231 semper
733 1184 794 1216 sint
814 1180 1037 1215 monachorum
1053 1176 1143 1210 hahi-

399 1237 516 1276 tacula,
539 1248 577 1269 ne
601 1235 649 1269 liat
684 1233 830 1279 spelunca
863 1231 1029 1267 latronum,
1064 1237 1142 1279 quae

400 1289 487 1333 [u‘itts
509 1286 565 1319 suit
591 1284 704 1319 domus
730 1280 889 1316 orationis.
914 1278 1019 1312 Ablms
1041 1276 1142 1322 siqui—

400 1336 470 1370 dem
499 1336 529 1369 in
551 1333 660 1368 eodem
684 1331 838 1366 coenobio
867 1339 1026 1374 nunquam
1055 1324 1144 1358 ordi—

401 1395 490 1419 netur
504 1396 559 1431 pro
579 1383 688 1429 pretio,
710 1381 764 1415 sed
779 1379 831 1426 qui
855 1377 1026 1413 secundum
1053 1386 1144 1419 regn-

402 1434 461 1468 lam
494 1433 592 1468 sancti
621 1430 783 1465 Benedicti
812 1440 882 1463 cum
912 1428 1038 1461 fratrum
1068 1435 1144 1457 con-

401 1484 472 1517 silio
494 1482 649 1516 invenitur
672 1479 781 1514 melior
803 1479 830 1511 iu
855 1478 921 1522 ipso
943 1473 1142 1509 monasterio:

402 1542 430 1566 et
453 1542 667 1579 quaecumque
696 1541 711 1563 a
731 1528 803 1562 viris
826 1525 978 1572 religiosis
1000 1532 1029 1558 et
1045 1522 1143 1556 Deum

404 1581 584 1615 timent-hus
607 1581 636 1613 in
661 1590 769 1618 usum,
791 1585 821 1611 et
847 1583 1007 1621 sumptum
1037 1584 1145 1605 mona-

403 1631 531 1664 chornm
565 1629 640 1663 inihi
668 1627 734 1662 Deo
768 1625 967 1661 servientium
996 1633 1145 1656 concessa

407 1680 453 1714 vei
486 1680 514 1713 in
543 1686 726 1725 perpetuum
754 1674 953 1710 concedenda
975 1680 1059 1711 sunt,
1082 1672 1145 1704 sire

406 1741 441 1763 ex
466 1729 521 1762 hac
544 1736 628 1774 parte
644 1726 747 1766 maris,
770 1725 833 1759 sire
854 1736 891 1758 ex
914 1723 982 1759 alia,
1000 1722 1147 1768 perhanc

404 1787 540 1811 nostram
559 1775 807 1824 piaeceptionem
830 1783 859 1807 et
878 1772 1145 1807 confirmationem

404 1830 627 1861 conlirmamus
645 1834 673 1859 et
689 1824 926 1858 corroboramus
948 1821 1002 1855 tibi
1024 1820 1147 1866 tuisque

406 1875 644 1910 suecessoribus
684 1874 712 1908 iu
748 1881 944 1920 perpetuum.
968 1871 1149 1903 Statuentes

406 1926 573 1971 apostolica
600 1936 743 1959 censura.
773 1931 803 1955 ut
841 1921 946 1956 nullus
969 1921 1172 1966 imperator-,1

408 1975 512 2008 nullus
538 1987 608 2012 rex,
636 1973 741 2006 nullus
767 1972 845 2015 dux.
874 1971 976 2004 nullus
999 1964 1172 2011 mart-him}

408 2072 567 2113 castaldio,
579 2080 608 2107 et
625 2079 780 2118 praeterea
795 2070 898 2104 nullus
913 2069 1093 2115 episeopus,
1106 2067 1150 2100 rel

409 2126 576 2161 cuiuslibet
610 2125 727 2160 ordinis
753 2136 808 2159 seu
847 2123 1008 2169 dignitatis
1040 2132 1150 2166 magna

410 2190 564 2227 parvaque
599 2190 731 2225 persona
771 2185 878 2212 eontra
916 2177 994 2210 hauc
1030 2184 1152 2209 nostrae

411 2233 650 2280 praeceptionis,
672 2231 896 2270 concessionis,
918 2239 948 2264 et
969 2229 1153 2264 corrobora-

410 2286 504 2320 tionis
521 2287 660 2332 paginam
674 2286 785 2320 audeat
804 2293 989 2331 pertentare.
1006 2283 1067 2324 Qui
1083 2295 1154 2316 rero

341 2360 351 2371 ζ»
372 2364 383 2368 -
411 2339 504 2374 huius
531 2341 624 2374 nostri
661 2339 811 2386 privilegii
839 2338 968 2372 violator
1003 2337 1154 2379 extiterit,

412 2393 617 2427 anathematis
637 2401 667 2426 et
681 2392 1014 2427 excommunicationis
1029 2390 1155 2424 vinculo

413 2448 617 2493 sit‘alligatus,
631 2454 661 2481 et
673 2459 743 2481 cum
758 2446 831 2480 luda
851 2445 1010 2493 proditore
1026 2444 1156 2487 Christi,

415 2500 470 2533 nisi
506 2500 685 2547 resipuerit,
718 2500 756 2533 sit
788 2507 931 2533 aeternae
966 2497 1155 2532 damnationi

415 2553 554 2588 traditus.
570 2554 610 2588 Et
622 2554 673 2601 qui
688 2553 866 2587 observator
881 2551 984 2594 fuerit,
1006 2551 1043 2585 ab
1057 2551 1159 2585 omni-

417 2615 540 2651 potente
566 2607 632 2641 Deo
655 2606 867 2645 benedicatur,
889 2613 919 2639 et
940 2604 1159 2651 spiritualibus

1178 385 1310 431 accipiat
1328 381 1574 418 consecrationis
1590 379 1854 414 benedictionem.

1227 434 1341 468 Datum
1363 435 1403 466 17
1418 430 1541 465 kalend.
1553 429 1733 464 novembris
1748 441 1802 476 per
1818 441 1931 464 manus

1178 483 1319 518 Foderiei
1333 481 1455 516 diaconi
1468 488 1594 514 sanctae
1610 491 1756 513 romanae
1769 478 1931 514 Ecclesiae

1180 531 1408 567 bibliothecarii
1445 538 1473 564 et
1506 528 1682 563 cancellarii
1717 528 1782 562 vice
1809 527 1930 562 domini

1180 581 1363 616 Herimanni
1386 578 1665 621 archicancellarii,
1680 586 1706 612 et
1728 577 1930 613 Coloniensis

1180 630 1428 677 archiepiscopi,
1450 641 1532 663 anno
1554 627 1593 662 D.
1611 627 1728 662 Leonis
1747 626 1792 661 IX
1811 627 1874 661 PP.
1893 640 1930 670 tt,

1181 681 1287 715 indict.
1312 692 1355 713 iv.

1216 738 1276 767 Dat.
1299 736 1345 766 die
1364 736 1401 765 16
1424 734 1553 764 octobris
1577 744 1653 764 anno
1672 733 1789 763 Domini
1808 734 1896 771 1050,

1369 775 1471 814 pontit.
1492 775 1597 804 Leonis
1619 784 1695 804 anno
1714 783 1745 804 11.

1522 876 1592 910 XV.

1185 941 1385 985 Confirmatio
1414 941 1560 974 bonoram
1578 947 1602 972 et
1621 940 1843 984 possessionum
1863 951 1933 972 mo·

1231 992 1358 1024 mosterii
1383 992 1432 1024 Ss.
1462 991 1600 1023 Berlarii
1620 997 1645 1023 ct
1676 990 1803 1022 Alalent'
1829 991 1862 1022 in
1888 1001 1932 1022 co-

1231 1041 1340 1073 mt'talit
1360 1041 1505 1073 Seniensi
1526 1041 1614 1073 erecti
1635 1041 1696 1082 (A).

1452 1099 1664 1131 mutuatum}

1184 1154 1351 1184 Exordium.
1383 1171 1423 1176 —
1452 1154 1659 1183 Monosterium
1689 1152 1878 1183 Ss.Berta1·ii
1906 1157 1935 1184 et

1224 1196 1337 1225 Maleui
1365 1204 1380 1223 a
1401 1194 1552 1232 l'taynartto
1581 1195 1687 1223 comite
1710 1193 1847 1223 Sautensi
1868 1193 1935 1223 fun-

1223 1236 1333 1265 datum.
1353 1251 1393 1257 —
1410 1234 1597 1263 Confirmatio
1616 1233 1806 1263 donationum
1828 1243 1933 1262 mona-

1224 1277 1313 1305 sterio
1345 1275 1380 1304 ah
1414 1274 1516 1303 eodem
1551 1273 1716 1312 liag‘nartlo,
1749 1273 1934 1312 caeterisque

1224 1316 1376 1345 saetarum.
1392 1331 1431 1336 -
1445 1314 1642 1350 interdicitur,
1654 1323 1690 1342 ne
1704 1322 1832 1352 unquam
1851 1313 1934 1343 locus

1225 1357 1277 1384 isto
1296 1366 1309 1385 a
1332 1354 1474 1384 monacali
1495 1354 1592 1391 regula
1620 1354 1781 1383 auferatur.
1809 1370 1849 1374 —
1874 1352 1934 1382 No—

1225 1397 1301 1425 mina
1321 1395 1476 1431 honorum,
1494 1404 1569 1432 quae
1587 1393 1667 1423 dedit
1686 1393 1858 1432 liaynardus
1880 1403 1933 1422 co-

1226 1446 1295 1465 mes.
1325 1452 1364 1457 —
1394 1434 1469 1463 Haec
1498 1434 1621 1463 eeclesia
1650 1433 1685 1462 ab
1709 1433 1811 1462 eodem
1835 1433 1932 1463 Leone

1225 1479 1404 1507 consecrata,
1428 1483 1517 1513 quum
1541 1473 1687 1502 Tutlensis
1710 1474 1870 1511 episeopus
1891 1482 1937 1502 es-

1226 1520 1280 1545 set.
1313 1532 1352 1537 —-
1385 1514 1554 1543 Fontaniaci
1587 1513 1702 1542 castelli
1740 1513 1852 1542 domiui
1885 1522 1936 1551 pro

1227 1560 1355 1594 tempore
1375 1554 1506 1592 perpetui
1537 1553 1708 1582 monasterii
1734 1553 1823 1581 huius
1849 1552 1937 1582 advo-

1226 1596 1279 1624 cati
1305 1595 1533 1623 etiustilnunttu:
1558 1610 1597 1615 —
1618 1592 1648 1622 Si
1676 1593 1773 1631 proles
1789 1592 1937 1631 Raynardi

1226 1635 1374 1666 deiecerit.
1391 1635 1445 1663 loci
1463 1634 1566 1662 haeres
1583 1633 1763 1662 advocatiam
1784 1632 1936 1671 suscipiat3

1226 1685 1276 1713 pro
1295 1684 1351 1713 qua
1372 1673 1513 1702 moniales
1529 1673 1686 1711 quotannis
1706 1682 1824 1701 cereum
1845 1681 1936 1702 unum

1227 1715 1268 1743 illi
1300 1714 1467 1753 persolxete
1495 1713 1524 1742 in
1554 1721 1676 1742 censum
1705 1716 1868 1742 teneantur.
1898 1728 1940 1734 —

1227 1755 1384 1784 Ahbalissa
1405 1754 1540 1790 eligenda
1564 1753 1599 1782 (le
1618 1753 1707 1790 stirpe
1726 1752 1881 1791 Iiaynardi.
1899 1769 1939 1774 —

1227 1795 1256 1823 si
1277 1795 1356 1823 nulla
1386 1798 1538 1830 superstes
1558 1792 1645 1822 suerit
1663 1793 1769 1821 haeres
1792 1791 1938 1830 Raynardi

1228 1835 1332 1863 electio
1355 1834 1390 1863 ad
1413 1833 1583 1862 Tullensem
1607 1833 1779 1871 episcopum
1804 1832 1940 1861 devolva-

1229 1879 1285 1903 tur.
1309 1891 1346 1894 —
1367 1874 1395 1903 Si
1415 1874 1481 1912 quis
1503 1876 1603 1902 contra
1630 1873 1699 1901 haee
1719 1873 1834 1901 decreta
1854 1871 1940 1910 quid-

1229 1924 1315 1952 quam
1345 1913 1510 1949 tentaverit,
1543 1913 1699 1941 advocatus
1727 1921 1824 1949 regem
1855 1911 1940 1941 adeat

1230 1963 1281 1992 pro
1304 1954 1487 1992 reparatione
1506 1952 1672 1981 obtinenda.
1690 1969 1729 1973 —
1748 1952 1777 1981 Si
1797 1960 1865 1980 vero
1883 1951 1938 1980 ad-

1231 1998 1349 2022 vocatus
1369 1993 1531 2022 molestiam
1552 1992 1641 2021 ullam
1662 1991 1840 2021 monasterio
1863 1995 1941 2020 attu-

1231 2033 1306 2069 lerit,
1325 2038 1353 2062 et
1372 2033 1499 2061 monitus
1520 2042 1577 2061 non
1600 2032 1767 2070 resipuerit,
1790 2031 1938 2061 advocatia

1232 2075 1360 2111 privatus
1393 2076 1562 2102 ceriseatur:
1591 2081 1744 2110 novusque
1779 2071 1938 2101 advocatus

1231 2113 1266 2142 ab
1289 2113 1426 2152 episeopo
1449 2112 1584 2150 eligatur.
1605 2128 1644 2133 -
1664 2111 1775 2149 Duplex
1794 2110 1939 2149 privilegii

1233 2154 1321 2181 huius
1339 2153 1495 2191 exemplar.
1508 2169 1548 2173 —
1565 2150 1709 2181 Omnibus
1727 2151 1941 2190 cuiuscumque

1233 2193 1340 2230 gradus
1364 2192 1499 2231 personis
1528 2194 1555 2221 in
1575 2191 1752 2220 contrarium
1779 2190 1940 2230 quidquam

1234 2237 1343 2262 tentare
1359 2232 1544 2262 interdicitur
1559 2231 1613 2260 suh
1629 2231 1822 2260 anathematis
1836 2239 1940 2270 poena.

1194 2290 1241 2317 Leo
1261 2296 1354 2317 servus
1378 2296 1516 2317 servorum
1546 2289 1611 2321 Dei,
1647 2289 1774 2317 ecclesiae
1803 2288 1944 2316 Beatorum

1239 2336 1391 2368 martyrum
1410 2334 1525 2362 Bet-tatii
1546 2336 1574 2362 et
1601 2334 1722 2371 Atatem,
1751 2340 1818 2369 quae
1843 2333 1943 2361 dicitur

1239 2379 1372 2407 Brederici
1390 2379 1466 2411 villa,
1491 2379 1596 2414 positae
1612 2379 1639 2406 in
1660 2379 1789 2406 comitatu
1808 2377 1942 2410 santensi,

1241 2425 1268 2452 et
1287 2431 1334 2459 per
1353 2430 1412 2451 eam
1428 2424 1679 2452 sanctimonialibus
1698 2424 1796 2451 ibidem
1813 2424 1944 2459 perpetuo

1240 2468 1425 2501 famulaturis,
1445 2470 1602 2504 perpetuam
1621 2469 1649 2496 in
1667 2468 1775 2496 Domino
1799 2468 1926 2496 salutem.

1246 2522 1294 2556 Ad
1329 2524 1521 2569 apostolatus
1557 2523 1653 2557 nostri
1692 2535 1799 2557 curam
1833 2522 1945 2570 procul

1198 2572 1294 2606 dubio
1318 2572 1456 2606 creditur
1490 2572 1655 2619 pertinere,
1688 2581 1723 2606 ut
1757 2571 1946 2607 venerabilia

1235 2634 1273 2667 (l)
1291 2634 1328 2659 Ex
1345 2634 1451 2659 Tabulis
1472 2634 1623 2660 monasterii
1644 2634 1722 2659 huius
1740 2633 1823 2659 edidit
1846 2632 1946 2661 Mabill.

416 2659 539 2704 gaudiis
561 2659 724 2707 repleatur.
754 2659 927 2695 Statuimus
948 2659 1061 2704 etlam,
1089 2666 1123 2692 ut
1143 2671 1158 2693 a
1200 2669 1225 2695 in
1242 2669 1394 2704 Appendiee
1411 2670 1505 2696 Annal.
1519 2670 1616 2696 Bened.
1630 2674 1694 2696 tem.
1709 2677 1748 2702 tv,
1765 2677 1840 2695 num.
1857 2676 1922 2696 va.

1959 271 2011 299 An.
2028 271 2058 299 C.
2076 268 2145 301 1050

1959 337 2031 360 Abbas
2057 347 2069 362 a
2097 340 2144 363 Ro-

1958 381 2024 396 mano
2038 375 2146 398 Pontiflce

1959 413 2148 436 cnitsecrntionqm

1959 448 2066 478 accipiat.

1971 2512 2098 2536 Exordium.
