2237 3127
231 334 281 360 An,
304 333 331 361 C.
362 334 413 361 857

225 1253 281 1273 iluna
301 1256 407 1274 monaste-

224 1289 247 1308 τ’
268 1289 288 1308 in
316 1296 406 1316 posses-

223 1324 305 1344 sionem
324 1323 407 1345 abbatis

222 1359 269 1380 sine
315 1359 406 1382 alicuius

224 1394 323 1416 ninlrstin
357 1405 407 1418 ‹nn-

223 1430 345 1453 firmantur.

356 1824 372 1835 iu

222 1856 298 1871 contra·
354 1852 377 1871 liu

223 1887 292 1908 mohs·
302 1892 397 1909 rvnntos.

492 324 562 358 509.

1022 328 1122 350 BELLA
1128 328 1207 349 turn
1231 326 1390 349 ROMAMM

443 388 606 431 videmini,
628 386 717 421 multi
737 397 793 432 per
806 382 1006 419 insolentiam
1022 382 1105 416 illius
1127 388 1186 415 ter·
1227 381 1426 426 imperatore,
1454 380 1634 415 consulatus
1656 381 1722 416 eius
1745 394 1827 417 anno
1850 390 1972 429 octavo,

442 452 492 474 rae
514 438 657 472 homines
679 435 765 469 vobis
787 433 917 468 iniurias
945 433 1131 478 important3
1154 438 1185 465 et
1227 430 1399 464 indictione
1424 432 1468 474 (l)
1492 430 1624 477 septima
1646 432 1703 474 (2).

441 487 608 534 praecipue
635 497 706 520 cum
733 494 879 530 suprema
900 490 983 516 sorte
1010 480 1185 526 funguntur

440 548 545 583 reges,
568 543 596 569 ct
623 534 674 568 alii
703 532 877 568 succedunt
903 532 934 565 in
962 542 1068 577 regno.
1097 529 1184 571 Qua-

439 593 566 633 propter
585 583 722 631 petistiS,
745 590 779 616 ut
801 581 888 616 vobis
909 580 1094 615 donationes
1116 578 1184 613 illas

439 647 546 680 regum
571 646 625 667 seu
649 632 846 680 principum,
868 630 917 665 vel
940 630 1182 675 cuiuscumque,

437 684 488 730 qui
511 683 549 718 ad
574 691 708 717 vestrum
733 680 956 715 monasterium
991 691 1046 726 pro
1077 690 1183 713 amore

436 734 494 769 Dei
517 732 648 772 summi,
671 743 706 766 ac
728 731 926 765 veneratione
952 728 1181 776 praedictorum

434 790 625 830 martyrum,
644 793 697 816 seu
721 792 775 827 pro
798 780 896 814 salute
917 790 988 823 sna,
1010 777 1128 824 aliquid
1151 777 1181 811 in

434 832 484 866 illa
508 841 587 866 terra
609 830 711 876 largiti
734 837 818 871 sunt,
841 828 1034 864 auctoritatis
1057 835 1181 861 nostrae

434 881 546 929 pagina
570 881 776 915 firmaremus.
799 879 921 913 Iustum
944 889 1018 924 ergo
1040 876 1183 912 conside-

433 940 558 973 rantes,
592 929 676 977 quod
714 929 805 963 nobis
839 928 954 963 utiliter
983 926 1180 974 postulatur,

432 981 616 1015 anctoritate
646 978 706 1014 Dei
733 978 833 1013 Patris
855 976 1080 1024 omnipotentis
1108 988 1178 1010 cum

431 1029 524 1070 Filio,
538 1037 567 1065 et
582 1029 701 1076 Spiritu
717 1028 844 1069 Sancto,
859 1035 889 1062 et
911 1026 991 1061 beati
1006 1025 1089 1061 Petri
1107 1037 1180 1060 san-

431 1092 552 1119 ctornm
576 1083 787 1130 apostolorum
817 1081 986 1128 principis,
1009 1080 1098 1115 cuius
1121 1092 1179 1114 nos

432 1138 578 1172 immeriti
594 1137 698 1172 vicarii
711 1136 965 1176 existimus,cum
982 1133 1179 1168 invocatione

431 1192 614 1227 coelestium
632 1192 778 1226 virtutum
793 1189 964 1232 sancimus,
978 1196 1008 1222 et
1021 1188 1179 1222 firmantes

431 1246 630 1287 roboramus,
664 1254 695 1280 ut
730 1243 883 1291 quidquid
920 1243 950 1276 in
982 1242 1068 1277 omni
1097 1249 1176 1276 terra

430 1300 621 1341 Britanniae,
643 1299 689 1334 vel
714 1299 904 1344 ubicumque
926 1297 1021 1331 sivea
1038 1295 1177 1342 regibus,

429 1354 640 1401 principibuS,
662 1366 717 1388 seu
740 1365 755 1387 a
783 1352 922 1400 quolibet
945 1351 1090 1394 homine,
1113 1350 1178 1384 sive

430 1409 460 1443 in
501 1410 608 1449 terris,
636 1408 700 1443 sive
734 1408 764 1441 in
798 1407 906 1453 aquis,
939 1404 1177 1451 qualiscumque

431 1463 471 1497 sit
492 1462 544 1496 illa
571 1461 745 1509 possessio,
777 1472 857 1507 quae
884 1459 922 1494 ad
951 1458 1176 1493 monasterium

430 1516 480 1551 Ss.
506 1525 674 1564 martyrum
690 1515 852 1562 Dionysii,
874 1513 1056 1557 Rustici,ct
1078 1513 1177 1547 Eleu-

430 1570 520 1605 therii
549 1570 658 1604 tradita
686 1577 747 1613 est,
782 1569 899 1616 absque
937 1567 1114 1609 invasione,
1147 1575 1177 1601 et

431 1624 576 1659 violentia
603 1634 874 1671 quorumcumque
907 1621 1091 1661 homiuum,
1117 1620 1176 1655 sub

430 1685 580 1724 potestate
595 1678 729 1718 abbatis,
748 1686 778 1712 et
806 1676 982 1724 provisione
1004 1674 1177 1710 monacho-

429 1745 498 1766 sum
531 1732 671 1767 eiusdem
708 1731 888 1766 monasterii
920 1730 950 1764 in
987 1737 1175 1776 perpetuum

433 1796 617 1832 perseveret.
635 1786 727 1828 Quod
743 1786 767 1820 si
786 1785 897 1832 aliquis
914 1785 973 1818 hoc
994 1783 1175 1829 infringere,

382 1859 405 1872 »t—
431 1841 475 1875 vel
492 1852 546 1887 per
560 1841 657 1875 alium
670 1841 806 1888 aliquem
830 1839 960 1874 voluerit
982 1838 1176 1873 auctoritatis

432 1902 554 1928 nostrae
578 1894 788 1941 privilegium,
811 1894 887 1928 sciat
919 1905 953 1928 se
979 1893 1176 1927 anathemate

432 1948 597 1983 insolubile
624 1949 824 1993 damnatum,
846 1956 876 1983 et
897 1960 913 1982 a
936 1959 1033 1993 regno
1060 1946 1174 1981 Christi

430 2002 585 2044 alienum,
607 2011 637 2037 et
658 2015 729 2038 cum
748 2002 853 2050 impiis
875 2002 1009 2037 aeternis
1023 2001 1177 2036 incendiis

431 2055 664 2102 deputandum,
689 2057 746 2091 nisi
769 2056 955 2103 resipuerit,
977 2064 1005 2090 et
1028 2055 1064 2090 ad
1084 2054 1177 2089 satis-

432 2110 598 2145 factionem
631 2123 801 2158 congruam
826 2110 954 2145 venerit.
977 2109 1040 2152 Qui
1072 2116 1176 2144 autem

433 2164 488 2198 ista
510 2165 749 2205 conservaverit,
767 2165 904 2205 auxerit,
927 2164 1100 2207 adiuverit,
1123 2163 1178 2198 be-

388 2239 391 2243 ·
433 2217 642 2254 nedictionem
677 2219 827 2266 percipiat
858 2231 873 2253 a
899 2218 937 2252 D.
966 2218 1002 2252 N.
1031 2218 1053 2252 Ι.
1083 2218 1118 2253 C.
1147 2218 1177 2252 in

432 2272 554 2306 saecula
576 2273 782 2307 sacculorum.
815 2273 928 2307 Amen.
956 2273 1043 2307 Beue
1066 2272 1175 2307 valete.

432 2329 591 2375 Scriptum
606 2339 660 2374 per
674 2339 802 2362 manum
821 2327 977 2362 Theodori
1001 2327 1110 2361 notarii
1133 2338 1180 2360 re-

432 2381 564 2429 gionarii
602 2390 728 2416 sanctae
763 2394 909 2416 romanae
951 2381 1111 2415 Ecclesiae
1148 2381 1178 2414 in

434 2448 541 2472 mense
557 2436 650 2475 maio,
662 2435 831 2470 indictione
847 2438 891 2479 (1)
907 2435 1048 2481 septima.
1065 2434 1178 2468 Datum

435 2503 490 2537 per
520 2502 646 2524 manum
669 2488 792 2536 Megisti
815 2489 974 2535 episcopi,
997 2496 1027 2522 et
1059 2488 1181 2522 biblio—

436 2543 561 2579 thecarii
583 2551 709 2578 sanctae
732 2542 920 2589 apostolicae
941 2541 1048 2585 sedis,
1070 2541 1180 2588 quinto

436 2598 506 2632 idus
527 2598 611 2641 maii,
623 2597 794 2644 imperante
809 2596 937 2628 domino
958 2595 1099 2641 piiszimo
1115 2607 1182 2651 per-

437 2660 531 2701 petuo
557 2651 700 2697 Augusto
732 2661 749 2684 a
785 2652 852 2684 Deo
884 2656 1032 2684 coronato
1066 2648 1182 2695 Magno

473 2722 512 2758 (t)
528 2722 594 2758 Lege
610 2724 712 2756 quinta.

1304 487 1365 517 Dat.
1384 487 1431 517 die
1450 488 1482 516 tt
1509 487 1579 517 maii
1596 497 1672 517 anno
1690 487 1805 518 Domini
1827 489 1894 527 857,

1394 531 1495 571 pontif.
1514 531 1664 562 Benedicti
1681 542 1757 563 anno
1776 542 1804 563 11.

1572 671 1625 706 IV.

1225 743 1429 787 Priviteyinm
1457 743 1747 784 Interanmensibus,
1774 756 1834 788 quo
1867 745 1976 778 eisdem

1333 793 1412 826 bona
1432 794 1536 826 omnia
1557 794 1782 838 confirmantur
1806 796 1861 837 (5).

1489 862 1703 893 SUMMARIUM

1222 924 1410 955 Prooemium.
1441 942 1481 947 —
1511 925 1674 965 Descriptio
1707 925 1809 955 finium
1828 926 1985 956 Interam-.

1262 965 1363 994 nensis
1379 965 1510 995 dominii.
1525 965 1628 994 —Cur
1639 965 1815 995 Benedictus
1828 966 1883 996 PP.
1896 971 1974 996 tanta

1261 1004 1531 1035 litteramnensibus
1560 1006 1718 1035 donaverit.
1742 1022 1782 1027 —
1805 1006 1974 1045 Spiritualis

1261 1049 1289 1074 et
1316 1045 1485 1084 temporalis
1505 1055 1594 1083 poena
1618 1050 1718 1074 contra
1748 1045 1971 1076 inobservantes

1261 1094 1335 1122 qnae
1355 1085 1408 1114 hoc
1436 1085 1466 1114 in
1493 1085 1651 1124 diplomate
1679 1086 1908 1115 constituuntur.
1935 1103 1975 1108 —

1261 1124 1501 1164 Subscriptioncs
1520 1125 1649 1155 testium.

1220 1191 1249 1218 ln
1269 1191 1374 1219 nomine
1398 1190 1500 1219 Domini
1534 1192 1562 1220 et
1591 1191 1741 1220 salvatoris
1761 1191 1781 1219 1.
1804 1190 1832 1220 c.
1852 1198 1922 1220 anno
1941 1192 1974 1220 ab

1264 1236 1451 1264 incarnatione
1471 1236 1590 1264 eiusdem
1608 1236 1637 1264 D.
1658 1236 1687 1264 tt.
1706 1236 1728 1264 1.
1748 1236 1776 1264 C.
1799 1236 1976 1269 857,mense

1265 1280 1340 1313 maii,
1357 1281 1452 1309 indict.
1476 1281 1491 1309 6
1515 1279 1569 1319 (4).

1268 1352 1443 1387 Honestum
1467 1352 1571 1392 nimis,
1593 1360 1625 1387 et
1646 1353 1860 1387 necessarium
1883 1353 1974 1388 vide-

1220 1410 1271 1436 tur
1292 1414 1360 1437 esse
1383 1403 1611 1448 negocium.....
1635 1403 1761 1449 assequi
1776 1403 1901 1437 servitia
1916 1415 1973 1450 pro

1220 1452 1472 1486 remuneratione
1499 1452 1547 1486 sni
1571 1451 1698 1496 laboris,
1721 1464 1760 1486 ex
1787 1452 1903 1487 nostris
1924 1464 1975 1487 re-

1220 1501 1279 1535 hus
1301 1514 1335 1535 ac
1359 1501 1494 1548 publicis
1515 1501 1618 1535 causis
1640 1502 1686 1536 eis
1707 1501 1926 1541 concedimus,
1945 1510 1976 1537 et

1220 1551 1449 1585 condonamus.
1488 1550 1641 1585 Divinum
1678 1563 1815 1598 namque
1843 1563 1974 1598 praece-

1220 1608 1308 1646 ptum
1324 1608 1382 1644 cst,
1412 1608 1444 1634 ut
1466 1608 1616 1647 sequatur
1639 1608 1707 1635 vota
1731 1600 1885 1644 fidelium,
1900 1601 1974 1635 sru—

1219 1658 1303 1683 ctum
1332 1658 1436 1684 tamen
1464 1649 1607 1684 laborum
1632 1662 1667 1684 ac
1696 1650 1889 1696 praemium,
1911 1662 1974 1697 qna

1217 1699 1407 1733 authoritate
1430 1699 1557 1733 Domini
1573 1699 1671 1733 nostri
1687 1699 1755 1733 Iesu
1770 1699 1888 1733 Christi
1902 1699 1974 1734 Sal-

1220 1748 1335 1782 vatoris
1356 1756 1450 1794 atque
1476 1748 1512 1782 B.
1542 1748 1658 1783 Mariae
1677 1760 1803 1795 semper
1829 1748 1971 1795 virginis,

1219 1805 1465 1844 sanctorumque
1488 1798 1702 1844 apostolorum
1721 1797 1873 1845 principis
1889 1798 1973 1833 Petri

1219 1856 1249 1881 et
1273 1847 1380 1891 Pauli,
1415 1847 1622 1895 omniumque
1648 1847 1742 1881 simul
1778 1854 1973 1892 sanctorum,

1255 1917 1293 1952 (t)
1312 1918 1378 1952 Lege
1394 1920 1498 1950 quitum
1519 1921 1545 1944 et
1565 1918 1667 1944 Labeus
1683 1920 1754 1944 recte
1776 1917 1901 1944 observat
1917 1917 1975 1944 loco

1220 1959 1362 1983 indiction(-
1373 1960 1483 1989 septima
1495 1958 1633 1992 legendum
1646 1966 1703 1985 esse
1714 1960 1858 1983 indictione
1868 1960 1973 1990 quinta:

1220 1997 1266 2024 sed
1284 2006 1330 2023 nec
1349 1998 1414 2032 ipse,
1434 2005 1480 2023 nec
1496 1997 1565 2024 ullus
1580 1998 1646 2024 alius
1669 1998 1857 2024 animadvertit
1875 2005 1974 2024 annum

1220 2039 1373 2064 consulatus
1395 2038 1523 2064 Ludovici
1541 2038 1563 2064 lt
1586 2039 1699 2072 Augusti
1719 2038 1844 2065 mendose
1862 2038 1938 2064 etiam
1959 2045 1974 2064 a

1220 2077 1325 2104 librario
1342 2077 1504 2111 descriptum
1522 2077 1612 2110 suisse3
1624 2078 1686 2112 quia
1700 2078 1798 2105 scilicet
1823 2078 1974 2104 consulatus

1221 2118 1342 2152 perpetui
1360 2125 1453 2151 parum
1472 2116 1598 2143 hactenus
1612 2117 1683 2144 suere
1694 2118 1801 2152 cogniti.
1815 2117 1902 2151 Quare
1912 2126 1973 2144 cum

1220 2158 1372 2184 Ludovicus
1388 2165 1449 2183 ann.
1468 2158 1530 2188 850,
1543 2165 1632 2183 mense
1642 2157 1785 2190 decembri,
1798 2158 1937 2192 imperium
1947 2161 1974 2184 et

1220 2198 1387 2224 consulatum
1405 2205 1457 2223 nno
1473 2197 1620 2231 codemque
1636 2197 1688 2228 die,
1709 2201 1739 2223 ut
1758 2197 1838 2224 moris
1848 2200 1915 2229 erat,
1926 2205 1973 2224 su-

1221 2238 1343 2272 sceperit,
1361 2241 1384 2263 et
1398 2236 1554 2263 Benedictus
1566 2237 1599 2263 ttt
1611 2244 1680 2263 anno
1690 2237 1812 2271 sequenti
1827 2240 1888 2263 ante
1899 2244 1974 2263 men-

1221 2286 1275 2305 sem
1292 2279 1390 2304 maium
1407 2277 1513 2308 obierit,
1526 2277 1588 2304 hacc
1604 2277 1714 2312 epistola
1725 2277 1810 2304 serius
1820 2284 1900 2312 quam
1910 2284 1974 2303 cur-

1222 2319 1288 2345 renti
1305 2326 1372 2344 anno
1393 2317 1483 2343 indict.
1503 2326 1519 2342 v
1536 2322 1560 2343 et
1578 2317 1715 2344 consulatu
1743 2325 1782 2344 vit
1807 2317 1934 2344 Ludovici
1951 2317 1973 2343 lt

1224 2359 1289 2392 Aug.
1313 2362 1403 2384 notato
1420 2357 1475 2383 dari
1497 2365 1549 2383 non
1565 2358 1659 2392 potuit.
1683 2357 1776 2391 Pagius
1791 2356 1824 2383 ad
1843 2364 1908 2382 ann.
1924 2356 1972 2383 Ch.

1222 2398 1283 2429 8:57,
1306 2406 1331 2423 n.
1349 2398 1374 2423 S.
1414 2397 1452 2431 (2)
1479 2396 1637 2423 Huiusmodi
1660 2397 1796 2431 privilegia
1822 2397 1877 2431 lege
1895 2404 1974 2431 supe-

1223 2438 1277 2464 rius
1294 2438 1318 2463 in
1338 2437 1471 2471 Stephano
1488 2437 1520 2468 ΙΙ,
1538 2437 1649 2463 Constit.
1667 2445 1694 2469 v,
1716 2439 1847 2470 Quoniam
1857 2445 1970 2469 semper,

1222 2481 1285 2509 etc„
1302 2477 1356 2503 dat.
1374 2484 1442 2503 anno
1459 2477 1520 2508 757,
1534 2476 1646 2503 Constit.
1663 2484 1701 2508 vi,
1720 2478 1790 2502 Cura
1808 2478 1892 2508 nobis,
1909 2479 1972 2509 etc.,

1223 2519 1276 2544 dat.
1295 2525 1363 2543 anno
1380 2517 1491 2544 sortasse
1507 2518 1614 2544 eodem:
1633 2520 1658 2543 et
1679 2517 1705 2542 in
1729 2516 1861 2543 Hadriano
1882 2516 1929 2542 PP.
1951 2516 1972 2548 l,

1223 2557 1334 2585 Constit.
1354 2558 1420 2582 Tam
1439 2566 1555 2583 summae
1576 2558 1740 2589 apostoticae,
1751 2560 1801 2583 etc.
1813 2577 1820 2589 ,
1833 2556 1888 2583 dat.
1905 2564 1974 2583 anno

1223 2598 1283 2625 786.
1323 2597 1361 2632 (5)
1382 2598 1420 2623 Ex
1438 2598 1546 2624 Archiv.
1565 2597 1756 2624 Interamnensi
1776 2596 1972 2631 ediditUghell.

1226 2639 1281 2665 [tal.
1299 2639 1357 2665 Sac.
1380 2642 1444 2664 tom.
1466 2646 1484 2670 t,
1511 2641 1537 2664 et
1556 2638 1684 2671 scriptum
1710 2636 1758 2662 suit
1782 2644 1873 2663 mense
1893 2636 1973 2667 maio,

1224 2688 1292 2706 anno
1304 2678 1406 2705 Domini
1417 2679 1478 2709 857,
1492 2677 1582 2712 pontif.
1596 2676 1692 2704 Bened.
1705 2684 1775 2704 anno
1791 2684 1820 2703 ιι.
1854 2675 1893 2712 (lt)
1905 2675 1973 2711 Lege

1226 2729 1253 2753 v,
1273 2719 1308 2746 ob
1323 2726 1403 2754 supra
1419 2718 1524 2744 allatuin
1536 2717 1673 2745 rationein.

2006 330 2055 355 An.
2089 329 2116 356 C.
2138 330 2188 357 857

2033 1366 2173 1388 Pron-minui.
