2237 3127
204 272 255 298 An.
272 270 300 298 C.
319 270 385 299 1οἰ19

204 387 344 409 rrooemium.

200 976 316 998 Decretum
338 981 378 1004 pro

194 1011 295 1034 libertate
358 1011 379 1031 ct

197 1047 289 1078 pacifica
324 1052 378 1075 pos-

195 1083 294 1106 sessione
303 1082 378 1104 huius·-

195 1118 253 1142 modi
262 1118 376 1140 bonorum.

215 2006 375 2037 Archipresby-

192 2044 226 2063 ter
252 2045 274 2064 et
303 2043 376 2065 archi-

194 2078 300 2100 diaconus
363 2086 375 2101 u

193 2114 291 2144 capitulo
328 2114 372 2137 eli-

194 2149 284 2178 gendos:

194 2338 233 2366 Qui
252 2341 321 2361 tamen
349 2340 376 2364 <te

194 2373 257 2396 bonis
280 2377 374 2398 renoni-

197 2418 234 2432 ωε
251 2411 309 2433 nullo
328 2420 376 2434 mo-

195 2445 222 2466 do
238 2453 261 2468 ex
278 2455 300 2468 se
324 2448 374 2469 ‹tis-

195 2488 275 2510 ponere
317 2491 375 2512 pns-

194 2520 246 2538 sint.

196 2578 239 2599 Hos
281 2587 299 2601 s:
334 2588 375 2602 nno

197 2615 288 2643 tempori
320 2617 375 2638 mori

196 2652 314 2682 contigerit
350 2654 376 2675 ad

467 268 537 302 58⁶2

1003 275 1139 299 BULLAR!
1145 276 1192 298 tm
1218 275 1382 298 ROMANUM

468 330 621 366 Convenit
661 330 834 376 apostolico
868 330 1073 364 moderamini
1110 330 1159 376 pia
1201 331 1303 375 posito
1327 329 1384 364 frui
1412 329 1515 364 officio
1543 330 1668 365 illorum
1693 330 1952 374 deinvestituris‚

418 380 565 426 religione
581 380 768 424 pollentibus
782 380 931 415 benevola
942 380 1158 424 compassione

416 441 597 463 succurrere
617 438 646 463 ct
684 430 855 473 petentium
883 429 1048 463 desideriis
1074 442 1158 464 con-

414 490 524 523 gruum
549 477 699 523 impertiri
735 478 930 516 sintina-ium.
959 479 1158 525 Quapropter

413 539 450 560 ex
473 534 557 569 parte
580 527 803 573 omnipotentis
831 528 885 562 Dei
908 528 1010 562 Patris
1032 537 1060 562 ct
1084 529 1154 563 Filii

412 584 441 609 et
467 575 602 619 Spiritus
627 576 744 615 Sancti,
776 585 803 611 et
833 577 868 611 Β,
895 578 1010 612 Mariae
1032 591 1157 624 semper

410 624 558 664 Virginis,
582 625 805 673 beabit-umque
827 627 1039 672 apostolorum
1074 628 1154 662 Petri

410 682 440 707 ct
463 673 564 713 Pauli,
587 682 843 721 caeterornmtple
866 685 1056 715 sanctorum,
1081 690 1156 723 quo-

409 735 478 756 rum
503 723 628 757 nomina
654 724 683 758 in
708 724 785 760 libro
808 726 888 760 vitae.
903 726 1054 772 adscripta
1070 735 1153 764 sunt,

408 783 532 806 necnon
549 784 587 806 ex
603 774 783 808 auctoritate
799 783 979 810 sanctorum
997 788 1153 811 canonum

408 820 555 855 omnibus
583 823 777 867 patriarchis,
813 825 1070 872 archiepiscopis,
1088 827 1154 871 epi—

408 870 521 917 scopis,
536 870 682 912 ducibus,
698 873 941 915 marchionibus,
971 875 1151 917 comitibus,

407 931 461 953 seu
485 921 624 959 cunctis,
648 923 768 965 maguis
805 924 968 970 parvisque
1010 926 1153 970 personis

408 968 627 1015 praecipimus,
652 979 683 1004 ut
702 980 818 1006 vestras
835 986 983 1019 personas
996 987 1049 1008 scu
1069 988 1154 1020 prae-

407 1017 470 1062 dia,
489 1030 523 1052 ac
545 1018 707 1060 beneficia,
735 1034 925 1068 omnemque
947 1032 1080 1058 vestram
1098 1025 1152 1058 iu-

407 1075 484 1101 stam
515 1069 742 1114 possessionem
760 1078 787 1105 et
816 1072 1030 1107 investituram
1055 1074 1152 1109 bene-

407 1115 549 1151 ficiorum
568 1118 742 1163 praedictae
756 1122 1038 1165 canonicamquam
1054 1137 1151 1170 nsque

407 1178 491 1200 nuuc
514 1168 668 1206 tenuistis,
693 1170 767 1203 nulli
790 1171 879 1205 liccat
902 1172 1035 1211 laedere,
1058 1173 1150 1207 dive-

406 1216 490 1255 stire,
519 1216 703 1262 inquietare,
731 1220 1052 1256 velinvestituramex
1070 1223 1150 1257 illius

405 1264 551 1299 manibus
583 1267 723 1313 accipiat.
760 1270 911 1305 Similiter
939 1272 1150 1316 praecipimus

407 1312 447 1347 de
470 1314 618 1349 omnibus
641 1316 733 1351 robus
759 1328 877 1354 vestrae
894 1322 1062 1356 canonicae
1086 1329 1147 1357 tam

406 1361 444 1396 de
479 1364 586 1403 curtis,
614 1377 768 1413 quamquo
804 1377 833 1403 et
860 1369 898 1404 de
924 1371 1070 1410 castellis,
1094 1384 1147 1406 seu

406 1411 498 1456 villis,
524 1414 737 1456 xenodochiis,
772 1417 894 1458 sttctitis,
914 1420 1085 1462 incensitis,
1109 1422 1149 1456 li-

405 1460 554 1502 hellariiS,
569 1462 710 1507 decimis,
733 1468 829 1502 servis
851 1476 880 1503 et
898 1469 1031 1509 ancillis,
1047 1471 1147 1510 terris,

405 1511 515 1552 vineis,
539 1513 643 1558 pratis,
665 1515 813 1561 salicetis⁷
845 1518 1016 1557 montibus,
1041 1520 1148 1566 plani—

406 1559 474 1602 ciis,
502 1569 559 1595 tam
584 1561 660 1596 iufra
688 1564 839 1600 civitatem
864 1581 957 1614 quam
986 1577 1069 1603 extra
1097 1571 1146 1604 ci-

407 1609 543 1649 vitatem,
566 1623 644 1657 qnae
670 1626 684 1646 a
714 1615 858 1650 fidelihus
882 1617 968 1652 vobis
989 1626 1060 1653 suut
1076 1620 1146 1654 col-

407 1657 495 1699 latae,
518 1660 563 1693 vel
587 1660 712 1702 suerint,
734 1672 769 1698 ut
797 1665 879 1700 nulla
902 1679 1013 1713 magna
1042 1681 1147 1713 parva-

406 1719 468 1753 que
504 1720 635 1754 persona
668 1724 700 1745 se
734 1713 930 1750 intromittat:
970 1717 1022 1750 sed
1056 1718 1147 1754 liceat

405 1756 492 1791 vobis
513 1758 619 1804 quieto
643 1772 694 1795 eas
721 1771 825 1798 tenere
851 1765 961 1800 ordine
989 1767 1066 1801 sicut
1092 1781 1147 1813 per

405 1807 580 1841 mercedem
603 1821 742 1845 meorum
779 1822 1010 1850 antecessorum
1042 1818 1146 1861 ponti-

407 1854 511 1899 ficum,
539 1869 592 1891 scu
629 1858 848 1906 imperatorum
876 1872 906 1899 et
939 1878 1047 1907 regrum
1072 1867 1147 1902 hac-

406 1911 496 1939 tenus
509 1907 665 1951 tenuistis,
679 1921 715 1944 eo
738 1912 882 1947 videlicet
903 1914 1024 1958 ordine,
1046 1917 1144 1963 quiin

405 1962 574 1989 vestrarum
589 1956 796 1995 chartularum
814 1963 934 2008 paginis
956 1966 1144 2000 continetur.

405 2002 442 2036 Et
470 2003 508 2037 de
530 2005 614 2040 nulla
641 2007 698 2042 alia
725 2009 866 2045 Ecclesia
901 2025 996 2059 super
1022 2028 1075 2050 vos
1097 2028 1146 2049 ar-

405 2051 683 2100 chipresbyterum,
708 2060 752 2093 vel
776 2061 1026 2098 archidiaconum
1055 2077 1146 2111 prae.-

405 2100 529 2142 seratur,
544 2103 590 2137 vel
613 2105 725 2152 aliquis
747 2121 783 2143 ex
805 2109 887 2145 clero
906 2112 972 2146 sine
994 2113 1146 2150 electione

406 2160 587 2186 cunctorum
615 2153 742 2190 fratrum
770 2167 888 2194 vestrae
916 2162 1072 2198 societatis
1093 2177 1146 2198 or-

406 2198 540 2235 dinetur.
563 2202 653 2243 Quod
677 2205 716 2239 ob
736 2206 796 2241 hoc
832 2208 920 2253 dico,
955 2212 1025 2258 quia
1053 2225 1146 2258 spero

406 2257 536 2283 vestram
572 2251 741 2289 Ecclesiam
785 2269 942 2304 nunquam
978 2262 1142 2297 carituram

406 2297 538 2338 clericis,
560 2301 612 2346 qui
640 2302 677 2335 ad
712 2304 768 2338 hos
794 2306 928 2343 honores
950 2309 1012 2343 sint
1042 2312 1143 2346 utiles.

406 2346 438 2380 Si
463 2360 533 2382 vero
563 2351 811 2401 archipresbyter
843 2363 873 2390 et
907 2358 1146 2396 archidiaconus

406 2395 444 2430 de
469 2399 653 2444 supradictis
674 2401 830 2437 Ecclesiae
845 2405 936 2441 bouis
950 2408 1017 2442 sinc
1033 2410 1147 2444 voluu-

407 2452 466 2480 tate
488 2455 517 2480 et
543 2448 717 2485 laudatione
740 2452 866 2488 fratrum
898 2456 972 2491 dare
1005 2465 1147 2505 tempta-

407 2496 516 2539 verint,
538 2498 718 2534 omnimodo
753 2501 966 2540 interdicimus
988 2519 1026 2540 ne
1054 2520 1146 2543 svau-

407 2543 509 2578 dalutn
540 2546 570 2580 in
594 2547 731 2583 Ecclesia
761 2551 821 2586 siat.
857 2553 890 2587 Si
914 2563 1034 2595 autem,
1061 2558 1144 2603 {prod

408 2592 502 2635 absit,
540 2597 804 2646 archipracsbyter
845 2611 873 2636 et
911 2605 1147 2641 archidiaconus

408 2654 471 2678 uno
492 2651 628 2692 tempore
648 2649 763 2683 mortui
786 2649 912 2698 suerint,
938 2653 1028 2690 liceat
1055 2669 1147 2704 prae-

1199 379 1298 413 ‹lonec
1333 379 1584 425 archipresbyter
1627 381 1671 415 vel
1710 381 1951 418 archidiaconus

1198 429 1359 463 ordinatus
1382 428 1484 462 fuerit.
1510 429 1543 462 Si
1572 430 1656 464 enim
1683 429 1722 464 ab
1757 430 1860 478 aliquo
1891 432 1951 467 ali-

1198 478 1271 524 quid
1295 478 1486 513 inventionis
1507 479 1658 525 scriptum
1684 488 1840 525 repertum
1857 480 1950 517 fuerit

1197 528 1234 562 ad
1270 527 1495 562 destruendam
1532 528 1750 563 rectitudinem
1786 530 1948 572 ordinum,

1197 585 1248 611 aut
1269 577 1493 612 haereditatem
1517 587 1659 619 vestram,
1684 578 1731 613 vel
1745 591 1780 613 ea
1795 591 1875 626 quae
1889 593 1948 615 su-

1198 639 1250 671 pra
1273 627 1429 667 diximum
1453 627 1681 674 praecipimus,
1705 635 1738 662 ut
1760 629 1946 665 omnimodo

1196 676 1376 711 destruatur
1412 684 1443 711 et
1474 689 1646 723 numquam
1681 686 1871 722 compareat.
1906 678 1939 714 Si

1198 738 1279 767 vero,
1301 726 1385 773 quod
1417 726 1508 769 absit,
1536 726 1647 773 aliquis
1668 735 1776 762 contra
1804 727 1864 762 hoc
1888 740 1947 764 no—

1196 783 1275 809 strae
1297 776 1492 811 auctoritatis
1515 776 1664 822 scriptum
1693 788 1784 821 agere
1807 784 1945 824 tempta-

1197 825 1282 863 verit,
1313 826 1358 860 rel
1386 838 1440 860 vos
1461 826 1491 860 in
1520 826 1580 870 his⁷
1602 838 1682 872 quae
1697 826 1945 873 supradiximus,

1195 874 1370 915 offenderit,
1404 875 1429 909 si
1453 875 1529 909 infra
1556 887 1675 909 annum
1703 887 1764 910 non
1789 876 1944 912 emenda-

1196 924 1283 964 verit,
1306 924 1388 959 illius
1411 925 1518 959 irritus
1556 926 1605 959 [iat
1627 933 1759 959 conatus
1786 935 1816 960 et
1852 925 1939 961 illum

1195 974 1295 1008 vivum
1325 982 1404 1009 terra
1427 975 1570 1019 diglutiat
1591 974 1671 1009 sicut
1687 973 1806 1009 Dathau
1824 982 1855 1010 et
1870 974 1946 1010 Abi-

1194 1036 1248 1057 ron
1279 1024 1307 1057 in
1337 1023 1490 1058 seditione
1517 1023 1652 1068 Chol-ae,
1679 1023 1765 1071 lepra
1800 1023 1942 1060 Naaman

1192 1072 1260 1118 Syri
1294 1086 1389 1118 super
1422 1086 1493 1108 eum
1528 1073 1648 1113 veniat:
1685 1081 1714 1107 et
1750 1073 1942 1116 maledictio,

1192 1135 1272 1168 quae
1295 1122 1351 1157 fuit
1367 1123 1436 1158 data
1451 1123 1480 1157 iu
1498 1131 1602 1157 monte
1615 1123 1706 1163 Ebat,
1723 1131 1753 1158 et
1772 1124 1940 1159 anathema

1192 1173 1383 1215 maranatha,
1405 1182 1433 1207 et
1457 1185 1568 1206 omnes
1592 1173 1661 1206 illae
1685 1173 1793 1218 plagae
1815 1182 1846 1208 et
1873 1186 1941 1208 ma-

1192 1222 1386 1261 ledictiones,
1421 1222 1537 1269 quibus
1574 1222 1661 1256 Deus
1690 1221 1884 1258 Pharaonem
1910 1230 1942 1258 et

1193 1271 1364 1317 ,Egyptnm
1390 1272 1553 1318 percussit,
1576 1280 1606 1305 ct
1627 1279 1791 1318 quaesunt
1806 1272 1941 1319 scriptae

1192 1320 1220 1354 in
1250 1322 1390 1367 quinquo
1411 1321 1500 1355 libris
1521 1320 1650 1368 Moysis,
1672 1329 1702 1355 et
1723 1321 1820 1356 Iudae
1843 1322 1941 1357 tradi-

1191 1370 1247 1404 tori
1277 1371 1437 1411 sociatus,
1473 1383 1543 1406 cum
1584 1371 1704 1405 Ananitt
1738 1379 1768 1405 et
1803 1370 1939 1419 Saphira

1191 1432 1322 1465 poenam
1342 1420 1405 1455 luat
1431 1428 1602 1458 aeternam,
1625 1427 1656 1454 et
1678 1428 1785 1455 nostro
1804 1433 1859 1456 seu
1882 1434 1942 1457 no-

1190 1477 1325 1503 strorum
1349 1482 1566 1504 successorum
1590 1469 1750 1505 subiaceat
1777 1470 1904 1507 iudicio.

1239 1518 1307 1553 Dat.
1349 1532 1422 1554 non.
1463 1519 1535 1553 maii
1570 1519 1689 1553 mensis
1726 1532 1782 1566 per
1814 1532 1940 1556 manum

1188 1567 1272 1602 Petri
1292 1569 1427 1609 diaconi,
1456 1568 1684 1603 bibliothecarii
1712 1577 1742 1604 et.
1764 1570 1942 1606 cancellarii

1189 1626 1311 1652 sanetae
1339 1618 1529 1662 apostolicae
1551 1618 1636 1653 sedis
1658 1631 1741 1654 anno
1767 1618 1806 1653 D.
1823 1619 1942 1657 Leonis

1190 1680 1286 1714 papae.
1314 1680 1336 1710 t,
1359 1668 1467 1702 indict.
1491 1680 1528 1702 Π.

1259 1724 1321 1754 Dat.
1341 1725 1387 1755 die
1411 1725 1425 1754 7
1450 1725 1507 1754 mai
1530 1734 1605 1754 anuo
1627 1725 1743 1755 Domini
1762 1726 1850 1765 1049,

1382 1764 1486 1804 pontis.
1506 1764 1611 1794 Leonis
1630 1775 1705 1795 anuo
1728 1775 1746 1796 1.

1538 1884 1592 1920 IV.

1189 1955 1388 1999 Confirmatio
1410 1958 1559 1991 bonorum
1580 1964 1606 1991 ec
1630 1959 1866 2004 privileqiorum
1878 1972 1938 1995 om-

1235 2007 1318 2037 ns‘emn
1344 2008 1385 2038 1νῖ
1408 2006 1833 2043 (vinnai-ensemonasteriam
1844 2022 1938 2054 spec-

1236 2056 1377 2095 (antimo,
1405 2057 1488 2099 qnod
1517 2058 1612 2090 solius
1642 2059 1829 2102 apostolicae
1856 2060 1936 2094 sedis

1235 2104 1300 2136 iuri
1323 2106 1489 2139 subiectum
1510 2108 1685 2141 declaratur
1708 2110 1770 2151 (A).

1455 2179 1671 2211 SUMMARIUM

1187 2239 1373 2269 Prooemium.
1394 2257 1434 2263 —
1454 2240 1531 2271 Bona
1555 2243 1652 2273 onmia
1679 2243 1715 2273 ad
1743 2243 1939 2277 Ctuniacense

1227 2289 1292 2308 mon
1316 2281 1437 2310 sterium
1465 2283 1624 2321 spectantia
1653 2284 1873 2316 confirmantur.
1899 2304 1940 2310 —

1226 2319 1282 2348 Con
1298 2325 1440 2350 irmantur
1455 2332 1572 2361 quoque
1588 2323 1739 2362 privilegia
1758 2325 1856 2355 omnia
1868 2335 1940 2365 pon-

1227 2359 1325 2389 tificia.
1347 2377 1387 2382 —
1412 2360 1584 2391 Omnimoda
1608 2369 1732 2393 monast.
1761 2364 1879 2396 libertas
1901 2366 1937 2396 ab

1226 2399 1424 2429 ecclesiastica
1448 2402 1490 2431 vel
1522 2402 1617 2431 laicali
1641 2407 1790 2441 potestate.
1811 2422 1852 2427 —
1878 2405 1939 2436 Ah-

1225 2438 1300 2467 batis
1334 2440 1436 2470 electio
1466 2451 1518 2480 per
1539 2443 1698 2472 monachos
1731 2443 1874 2475 facienda.
1898 2463 1939 2469 —

1226 2478 1410 2509 Consecratio
1442 2490 1509 2510 vero
1542 2491 1593 2521 per
1628 2483 1711 2512 illurn
1744 2484 1937 2524 episcopum,

1226 2528 1311 2556 quem
1336 2521 1471 2550 monachi
1495 2521 1646 2559 elegerint.
1667 2540 1707 2545 -
1727 2522 1806 2553 Idem
1829 2525 1937 2555 decre--

1228 2563 1286 2587 tum
1310 2559 1345 2588 de
1368 2561 1577 2591 monachorum
1600 2563 1837 2594 ordinationibus
1859 2565 1937 2595 alta-

1223 2625 1261 2660 (l)
1278 2626 1316 2652 Ex
1334 2626 1455 2653 Biblioth.
1474 2627 1640 2656 Cluniaceusi
1655 2629 1738 2657 edidit
1752 2629 1840 2659 Nicol·
1861 2631 1938 2660 Cole-

1189 2669 1241 2699 tus,
1258 2666 1358 2693 Concil.
1380 2672 1444 2694 tom.
1463 2676 1513 2695 xu-

1979 272 2029 299 An.
2046 271 2075 300 C.
2094 271 2163 301 10119

1992 352 2145 383 praepositum

1977 388 2104 411 omnimoda
2121 396 2163 411 ιιι-

1979 425 2071 447 ctoritas
2119 423 2161 447 do-

1978 460 2089 484 volvatur.

1977 722 2055 745 Dirum
2071 723 2163 746 anatho-

1975 765 2010 780 mu
2035 758 2057 781 in
2080 761 2162 782 statuta

1974 794 2030 817 haec
2056 793 2161 818 inobser-

1974 832 2060 854 rantes.
