2237 3127
85 308 127 334 An
160 308 187 335 C.
217 309 268 335 640

73 1633 199 1656 Admonitio

73 1671 195 1693 catholicos
234 1680 258 1693 e—

73 1706 177 1735 piscopos

99 1742 234 1771 invigilando

73 1786 138 1807 super
171 1779 256 1801 Domini

73 1822 147 1844 escae·

925 322 970 344 MA
978 322 1093 345 nTtNPs

297 372 403 408 tulerit
437 373 574 421 populus
610 381 709 409 terrae
742 374 844 409 virum
880 388 978 410 uuum
1012 376 1051 411 de

297 423 476 458 novissimis
497 424 574 463 suis,
600 432 631 458 et
662 424 862 459 constituerit
888 437 961 459 eum
995 437 1051 459 su-

294 484 352 518 per
377 484 411 507 se
433 473 677 519 speculatorem,
706 481 737 507 et
768 473 821 508 ille
847 473 958 508 viderit
980 474 1051 520 gla-

294 521 381 555 dium
402 521 580 556 venientem
603 529 839 568 superterram,
856 530 887 557 et
901 523 1052 557 cecinerit

294 569 430 605 buccina
452 579 481 605 et
496 570 735 605 annunciaverit
749 571 884 617 populo:
907 572 1051 606 Audiens

294 627 396 654 autem
425 619 571 666 quisquis
590 619 641 653 ille
654 627 701 653 est
722 619 860 654 sonitum
883 619 1050 661 buccinae,

294 680 356 703 non
379 680 413 703 se
440 668 664 711 observaverit,
697 668 880 715 veneritque
913 668 1050 714 gladius,

293 725 324 752 et
345 717 452 752 tulerit
477 729 568 760 eum,
600 717 732 762 sanguis
764 717 848 752 illius
884 729 981 763 super
1003 730 1051 752 ca-

293 773 351 812 put
373 766 474 813 ipsius
492 766 569 805 erit,
593 765 665 812 quia
689 777 801 800 sonum
819 765 974 801 buccinae
993 778 1051 801 au-

293 816 381 859 divit,
408 823 440 849 et
465 827 529 849 non
557 826 591 848 se
614 814 808 849 observavit:
831 815 962 861 sanguis
984 815 1050 850 eius

293 864 325 898 in
348 864 418 910 ipso
440 864 499 898 erit
522 866 574 907 (a).
597 862 630 897 Si
653 871 757 898 autem
774 863 972 905 custodierit,
986 865 1051 899 ani-

292 924 377 946 mam
406 925 495 947 suam
523 912 664 947 salvavit.
688 912 782 954 Quod
817 913 842 948 si
870 914 1050 960 speculator

291 961 403 996 viderit
426 961 565 1007 gladium
597 962 790 1007 venientem,
818 970 848 997 et
875 975 939 997 non
963 963 1050 997 inso-

292 1010 396 1044 nuerit
417 1010 563 1050 buccina,
585 1018 616 1045 et
636 1010 777 1058 populus
800 1023 864 1046 non
892 1024 925 1046 se
947 1020 1050 1046 custo-

291 1059 397 1103 dierit,
418 1060 603 1106 veneritque
630 1060 772 1106 gladius,
805 1068 836 1095 et
868 1060 976 1095 tulerit
1010 1061 1048 1095 de

291 1109 336 1143 eis
360 1108 517 1149 animam,
539 1109 590 1143 ille
613 1108 644 1143 in
668 1108 834 1155 iniquitate
853 1122 908 1144 sua
937 1118 1048 1157 captus

290 1165 349 1198 est,
368 1158 555 1204 sanguinem
583 1166 686 1193 autem
710 1158 779 1193 eius
801 1158 839 1193 de
862 1171 958 1193 manu
976 1172 1049 1206 spe—

290 1207 440 1241 culatoris
463 1207 620 1254 requiram
650 1209 706 1251 (b).
730 1207 864 1254 Propter
890 1208 977 1255 quod
1002 1216 1048 1243 te-

290 1256 465 1290 stificamur
486 1256 635 1291 omnibus
663 1256 693 1290 in
733 1256 921 1291 hodiernum
946 1257 1046 1297 dienu

290 1305 374 1339 sicut
396 1305 498 1352 inquit
524 1305 637 1339 beatus
668 1305 798 1349 Paulus,
836 1307 908 1352 quia
937 1307 1046 1341 mundi

289 1366 402 1389 sumus
423 1367 440 1388 a
462 1354 618 1400 sanguine
640 1354 786 1389 omnium
803 1364 954 1389 vestrum.
977 1355 1045 1390 Non

290 1403 375 1438 enim
408 1403 622 1438 subtraximus
662 1415 720 1438 nos
753 1416 817 1438 non
852 1404 1045 1439 annunciare

289 1451 452 1492 omnibus,
481 1464 561 1499 quae
584 1451 696 1486 tradita
722 1460 769 1487 est
803 1453 897 1487 nobis
932 1465 947 1487 a
971 1465 1047 1487 san-

290 1501 350 1536 ctis
384 1500 553 1542 Patribus,
589 1508 619 1535 et
653 1501 805 1548 synodis,
836 1501 1044 1536 orthodoxam

288 1549 521 1584 consessionem
556 1561 611 1596 per
639 1561 695 1595 ea,
722 1562 802 1596 quae
837 1563 939 1597 nuper
960 1552 1043 1597 apud

288 1611 347 1633 nos
377 1598 570 1647 synodaliter
597 1607 684 1645 gesta
715 1607 789 1633 sunt
815 1601 860 1644 (c).
884 1600 1044 1635 Attendite

289 1648 394 1695 itaque
421 1648 511 1682 vobis
537 1655 567 1682 et
589 1648 674 1682 omni
701 1648 802 1694 gregi,
839 1648 870 1682 in
898 1661 962 1695 quo
990 1662 1044 1684 vos

248 1715 258 1728 ε
289 1697 432 1744 Spiritus
454 1696 590 1731 Sanctus
605 1697 768 1731 constituit
794 1697 961 1743 episcopos
993 1710 1044 1732 re-

288 1758 362 1793 gere
384 1745 558 1780 Ecctesiam
582 1745 654 1787 Dei,
676 1758 770 1792 quam
786 1746 952 1792 acquisivit
969 1759 1043 1792 pro-

289 1795 359 1842 prio
381 1795 548 1841 sanguine,
570 1801 604 1829 ut
629 1807 693 1829 non
721 1795 772 1837 sit,
795 1795 849 1841 qui
872 1807 928 1828 vos
956 1794 1042 1829 deei-

290 1845 353 1891 piat
373 1852 426 1878 aut
458 1843 587 1878 seducat
613 1843 644 1877 in
679 1843 853 1877 subtilitate
887 1844 1042 1877 sermonis

291 1905 347 1940 per
375 1892 658 1939 philosophiam,et
673 1892 798 1926 inanem
822 1891 973 1926 fallaciam
989 1894 1039 1936 (d).

289 1941 498 1989 Apertissime
531 1941 615 1975 enim
643 1940 782 1987 Spiritus
816 1940 954 1975 Sanctus
987 1953 1042 1987 per

290 1990 478 2038 Apostolum
502 1989 595 2024 dicit:
610 1989 693 2031 Quia
716 1990 746 2024 in
762 1990 943 2024 novissimis
963 1997 1041 2024 tem-

289 2041 422 2087 poribus
448 2039 597 2073 recedent
629 2039 757 2085 quidam
798 2050 815 2073 a
848 2038 909 2073 lide
939 2046 1041 2073 atten-

289 2089 401 2124 dentes
421 2088 584 2135 spiritibus
605 2087 839 2131 seductoribus,
866 2095 896 2122 et
922 2087 1041 2122 doctri-

289 2138 338 2172 nis
359 2138 609 2179 daemoniorum,
634 2137 663 2171 in
692 2137 850 2184 hypocrisi
874 2136 1040 2171 mendaci-

288 2187 469 2234 loquorum,
491 2186 691 2221 cauteriatam
727 2186 911 2220 habentium
949 2198 1038 2220 suam

288 2236 529 2279 conscientiam,
566 2243 693 2282 propter
719 2235 803 2282 quod
838 2235 975 2281 vigilate,
1011 2242 1040 2269 et

289 2293 387 2329 orate,
407 2293 441 2319 ut
469 2296 531 2319 non
560 2284 682 2318 intretis
710 2284 741 2318 in
765 2285 969 2318 tentationem
993 2287 1037 2327 (e):

288 2346 368 2381 quae
390 2333 503 2368 mentis
517 2332 723 2379 transgressio
750 2341 898 2380 operatur
924 2333 954 2367 iu
979 2333 1037 2373 his,

288 2385 419 2430 quinon
447 2381 649 2417 crediderunt
671 2383 802 2423 veritati,
829 2382 884 2417 sed
904 2394 1039 2417 consen—

287 2441 397 2467 serunt
423 2431 591 2479 iniquitati,
613 2442 651 2465 eo
673 2431 757 2477 quod
785 2431 969 2466 charitatem
992 2444 1037 2466 ve-

287 2481 384 2516 ritatis
410 2493 474 2515 non
498 2488 720 2527 perceperunt,
745 2488 779 2515 ut
809 2480 886 2515 salvi
911 2480 1036 2514 fierent:

286 2529 374 2565 Deus
395 2531 480 2565 enim
503 2530 673 2564 intentator
694 2529 849 2564 malorum
883 2537 947 2564 est:
972 2531 1038 2576 ipse

286 2587 389 2613 autem
412 2580 572 2613 neminem
600 2585 699 2613 tentat
726 2580 777 2623 (s).
807 2578 1038 2625 Unusquisque

333 2634 361 2670 α)
377 2635 476 2661 Exech.
503 2635 547 2661 55.
587 2634 625 2706 gb)
644 2635 702 2661 Act.
729 2635 773 2661 20.
813 2635 848 2670 (c)
873 2636 932 2661 Act.
956 2635 1000 2676 ᾖς).

319 2635 361 2742 ἐς
375 2670 556 2733 ξοῐνίῗεθὲὲὶ
571 2670 594 2706 (e
625 2671 649 2697 t.
666 2669 782 2697 Timoth.
799 2670 826 2697 lt:
843 2670 938 2697 matth.
956 2671 1000 2698 20.

1737 316 1801 350 191

1092 389 1166 411 vero
1188 383 1352 411 tentatura
1371 376 1626 424 concupiscentia
1651 391 1706 413 sua
1730 379 1853 416 abstra-

1092 434 1162 460 ctus
1183 434 1212 460 et
1239 425 1361 460 illectus
1384 429 1434 470 (a).
1453 425 1578 462 Deinde
1592 428 1852 475 concupiscentia

1092 486 1164 509 cum
1196 475 1389 522 conceperit,
1425 476 1503 523 parit
1532 484 1714 524 peccatum:
1739 490 1853 524 pecca—

1093 532 1157 558 tum
1180 536 1253 559 vero
1280 536 1353 558 cum
1381 533 1638 560 consummatum
1662 525 1765 569 fuerit,
1794 541 1852 574 ge-

1093 581 1181 607 nerat
1203 581 1336 608 mortem
1375 575 1426 616 (b).
1462 574 1565 609 Nolite
1593 575 1700 622 itaque
1732 588 1850 619 errare,

1093 621 1203 656 fratres
1224 622 1284 656 mei
1315 622 1523 667 dilectissimi,
1557 623 1711 660 doctrinis
1743 627 1849 671 variis,

1092 677 1122 704 et
1147 671 1303 705 extraneis
1329 671 1551 717 circumducti,
1573 680 1604 707 et
1626 673 1700 708 licet
1722 686 1780 709 nos
1793 684 1848 710 aut

1092 719 1222 764 angelus
1264 719 1304 754 de
1333 720 1421 755 coelo
1456 721 1720 767 evangelizaverit
1759 724 1848 759 vobis

1093 775 1215 813 praeter
1252 768 1336 815 quod
1366 769 1548 815 accepimus
1583 779 1645 806 tam
1679 783 1696 806 a
1730 774 1848 809 sanctis

1090 817 1251 862 apostolis,
1274 825 1304 852 et
1320 818 1535 863 probabilibus
1550 818 1709 862 Patribus,
1726 828 1756 855 et
1772 822 1846 857 uni-

1092 866 1262 900 versalibus
1284 866 1424 913 quinque
1446 867 1587 914 synodis,
1609 869 1778 905 anathema
1794 871 1845 906 sit.

1090 913 1190 959 Igitur
1207 915 1286 949 sicut
1314 915 1541 962 praediximus,
1559 925 1588 951 et
1616 930 1701 953 nunc
1728 919 1842 955 iterum

1090 963 1242 998 dicimus:
1279 963 1312 998 Si
1359 964 1431 1011 quis
1465 964 1553 999 vobis
1587 967 1846 1013 evangelizaverit

1092 1020 1214 1058 praeter
1234 1012 1263 1047 id
1287 1013 1369 1060 quod
1390 1013 1572 1060 accepimus
1599 1026 1637 1049 ex
1664 1016 1753 1062 ipsis,
1775 1029 1846 1052 ana-

1091 1061 1194 1096 thema
1229 1062 1269 1096 sit
1300 1065 1345 1106 (c).
1381 1062 1477 1097 Modo
1518 1071 1623 1098 autem
1658 1064 1845 1102 hominibus

1089 1111 1271 1155 suademus,
1293 1123 1331 1145 au
1354 1110 1444 1146 Deo?
1469 1119 1523 1146 aut
1541 1113 1722 1159 quaerimus
1744 1114 1846 1150 homi-

1090 1160 1184 1194 uibus
1207 1160 1353 1207 placere?
1380 1160 1413 1195 Si
1436 1160 1540 1196 adhuc
1562 1161 1747 1197 hominibus
1774 1163 1843 1211 pla-

1089 1221 1206 1250 cerem,
1228 1209 1332 1257 inquit
1358 1209 1394 1243 B.
1417 1209 1547 1251 Paulus,
1581 1210 1699 1246 Christi
1733 1224 1843 1248 servus

1089 1270 1151 1292 non
1169 1269 1272 1293 essem
1295 1261 1346 1301 (d).
1363 1259 1454 1294 Sicut
1468 1270 1542 1305 ergo
1564 1260 1732 1307 accepistis
1746 1260 1843 1297 Chri-

1088 1314 1171 1342 stum
1205 1319 1222 1342 a
1255 1308 1373 1342 sanctis
1412 1309 1699 1355 praedicatoribus,
1730 1310 1776 1345 sic
1809 1311 1839 1345 in

1088 1368 1161 1391 eum
1184 1356 1315 1397 credite,
1338 1357 1456 1392 bonum
1483 1357 1661 1404 depositum
1681 1371 1784 1406 usque
1809 1360 1840 1394 in

1087 1405 1182 1440 finem
1205 1406 1361 1441 custodite
1384 1418 1440 1453 per
1472 1406 1628 1454 Spiritum
1662 1407 1835 1448 Sanctum,

1087 1455 1139 1499 qui
1169 1454 1287 1489 habitat
1321 1455 1352 1489 in
1388 1455 1493 1497 vobis,
1525 1456 1675 1502 quoniam
1711 1456 1839 1492 firmum

1087 1502 1328 1538 fundamentum
1350 1503 1407 1538 Dei
1431 1512 1491 1539 stat
1505 1504 1625 1539 liabens
1640 1505 1837 1551 signaculum

1086 1551 1161 1586 hoc:
1185 1552 1269 1587 novit
1290 1553 1467 1598 Dominus,
1499 1554 1553 1601 qui
1585 1562 1660 1588 sunt
1686 1554 1774 1596 eius,
1809 1563 1839 1590 et

1086 1600 1228 1635 discedat
1249 1601 1288 1635 ab
1310 1602 1476 1648 iniquitate
1498 1603 1613 1641 omnis,
1636 1603 1689 1649 qui
1716 1603 1839 1638 invocat

1086 1662 1200 1684 nomen
1223 1649 1352 1684 Domini
1377 1654 1422 1694 (e).
1445 1651 1617 1698 Propterea
1644 1652 1754 1687 fratres
1768 1665 1836 1699 pro·

1086 1698 1172 1732 sanas
1198 1711 1311 1733 vocum
1333 1700 1488 1733 novitates
1514 1700 1677 1741 evitantes,
1700 1701 1837 1736 nullate-

1120 324 1131 345 1
1158 323 1209 346 PP.

1084 1758 1144 1780 nus
1166 1759 1232 1790 eos,
1255 1747 1308 1793 qui
1341 1748 1380 1781 de
1401 1756 1482 1782 terra
1505 1748 1653 1787 clamant,
1675 1757 1782 1784 etnon
1799 1762 1837 1785 ex
1855 1748 1857 1753 ’

1084 1807 1137 1830 ore
1163 1795 1291 1829 Domini
1319 1796 1503 1843 loquuntur,
1530 1797 1709 1844 suscipiatis
1723 1798 1839 1834 adver-

1083 1856 1137 1879 sus
1159 1845 1253 1879 fidem
1276 1852 1376 1891 typos,
1404 1853 1457 1879 aut
1482 1846 1568 1892 leges
1589 1847 1636 1880 vel
1666 1847 1835 1883 delinitio—

1083 1905 1149 1933 nes,
1185 1900 1238 1927 aut
1278 1894 1493 1940 expositiones
1533 1894 1707 1930 haereticas
1732 1908 1835 1942 agno-

1082 1949 1224 1977 scentes:
1240 1943 1388 1989 quoniam
1404 1943 1481 1978 haec
1494 1944 1599 1978 omnia
1613 1945 1835 1991 requisiturus,

1082 2000 1112 2025 et
1132 1991 1326 2026 iudicaturus
1347 1999 1395 2026 est
1416 1993 1485 2039 ipse
1512 1992 1630 2038 gloriae
1663 1993 1835 2036 Dominus,

1082 2040 1153 2086 quia
1176 2040 1283 2075 nullus
1305 2041 1485 2086 hominum,
1508 2053 1641 2088 quorum
1665 2043 1746 2077 sicut
1768 2043 1836 2079 foe-

1083 2101 1158 2124 num
1178 2089 1246 2125 dies
1268 2089 1393 2124 illorum
1410 2102 1465 2137 pro
1487 2091 1579 2125 nobis
1592 2092 1764 2127 crucifixus
1776 2101 1835 2134 est,

1082 2150 1185 2185 neque
1205 2138 1236 2172 in
1263 2139 1393 2173 nomine
1414 2139 1602 2186 cuiusquam
1625 2152 1735 2175 eorum
1758 2141 1836 2188 bap-

1081 2188 1163 2222 tizati
1187 2199 1310 2232 sumus,
1329 2188 1383 2222 sed
1411 2188 1443 2222 in
1461 2196 1596 2223 mortem
1623 2189 1741 2224 Christi
1774 2190 1833 2225 Dei

1081 2249 1138 2284 per
1159 2237 1316 2271 lavacrum
1335 2237 1582 2283 regenerationis
1616 2239 1755 2273 renovati
1779 2239 1834 2273 di-

1080 2286 1276 2331 gnoscimur,
1299 2286 1351 2333 qui
1374 2287 1543 2321 crucifixus
1578 2294 1626 2321 est
1654 2300 1711 2334 pro
1741 2288 1835 2323 nobis

1080 2334 1140 2369 sub
1166 2335 1282 2370 Pontio
1316 2335 1435 2369 Pilato:
1464 2336 1599 2371 maxime
1634 2338 1834 2383 apertissime

1079 2384 1336 2423 considerantes,
1374 2386 1523 2431 quoniam
1558 2392 1589 2419 et
1616 2397 1671 2432 per
1708 2398 1744 2420 se
1774 2398 1829 2420 sua
1864 2408 1868 2412 -

1080 2434 1225 2479 dogmata
1249 2433 1417 2468 destruunt
1442 2434 1601 2469 contrarii.
1634 2433 1719 2468 Dicit
1745 2435 1831 2469 enim

1079 2481 1254 2517 Dominus:
1286 2482 1391 2517 Omne
1414 2495 1547 2529 regnum
1583 2483 1615 2517 in
1638 2495 1672 2518 se
1694 2482 1828 2518 divisum

1079 2544 1141 2566 uon
1169 2531 1277 2566 stabit:
1300 2539 1330 2566 et
1356 2533 1460 2566 omnis
1475 2532 1629 2567 sententia
1644 2532 1694 2566 lex
1715 2533 1829 2567 adver-

1078 2593 1148 2615 sum
1170 2592 1204 2616 se
1226 2581 1325 2616 divisa
1342 2593 1405 2616 non
1433 2581 1537 2622 stabit,
1561 2588 1592 2616 et
1612 2581 1638 2615 si
1661 2588 1753 2629 typus
1774 2581 1833 2618 de-

1113 2659 1255 2695 (a>1acob.
1276 2661 1301 2687 1.
1339 2659 1377 2695 (b)
1394 2659 1461 2686 Heb.
1489 2659 1530 2686 13.
1569 2658 1706 2695 (emant.
1733 2660 1757 2687 t.

1113 2704 1151 2741 (cl)
1170 2705 1198 2733 2.
1219 2703 1335 2732 Timoth.
1354 2705 1378 2732 ¹.
1417 2703 1453 2740 (e)
1468 2704 1494 2731 2.
1512 2702 1629 2731 Timoth.
1646 2704 1673 2732 2.

1881 323 1932 351 An.
1954 325 1981 350 C.
2012 325 2064 351 (risus)

1863 2373 1973 2396 Haeretici
2011 2383 2048 2399 sun

1864 2409 1906 2438 ipsi
1947 2409 2049 2439 dogmata

1863 2447 1972 2468 evertunt.

1892 2514 1993 2536 ecthesis
2012 2518 2033 2536 ot

1862 2549 1935 2578 'fi-pus
1954 2550 2009 2571 iuter
2024 2557 2047 2571 se

1861 2589 1981 2607 couti-aria.
