2237 3127
29 299 80 326 Au.
101 294 130 325 C.
149 296 217 325 1059

26 1193 156 1225 Praepositi
190 1197 212 1218 et

24 1230 103 1253 elerici
146 1230 211 1253 huius

25 1267 148 1289 canonicae
161 1274 211 1297 gra-

23 1302 52 1325 tin
69 1309 110 1332 per
134 1302 211 1325 arehi-

23 1338 95 1368 episc.
117 1338 210 1363 floren-

24 1374 94 1396 tinum
150 1374 211 1397 ordi-

24 1409 99 1432 nandi.

22 1737 146 1760 eanonicus
179 1745 209 1761 e-

22 1772 108 1795 iusdem
131 1773 208 1795 omni-

23 1808 89 1830 moda
98 1809 209 1838 exemptio

22 1843 49 1866 ab
113 1844 210 1867 alicuius

20 1887 132 1909 personae
174 1881 208 1911 vi,

20 1913 132 1945 molestia;

21 2084 76 2107 Item
102 2091 114 2107 a
147 2092 208 2116 quo-

20 2127 114 2151 cumque
161 2121 204 2143 ‹ri-

23 2154 86 2186 buto3

19 2297 64 2322 Sed
123 2300 208 2321 tantum

20 2334 52 2356 sit
69 2334 209 2364 Apostolicae

18 2368 82 2391 Sedis
127 2373 209 2399 prote-

18 2404 97 2431 ctioni,
115 2407 137 2426 et
153 2404 210 2427 Plo—

18 2440 100 2462 rennui
170 2447 209 2462 at·-

19 2475 160 2505 chiepiscupi
175 2476 210 2497 iu-

17 2514 37 2535 ri
55 2513 163 2535 subiecta.

22 2624 38 2646 P
47 2630 115 2646 oense
133 2626 209 2646 contra

22 2658 44 2681 in
53 2658 206 2682 observantes.

874 309 1034 334 NICOLAUS
1061 312 1086 334 Π
1113 312 1161 334 PP.

243 359 344 397 dictae
361 361 520 396 Ecclesiae
537 361 697 409 parochia.
716 361 820 397 eidem
836 363 998 399 Ecclesiae

244 411 374 447 firmiter
401 412 624 452 concedimtts;
659 421 689 446 et
725 413 855 459 insuper
887 426 998 449 omnes

243 460 384 496 decimas
405 461 564 496 novalium
580 461 618 496 de
633 462 727 509 sylvis
742 462 997 509 supradictorum

242 509 409 545 hominum
423 510 615 556 ubicumque
634 510 817 546 laborantur
840 511 886 545 vel
910 511 998 546 labo-

243 559 484 595 rabunturinfra
505 567 604 594 totum
622 560 721 606 ipsius
744 560 904 595 Ecclesiae
932 569 998 595 ter-

241 609 399 650 ritorium,
420 608 567 643 similiter
587 609 618 642 in
634 609 743 643 eadem
760 610 911 644 canonica
926 621 996 644 con-

241 659 395 694 cedimus.
432 657 536 692 Simili
570 657 665 692 modo
695 670 807 693 omnes
842 659 996 705 primitias

242 708 349 754 populi
378 707 555 754 praedictae
582 706 757 745 Ecclesiae,
792 715 822 741 et
860 708 996 753 integras

240 766 432 803 spontaneas
453 755 630 790 oblationes
653 756 796 790 vivorum
823 764 854 790 et
881 756 996 790 defun-

240 814 377 846 ctorum,
399 814 430 839 et
452 804 573 850 integra
591 812 788 849 testamenta,
810 814 840 839 ct
862 804 993 839 liberam

240 856 433 901 sepulturam
457 854 551 888 totius
578 854 626 887 sui
656 854 776 901 populi,
807 862 837 887 et
860 854 995 889 maxime

240 912 444 951 patronorum
472 910 500 937 et
523 902 690 947 omnium,
718 903 772 949 qui
799 902 879 937 infra
906 903 995 937 dioe-

239 953 337 988 cesim
360 953 420 987 iam
456 951 558 986 dictae
591 951 750 986 Ecclesiae
778 952 920 986 habitant
948 952 994 986 vel

237 1001 438 1044 habitabunt,
460 1001 564 1035 eidem
588 1000 747 1035 Ecclesiae
772 1000 995 1047 perpetualiter

239 1058 271 1086 et
284 1052 351 1086 sine
367 1051 429 1085 fine
445 1049 615 1096 largimur:
633 1062 763 1096 prorsus
777 1049 901 1096 praedia
923 1062 995 1084 om-

239 1100 302 1140 nia,
324 1113 340 1134 a
362 1099 618 1147 quibuscumque
631 1098 776 1133 fidelihus
791 1110 993 1145 quocumque

240 1149 336 1184 modo
363 1150 444 1184 iuste
465 1148 619 1195 acquisita
633 1147 682 1181 vel
699 1148 902 1194 acquirenda.
917 1147 994 1181 Ele-

238 1199 374 1234 ctionem
388 1210 515 1245 qnoque
534 1197 649 1244 proprii
674 1198 819 1244 pastoris,
843 1204 873 1230 et
897 1205 992 1231 totam

239 1248 468 1283 ordinationem
493 1247 593 1293 ipsius
615 1246 742 1286 domus,
757 1254 787 1280 et
802 1246 992 1280 clericorum

239 1297 561 1345 repraesentationem
589 1304 660 1330 autc
684 1295 845 1342 proprium
869 1295 994 1341 episco-

241 1360 316 1394 pum
341 1347 378 1382 ad
412 1345 635 1388 ordinandum,
662 1345 824 1379 canonicis
850 1344 992 1378 ciusdem

239 1396 401 1431 Ecclesiae
415 1395 511 1430 libera
526 1393 673 1429 facultate
688 1394 910 1441 perpetualiter
921 1406 994 1427 con-

239 1445 384 1481 cedimus
402 1455 432 1480 et
447 1444 635 1479 stabilimus.
650 1443 735 1478 Haec
755 1443 860 1477 omnia
882 1455 993 1477 conce-

239 1495 346 1530 dimus
368 1494 490 1530 clericis
513 1494 543 1527 in
572 1493 638 1539 ipsa
665 1492 733 1526 aula
757 1492 910 1526 canonice
933 1504 994 1525 nta-

238 1544 400 1582 nentibus,
423 1543 495 1590 quia
523 1543 597 1577 olim
625 1542 701 1576 dum
724 1541 900 1588 simplicem
923 1542 993 1587 cpi-

238 1602 388 1640 scopatus
411 1592 635 1640 praelationem
658 1602 880 1626 exerceremus
899 1616 907 1633 ,
935 1602 994 1624 sa·-

239 1643 359 1678 cerdoti
387 1641 496 1677 Ioanni
524 1642 584 1675 iam
611 1640 696 1675 dicto
724 1640 903 1687 praeposito
920 1666 928 1681 ,
963 1647 992 1672 et

239 1692 305 1727 suis
326 1691 537 1727 confratribus
558 1701 732 1736 eorumque
754 1688 992 1723 successoribus

239 1741 448 1776 stabilivimus
475 1748 503 1774 et
531 1739 759 1774 concessimus.
788 1737 992 1771 Absolvimus

240 1798 412 1837 praeterea,
440 1789 637 1835 liberumque
664 1787 799 1822 eundem
829 1786 993 1820 venerahi-

239 1839 300 1874 lem
323 1840 428 1874 locum
444 1837 616 1885 apostolica
639 1836 801 1871 sanctione
825 1835 992 1882 persistere

238 1888 397 1932 iubemus,
420 1900 460 1922 ne
483 1888 573 1922 liceat
594 1886 685 1920 alicui
710 1897 821 1932 parvae
844 1896 991 1929 magnac-

239 1950 301 1985 que
328 1949 494 1985 personae,
513 1935 640 1975 clerico,
668 1935 715 1969 vel
742 1934 839 1977 laico,
873 1933 990 1967 ibidem

238 1988 392 2022 canonice
419 1993 653 2021 commorantes
680 1984 824 2025 clericos,
847 1982 992 2016 dehone—

238 2045 321 2072 stare
343 2035 574 2083 etplaeitando
597 2033 754 2072 infestare,
777 2032 825 2066 vet
848 2031 990 2065 debitum

238 2086 348 2121 tributi
372 2086 418 2120 vel
441 2085 574 2119 alicuius
592 2081 799 2116 subiectionis
815 2081 852 2115 ab
874 2081 918 2114 eis
933 2080 992 2113 exi-

239 2147 326 2182 gere,
352 2147 408 2170 seu
435 2134 538 2180 aliqua
564 2132 742 2175 occasione,
768 2130 828 2164 sibi
855 2142 872 2164 a
899 2129 992 2163 nobis

239 2192 294 2219 aut
327 2185 367 2219 ab
389 2183 550 2230 aliquibus
572 2180 719 2216 fidelibus
747 2192 795 2214 res
813 2190 991 2217 concessas,

239 2234 305 2270 sive
327 2231 560 2275 concedendas,
587 2230 756 2269 invadere,
793 2228 991 2267 subtrahere,

239 2283 429 2318 diminuere.
452 2281 564 2327 Sitque
597 2279 778 2326 praedictus
805 2275 992 2312 venerabilis

239 2332 329 2368 locus
355 2331 414 2366 sub
440 2328 668 2376 omnipotentis
700 2327 758 2362 Dei
775 2354 783 2367 ,
813 2333 992 2372 nostraque,

240 2390 272 2417 et
297 2389 479 2417 nostrorum
501 2389 722 2413 successorum
745 2375 892 2416 tuitione,
915 2374 992 2408 nul-

239 2431 364 2479 liusque
385 2429 569 2465 subiiciatur
595 2426 749 2469 dominio,
777 2424 837 2458 nisi
864 2423 994 2457 Floren-

240 2481 308 2515 tino
329 2480 490 2526 episcopO.
509 2478 644 2523 Ipseque
666 2475 836 2521 episcopus
856 2472 992 2517 benigne

240 2537 271 2564 et
285 2530 417 2564 honeste
439 2526 612 2565 tractando,
635 2524 721 2559 omni
745 2522 902 2568 superflua
925 2533 994 2554 exa-

240 2579 344 2613 ctione
367 2576 551 2625 postposita,
573 2586 628 2609 eos
646 2584 772 2619 semper
786 2572 938 2605 hortetur.
958 2569 990 2604 Si

241 2628 313 2675 quis
333 2639 422 2673 ergo,
445 2624 528 2673 quod
554 2636 616 2658 uon
646 2621 817 2659 credimus,
844 2618 992 2664 sacrilega

241 2685 360 2720 mente,
377 2675 462 2722 quod
490 2675 521 2708 in
543 2679 714 2718 conspectu
736 2669 877 2716 episcopi
892 2668 992 2702 Hum-

359 2732 434 2764 Ball.
453 2730 529 2761 Rom.
553 2729 608 2759 Vol.
631 2728 653 2759 l.
775 2726 813 2755 82

1673 305 1743 339 649
1821 297 1872 324 An.
1888 295 1918 324 C.
1937 295 2005 325 ¹059

1041 365 1117 400 berti
1141 365 1309 401 cardinalis
1335 366 1448 415 Sylvae
1484 368 1664 414 Candidae,
1697 379 1792 418 atque

1040 414 1263 451 IldebrandiS.
1286 416 1378 451 RE.
1402 419 1627 458 archidiaconi.
1651 431 1790 455 necnon

1039 465 1259 512 episcoporum
1285 465 1429 501 Perusini
1457 475 1487 502 et
1525 467 1696 509 Rosellann
1719 469 1792 504 Ro-

1039 514 1125 547 zonis
1162 526 1288 561 quoque
1327 514 1360 549 S.
1397 515 1598 552 Florentinae
1632 518 1792 554 Ecclesiae

1038 562 1311 610 archipresbyteri,
1340 565 1419 599 iuste
1447 565 1672 610 stabilivimus,
1694 579 1793 602 cona-

1039 618 1087 645 tus
1110 611 1204 646 fuerit
1231 612 1412 659 infringere,
1449 614 1556 648 decem
1593 617 1658 649 auri
1697 617 1791 651 libras

1039 660 1194 706 praefatae
1234 661 1379 696 basilicae
1413 671 1544 708 cogatur
1585 665 1789 710 persolvere,

1038 709 1238 744 medietatem
1260 710 1447 745 Florentino
1474 714 1636 759 episcopo,
1665 721 1695 748 ct
1716 726 1791 748 me-

1037 757 1185 793 dietatem
1210 759 1333 794 clericis
1356 761 1385 794 in
1414 761 1521 795 cadum
1547 762 1683 796 Ecclesia
1712 775 1792 797 con-

1037 807 1235 842 sistentibus:
1261 808 1454 843 descendant
1479 823 1573 855 snper
1591 824 1663 845 eum
1679 824 1789 847 omnes

1038 855 1106 890 illae
1134 857 1382 895 maledictiones,
1413 860 1469 893 nisi
1495 860 1673 894 :nltnonitus
1695 862 1792 895 satis-

1037 904 1166 949 fecerit,
1199 918 1278 952 quas
1299 907 1329 940 in
1353 907 1602 943 Deuteronomio
1626 909 1792 955 descripsit

1036 963 1163 989 sanctus
1177 955 1312 1002 Moyses,
1328 964 1421 1003 atque
1437 957 1601 992 interliciat
1617 970 1687 991 eum
1703 958 1790 994 Deus

1036 1003 1147 1049 spiritu
1168 1005 1230 1038 oris
1251 1005 1313 1043 sui,
1336 1006 1418 1039 sicut
1449 1006 1573 1040 Dathan
1603 1015 1632 1040 et
1655 1007 1789 1049 Abiron,

1035 1064 1116 1098 quos
1139 1053 1224 1087 vivos
1250 1052 1417 1099 deglutivit
1453 1062 1550 1095 tet·ra;
1583 1063 1613 1090 ct
1644 1056 1787 1102 insuper,

1035 1102 1060 1134 si
1095 1102 1231 1136 clericus
1270 1102 1365 1136 suerit
1385 1130 1393 1142 ,
1432 1105 1480 1138 sui
1522 1104 1645 1139 ordinis
1685 1105 1788 1140 officio

1037 1150 1184 1195 privetur.
1200 1151 1380 1196 Praeterea,
1395 1160 1427 1186 ut
1441 1152 1518 1187 haec
1535 1154 1644 1199 pagina
1662 1154 1787 1200 plenam

1037 1199 1128 1233 tidem
1168 1201 1388 1247 praesentibus
1424 1214 1480 1235 seu
1519 1202 1613 1236 etiam
1652 1205 1788 1249 posteris

1034 1256 1164 1292 astruat,
1186 1250 1330 1296 propriae
1352 1250 1544 1296 apostolicae
1572 1263 1685 1286 manus
1710 1252 1789 1287 sub-

1034 1299 1207 1344 scriptione
1233 1299 1408 1334 munimus.
1948 1341 1953 1346 ,
1983 1342 1988 1346 ,

1035 1346 1120 1381 EGO
1146 1346 1363 1383 NICOLAUS
1386 1360 1496 1383 servus
1529 1360 1693 1384 servorum
1727 1349 1785 1385 Dei
1818 1341 2005 1399 pps⁰b³⁰¹'¹'¹'⁰

1082 1396 1177 1431 huius
1200 1397 1354 1443 privilegii
1380 1398 1511 1443 paginae
1526 1398 1711 1445 subscripsi.
1817 1394 1873 1435 [ᾤ’
1890 1385 2002 1435 spitii:

1034 1446 1103 1492 Ego
1129 1445 1336 1481 Ildebrandus
1358 1446 1392 1481 S.
1420 1446 1459 1481 R.
1488 1447 1525 1481 E.
1548 1447 1789 1484 archidiaconus
1817 1456 1874 1471 “¹¹¹¹-

1083 1494 1268 1541 subscripsi.

1034 1544 1101 1590 Ego
1128 1543 1289 1578 Gerardus
1311 1552 1437 1579 sanctae
1458 1544 1650 1580 Rosellanae
1669 1545 1789 1582 Eccle-

1083 1594 1147 1627 siae
1173 1593 1343 1639 episcopus
1370 1594 1496 1628 interfui
1526 1603 1555 1628 et
1578 1594 1761 1642 subscripsi.

1034 1642 1100 1688 Ego
1122 1642 1210 1676 Rozo
1232 1650 1357 1677 sanctae
1387 1642 1590 1678 Florentinae
1624 1644 1786 1680 Ecclesiae

1083 1691 1348 1739 archipresbyter.

1082 1740 1160 1775 Data
1185 1740 1300 1774 ibidem
1327 1743 1369 1775 15
1398 1740 1458 1774 kal.
1482 1740 1630 1775 februarii
1654 1754 1710 1788 per
1725 1754 1788 1776 ma-

1035 1802 1094 1824 nus
1135 1789 1301 1823 Humberti
1337 1789 1476 1836 episcopi
1517 1799 1643 1825 sanctae
1679 1790 1787 1825 Eccle-

1033 1839 1097 1873 siae
1119 1838 1231 1885 Sylvac
1253 1838 1416 1873 Candidae
1438 1838 1618 1878 cardinalis,
1642 1840 1789 1886 apostoli·

1034 1900 1088 1922 cae
1127 1887 1212 1921 sedis
1249 1887 1504 1927 bibliothecarii,
1543 1900 1626 1923 anno
1665 1889 1786 1924 domini

1033 1949 1126 1976 suiv,
1150 1936 1352 1983 pontificatus
1373 1944 1476 1971 autem
1501 1936 1539 1970 D.
1565 1949 1663 1985 papae
1684 1938 1786 1973 Nico·

1035 1987 1070 2020 lai
1094 1985 1226 2020 secundi
1251 1986 1366 2031 primo,
1389 1985 1498 2020 indict.
1526 1998 1587 2020 xu.

1066 2042 1129 2072 Dat.
1149 2043 1197 2072 die
1217 2042 1252 2072 18
1271 2042 1398 2072 ianuarii
1421 2051 1498 2072 anno
1520 2042 1638 2072 Domini
1664 2043 1752 2081 1059,

1227 2082 1330 2122 pontis.
1347 2081 1460 2112 Nicolai
1479 2091 1555 2112 anno
1573 2090 1593 2113 1.

1378 2235 1433 2272 HI.

1083 2309 1286 2354 Confirmatio
1313 2309 1429 2342 furium
1455 2315 1482 2342 et
1501 2309 1739 2353 prt'vileqt'orum

1156 2359 1338 2391 monasterii
1368 2358 1581 2392 Vultur-nensis
1604 2360 1666 2401 (l).

1304 2425 1520 2456 smutanlml

1034 2479 1202 2509 Exordium.
1219 2495 1260 2501 —
1277 2478 1465 2508 Confirmatio
1482 2479 1637 2508 bonorum.
1651 2495 1691 2501 —
1711 2478 1792 2508 Enu-

1074 2520 1197 2548 meratio
1225 2519 1408 2548 eorumdem.
1437 2535 1477 2540 —
1503 2518 1662 2547 Renovatio
1694 2519 1789 2557 privi-

1073 2559 1229 2596 legiorum.
1244 2574 1284 2580 —
1301 2557 1475 2587 lmmunitas
1490 2567 1505 2587 a
1527 2557 1713 2587 subiectione
1732 2557 1793 2597 cpi-

1075 2608 1166 2636 scopi.

1071 2646 1110 2680 (t)
1128 2646 1165 2671 Ex
1193 2644 1324 2672 Chronico
1350 2644 1523 2672 Vulturnensi
1549 2645 1617 2672 inter
1642 2644 1706 2672 Rer.
1732 2643 1791 2672 Ital.

1036 2681 1134 2716 Script.
1156 2685 1220 2708 tom.
1237 2688 1257 2713 ι,
1274 2688 1301 2715 p.
1322 2688 1352 2707 ιι.
