2237 3127
144 303 194 329 An⁴
218 302 247 329 C,
275 302 326 328 1349

147 1795 259 1818 Haeretici
276 1794 330 1816 nihil

146 1832 330 1853 habuntcornmu-

146 1875 172 1889 ne
193 1875 241 1888 cum
260 1867 331 1888 Patri-

147 1903 193 1924 bus,

167 2282 189 2301 ln
208 2287 232 2301 ra
250 2280 334 2309 synodo

178 2315 319 2336 confirmatae

152 2352 248 2380 quinque
286 2351 335 2372 uui-

150 2386 248 2407 versate:
299 2394 336 2407 sv-

151 2421 212 2442 nodi.

188 2532 323 2559 Damnataqu
326 2537 337 2551 e

164 2566 320 2587 hument-irum
309 2574 327 2586 ιι

154 2601 265 2630 augrimus,
295 2602 337 2623 F·-

153 2639 222 2661 thesis
248 2643 269 2661 et
295 2639 338 2660 T

154 2683 203 2705 pus.

407 296 478 333 190

949 302 1009 325 Βῐῖῐ.
1011 302 1030 324 L
1032 301 1140 324 Atura!
1167 301 1332 324 nonaxon

356 371 462 398 'tillem
490 359 748 407 lmpllSSImOPum
782 356 941 392 ssOVllallS'*
967 356 1028 402 dog
1017 368 1110 390 ma·-
1153 355 1262 390 Orbem
1284 363 1437 390 terrarum
1469 352 1643 389 inhabitare
1667 365 1836 389 DOSClmlnl
1859 367 1903 402 pss

355 420 435 451 tum,
471 422 526 457 pei
555 408 797 443 similitudinem
833 406 1034 440 decessorum
1057 417 1111 439 no-

352 469 491 494 stioium
526 465 707 492 sanctoruni
735 456 876 498 Patrum,
906 454 1025 501 quique
1053 466 1110 500 per

353 510 505 542 sinceram
528 505 746 545 concor-diam
775 504 853 539 etin
878 503 1108 550 idipsumDeo

354 556 520 591 amabilem
535 556 778 589 conventionem
794 553 1029 593 destruxerunt,
1040 552 1109 587 hae-

354 605 461 647 resim,
484 612 514 639 et
535 615 646 638 omnes
668 603 843 637 haereticos
861 613 1028 649 superasse
1050 613 1107 636 no-

352 661 497 693 scuntur,
521 653 692 699 eripientes
725 652 764 686 de
791 663 900 686 eorum
929 662 1034 685 errore
1055 662 1107 684 ca-

354 703 504 737 tholicam
531 702 720 736 Ecclesiam.
744 701 834 743 Quae
857 700 941 734 euim
965 712 1003 734 ex
1020 711 1106 734 sacra

354 752 575 791 concursione,
602 750 663 785 hoc
680 759 738 789 est,
754 749 886 797 spiritali
902 749 1107 784 consonantia

353 809 536 835 sanctornm
568 800 699 834 Patrum
731 806 949 846 exequuntur,
973 797 1108 832 validio-

355 861 421 884 rem
445 849 563 884 habent
589 856 697 884 contra
724 848 931 885 adversarios,
953 855 984 882 et
1005 859 1108 893 expu-

355 898 514 945 gnabilem
536 899 694 933 virtutem.
725 897 761 932 In
792 909 845 932 ore
874 897 971 936 enim,
996 896 1107 942 inquit,

355 948 491 982 duorum
518 947 567 982 vel
602 948 696 981 trium
731 946 860 981 testium
891 946 987 979 stabit
1014 957 1108 979 omne

354 997 504 1031 vzerbum
525 1004 555 1031 et
577 994 1006 1042 funiculustriplexdilheile
1021 1007 1109 1028 ιιιιιι-

355 1046 453 1093 pitur,
475 1053 505 1080 et
527 1046 632 1088 stater,
651 1045 740 1091 quasi
768 1045 878 1079 civitas
899 1043 1000 1087 firma,
1017 1055 1109 1077 orae-

355 1094 471 1129 valebit
500 1102 604 1129 autem
632 1095 710 1129 sicut
739 1093 905 1127 fundatum
939 1092 1107 1139 imperium

357 1146 412 1187 (a).
441 1143 625 1190 Propteimea
639 1150 669 1177 et
691 1155 761 1186 nos,
784 1150 817 1176 ut
834 1142 954 1176 dictum
977 1149 1035 1186 est,
1058 1153 1110 1175 se-

356 1192 499 1227 cundum
523 1192 689 1226 indivisam
721 1191 979 1226 communionem
1013 1191 1110 1237 spiri-

356 1249 408 1276 tus
431 1242 461 1276 iu
478 1241 613 1287 idipsum
628 1241 853 1275 couvenientes
871 1240 1110 1286 properavimus

357 1303 415 1337 per
444 1299 603 1337 gestorum
632 1290 745 1324 seriem
780 1289 1048 1335 comparationem
1071 1287 1109 1322 ad

357 1340 494 1375 invicem
523 1351 578 1386 per
608 1339 846 1373 distinctionem
872 1338 1040 1372 discretam
1062 1337 1111 1371 cf-

357 1388 465 1429 ficere,
489 1397 549 1423 tam
572 1396 751 1423 sauctorum
774 1388 914 1427 Panffum
937 1395 967 1430 et
984 1386 1111 1420 univer-

359 1438 472 1472 salium
500 1438 643 1484 quinque
680 1436 870 1472 svnodorum
905 1447 1009 1470 sacras
1037 1447 1111 1481 pro-

361 1487 585 1533 mulgationes,
610 1494 640 1520 et
667 1486 813 1531 dogmata
839 1484 1012 1518 infidelium
1035 1484 1111 1518 hae-—

361 1536 547 1575 reticor,um
562 1543 625 1569 tam
640 1535 845 1573 anteriorum
854 1544 1012 1580 quamque
1027 1544 1111 1566 nunc

359 1585 590 1630 emergentium
605 1592 713 1618 contra
737 1583 830 1617 fidem
852 1595 924 1616 cum
948 1582 1044 1628 impia
1062 1593 1113 1615 eo-

358 1645 430 1667 rum
452 1633 591 1677 ecthesi,
627 1645 685 1666 nec
719 1644 782 1666 non
809 1631 998 1678 impiissimo
1037 1638 1111 1677 typo

359 1681 569 1728 proferentes,
592 1689 626 1715 ut
652 1680 800 1715 omnibus
821 1679 1027 1714 ostendamus
1061 1691 1112 1713 re-

358 1731 542 1777 legentibus
572 1729 778 1763 differentiam
802 1728 944 1771 luminis,
970 1736 1000 1762 et
1024 1735 1112 1762 tene-

357 1779 498 1819 brarum,
517 1779 576 1813 hoc
592 1786 649 1817 est,
672 1778 772 1812 clarae
787 1777 918 1811 Patrum
937 1777 1111 1817 doctrinae,

359 1837 390 1863 et
411 1828 605 1863 temulentae
638 1827 870 1861 haereticorum
901 1826 1058 1866 vesaniae,
1081 1834 1112 1860 et

359 1878 435 1925 quia
458 1877 543 1912 nulla
576 1877 758 1911 communia
781 1875 947 1910 haereticis
974 1875 1111 1910 existunt

361 1940 433 1962 cum
461 1926 578 1961 sanctis
605 1925 764 1968 Patribus,
793 1924 848 1959 sed
876 1932 1028 1971 quantum
1061 1924 1113 1958 di-

360 1984 421 2010 stat
452 1976 558 2010 oriens
581 1974 619 2009 ab
640 1986 765 2012 occasu,
788 1982 973 2020 tantumque
995 1973 1112 2008 distant

359 2025 447 2071 impii
471 2024 619 2059 haeretiei
648 2023 743 2058 verbo
765 2031 795 2058 et
817 2032 922 2058 mente
943 2022 982 2057 ab
1010 2022 1107 2057 aDeo

362 2074 522 2120 inspiratis
542 2073 628 2107 viris.
650 2072 821 2119 Propterea
843 2079 969 2107 sanctos
981 2071 1111 2118 quidem

361 2122 472 2157 Patres
498 2122 724 2157 sententialiter
750 2121 1006 2156 confirmavimus
1039 2132 1110 2155 cum

361 2171 509 2206 omnibus
545 2171 641 2206 sacris
673 2170 963 2217 praedicationibus
990 2181 1112 2210 eorum,

361 2232 421 2255 nec
447 2232 509 2254 non
530 2220 587 2263 eis,
610 2220 664 2274 qui
685 2220 849 2254 nobiscum
872 2220 993 2254 sincere
1015 2218 1112 2266 ipsos,

362 2277 393 2304 et
415 2269 542 2304 easdem
564 2269 753 2315 suscipiunt.
776 2269 895 2323 Impios
916 2276 1021 2302 autem
1045 2268 1062 2301 h
1067 2280 1114 2302 ae-

363 2318 476 2353 reticos
498 2329 571 2352 cum
593 2317 740 2352 omnibus
762 2317 955 2364 pravissimis
981 2316 1114 2363 dogma-

364 2367 448 2401 tibus
470 2378 592 2406 eorum,
608 2374 639 2400 et
665 2366 792 2412 impiam
815 2366 967 2405 ecthesin,
989 2366 1059 2400 vel
1053 2379 1114 2400 ιιιι-

364 2416 543 2463 piissimum
570 2423 690 2462 tvpum,
710 2424 739 2449 et
761 2427 882 2455 omnes,
910 2415 963 2469 qui
986 2415 1111 2469 eos,vel

363 2465 536 2519 quidquam
559 2464 599 2498 de
628 2464 688 2507 his,
710 2476 790 2510 quae
818 2465 959 2509 exposita
982 2472 1055 2498 sunt
1083 2464 1113 2498 in

364 2526 421 2558 eis,
448 2514 626 2560 suscipiunt
647 2520 700 2547 aut
735 2512 920 2554 defendunt,
947 2525 1002 2547 seu
1020 2513 1113 2547 verba

365 2575 421 2617 pro
439 2564 483 2597 eis
509 2562 627 2597 taciunt
659 2562 689 2596 in
713 2562 843 2609 scripto,
870 2561 1114 2596 anathematiza-

367 2613 481 2655 vimus,
508 2619 542 2645 ut
569 2619 669 2645 etvos
690 2623 812 2652 omnes,
835 2612 887 2658 qui
911 2623 967 2658 per
987 2623 1113 2645 omnem

397 2671 438 2709 (a)
455 2673 532 2699 Dent.
553 2672 595 2705 195
616 2672 709 2700 Matth.
734 2673 774 2705 18,-
792 2672 891 2701 Eccles.
910 2673 936 2706 ‘⁴2
954 2673 1035 2701 Prov.
1054 2673 1096 2700 ¹8.

1151 412 1182 439 et
1199 404 1378 445 orthodoxi,
1399 404 1479 438 haec
1501 403 1551 450 pie
1583 415 1601 438 a
1623 403 1715 437 nobis
1741 412 1829 450 gesta
1855 416 1907 438 co-

1150 462 1340 499 gnoscentes
1367 465 1422 500 pro
1439 452 1572 486 tuitione
1593 451 1766 487 catholicae
1788 452 1904 487 Eccle-

1150 503 1214 537 siae
1247 510 1461 538 consonanter
1488 501 1654 535 nobiscum
1690 501 1801 536 similia
1829 513 1906 536 exe-

1150 552 1304 598 quamini,
1326 559 1356 586 et
1388 562 1500 585 omnes
1526 549 1656 596 quidem
1691 557 1816 585 sanctos
1848 550 1907 585 Pa-

1151 609 1212 636 tres
1241 600 1436 635 confirmetis
1467 599 1499 633 in
1534 599 1663 645 scripto,
1690 608 1904 634 consonantes

1151 650 1212 684 illis
1233 650 1389 696 nobisque
1413 649 1445 682 in
1472 647 1647 683 orthodoxa
1671 648 1748 683 fide:
1776 648 1906 683 anathe-

1150 699 1305 733 matizetis
1342 709 1455 733 omnes
1495 697 1688 741 haereticos,
1728 697 1782 745 qui
1811 709 1904 744 prae-

1150 748 1308 795 sumptive
1328 747 1410 781 hanc
1432 746 1519 787 olim,
1541 754 1572 781 et
1593 758 1679 781 nunc
1709 758 1907 793 expugnave-

1151 805 1233 835 runt.
1258 809 1319 831 una
1341 808 1413 831 cum
1440 795 1596 830 scelerosa
1618 795 1748 836 ecthesi,
1786 803 1817 830 et
1850 797 1907 830 im-

1152 846 1294 892 piissimo
1320 853 1407 893 typo,
1429 844 1485 879 sed
1504 852 1534 879 et
1559 845 1612 892 qui
1647 857 1702 880 eos
1725 852 1778 879 aut
1812 845 1904 892 quitt-

1150 895 1223 930 dam
1245 894 1359 934 dehis,
1382 906 1462 941 quae
1484 893 1524 928 ab
1555 895 1600 929 eis
1623 893 1776 941 implicite
1803 905 1904 941 expo-

1150 945 1207 979 sita
1230 952 1315 987 sunt,
1349 943 1558 990 susceperint,
1585 951 1742 990 quatenus
1764 942 1903 977 fructum

1152 994 1221 1040 piae
1235 993 1444 1028 consessionis
1459 1000 1631 1027 vestrarum
1646 993 1822 1026 animarum
1837 992 1907 1027 hac-

1151 1043 1286 1077 reditare
1302 1042 1429 1077 valeatis
1454 1042 1599 1076 salutem.
1627 1042 1798 1088 Propterea
1817 1041 1904 1076 enim

1151 1104 1199 1136 ea,
1229 1103 1309 1139 quae
1331 1104 1348 1126 a
1373 1091 1464 1126 nobis
1491 1103 1548 1138 pro
1575 1090 1728 1125 catholica
1758 1090 1904 1125 Ecclesia

1151 1141 1344 1181 synodaliter
1374 1148 1460 1186 gesta
1495 1147 1588 1184 sunt,
1615 1139 1763 1174 omnibus
1785 1139 1907 1174 direxi-

1153 1203 1235 1234 mus,
1263 1198 1296 1224 ut
1322 1189 1421 1224 nostri
1451 1189 1546 1223 studii
1576 1189 1777 1244 perficientes
1811 1200 1905 1235 opus,

1153 1251 1210 1273 nos
1231 1238 1360 1285 quidem
1388 1239 1474 1285 ipsos
1506 1238 1653 1273 innoxios
1679 1249 1749 1272 esse
1783 1249 1907 1284 appro-

1152 1287 1265 1322 bemus
1286 1299 1340 1322 eor
1342 1299 1391 1322 ιιιι
1404 1287 1473 1323 Deo
1500 1294 1530 1322 et
1551 1287 1661 1322 electis
1678 1286 1810 1332 augelis,
1833 1294 1907 1321 ante

1152 1349 1232 1383 quos
1253 1336 1292 1371 ab
1313 1349 1350 1371 eo
1374 1335 1532 1371 iudicandi
1547 1348 1659 1370 sumus
1680 1347 1752 1370 cum
1775 1335 1833 1377 eis,
1852 1335 1907 1382 qui

1154 1386 1230 1420 haec
1253 1398 1270 1420 a
1293 1385 1385 1420 uobis
1410 1385 1609 1432 susceperint
1632 1385 1662 1419 iu
1686 1384 1815 1420 terribili
1839 1385 1907 1419 eius

1153 1435 1312 1475 adventu;
1347 1434 1580 1469 inexcusabiles
1610 1442 1715 1469 autem
1750 1446 1816 1479 eos,
1849 1434 1905 1481 qui

1153 1496 1215 1518 non
1238 1484 1402 1526 obediunt,
1423 1483 1691 1524 demonstremus,
1706 1490 1814 1530 utpote
1836 1483 1907 1517 nul·

1153 1532 1214 1566 lam
1237 1532 1389 1567 habentes
1419 1532 1618 1566 occasionem
1654 1544 1710 1578 pro
1732 1544 1787 1566 sua
1809 1532 1907 1578 perfi-

1153 1581 1202 1615 dia
1236 1589 1307 1627 post
1341 1580 1481 1615 veritatis
1511 1581 1734 1621 ostentionem,
1766 1580 1907 1616 Domino

1153 1629 1296 1664 dicente:
1323 1629 1357 1664 Si
1378 1641 1440 1664 non
1467 1630 1625 1664 venissem
1647 1637 1678 1664 et
1711 1630 1838 1664 locutus
1859 1629 1906 1664 eis

1154 1678 1296 1722 fuissem,
1334 1686 1498 1725 peccatum
1526 1690 1590 1712 non
1622 1678 1786 1720 haberent;
1820 1690 1907 1714 nunc

1153 1735 1256 1761 autem
1285 1727 1520 1762 excusationem
1549 1739 1611 1762 non
1633 1727 1751 1762 habent
1772 1727 1812 1762 de
1834 1739 1909 1774 pee-

1154 1784 1223 1811 cato
1257 1788 1315 1812 suo
1348 1779 1401 1820 (a).
1429 1776 1492 1811 Sed
1520 1784 1551 1810 et
1589 1776 1763 1824 Apostolus
1788 1776 1904 1811 iterum

1155 1825 1314 1871 perhibet:
1335 1825 1584 1861 Consideremus
1605 1826 1738 1860 invicem
1758 1837 1906 1873 provoca-

1155 1875 1241 1909 tione
1267 1875 1490 1915 charitatis,'et
1512 1875 1668 1910 bonorum
1691 1887 1822 1921 operum
1838 1887 1902 1909 nou

1155 1923 1338 1960 deserentes
1370 1924 1611 1959 collocationem
1638 1932 1789 1964 nostram,
1825 1924 1908 1958 sicut

1153 1981 1201 2007 est
1222 1973 1463 2008 consuetudinis
1480 1973 1686 2020 quibusdam:
1709 1972 1765 2008 sed
1789 1984 1907 2007 conso-

1155 2022 1274 2066 lamini,
1297 2030 1329 2057 et
1356 2030 1441 2057 tanto
1468 2023 1577 2068 magis,
1596 2030 1717 2070 quanto
1731 2022 1905 2057 viderimus

1154 2071 1462 2125 appropinquantem
1504 2072 1588 2106 diem
1631 2073 1680 2115 (b).
1721 2071 1908 2106 Voluntarie

1154 2132 1239 2155 enim
1279 2120 1484 2174 peccantibus
1511 2120 1603 2155 nobis
1637 2128 1707 2167 post
1740 2127 1903 2167 acceptam

1155 2169 1297 2205 notitiam
1337 2169 1494 2224 veritatis,
1523 2169 1584 2203 iam
1616 2181 1679 2204 non
1716 2169 1906 2216 relinquitur

1154 2218 1254 2253 hostia
1276 2229 1334 2265 pro
1355 2218 1503 2273 peccatis,
1525 2218 1673 2253 terribilis
1690 2226 1793 2254 autem
1808 2230 1908 2265 quae-

1154 2267 1226 2302 dam
1253 2267 1429 2313 expectatio
1455 2267 1573 2308 iudicii,
1595 2275 1627 2302 et
1659 2267 1741 2314 iguis
1771 2267 1907 2302 aemnla-

1156 2316 1209 2359 tio,
1243 2328 1324 2362 quae
1358 2323 1585 2363 consumptura
1619 2324 1666 2351 est
1700 2316 1906 2351 adversarios.

1154 2365 1282 2400 Scimus
1303 2365 1386 2399 enim
1415 2365 1588 2400 dicentem:
1616 2365 1694 2400 Mihi
1724 2365 1907 2407 vindictam,

1155 2422 1185 2449 et
1211 2426 1269 2461 ego
1285 2403 1471 2454 retribuam,
1489 2415 1567 2449 dicit
1588 2415 1747 2450 Dominus
1772 2417 1819 2458 (c).
1832 2414 1908 2449 Pro-

1155 2471 1224 2510 pter
1230 2441 1343 2510 ὃ(ιιιοά
1380 2464 1603 2510 praemuniens
1639 2476 1696 2498 uos
1731 2463 1908 2510 praecepit,

1156 2513 1281 2547 dicens:
1303 2512 1345 2547 Et
1379 2520 1410 2547 tu
1445 2512 1489 2546 fili
1526 2513 1680 2554 hominis,
1712 2513 1841 2559 loquere
1867 2512 1908 2547 ad

1157 2561 1237 2596 lilios
1260 2561 1368 2609 populi
1387 2562 1453 2603 tui,
1476 2570 1505 2596 et
1532 2562 1618 2597 dices
1651 2562 1689 2597 ad
1716 2573 1787 2596 eos:
1808 2560 1907 2596 Terra

1156 2622 1251 2657 super
1271 2623 1366 2657 quam
1399 2610 1549 2646 inductus
1578 2611 1669 2645 fuerit
1704 2610 1839 2656 gladius,
1876 2617 1909 2650 et,

1191 2671 1380 2708 (a)10a11.15.
1420 2671 1458 2708 (o)
1477 2672 1542 2700 uei).
1562 2673 1605 2700 ιο.
1643 2671 1680 2720 5⁰2
1698 2673 1777 2700 oeut.
1794 2672 1839 2703 52.

1932 289 1986 317 An.
2008 288 2037 317 C.
2063 287 2116 315 649

1958 862 2039 886 Eadem
2056 862 2121 885 dem-

1933 906 1985 921 unre
2002 898 2121 920 admoneu-

1934 937 1969 956 tur
1986 934 2103 957 catholici.

1938 2105 2001 2128 Nulla
2027 2113 2124 2129 exeusa-

1943 2137 2036 2164 tio-'in
2064 2142 2108 2165 fid·

1969 2177 2094 2200 eri-entibus

1938 2217 1989 2243 post
2022 2214 2124 2237 notitiam

1939 2249 2048 2272 veritatis.
