2237 3127
69 319 123 348 An.
141 317 170 347 C.
189 317 254 348 ¹051

939 309 965 333 S.
994 310 1059 333 LEO
1085 309 1122 331 IX
1150 309 1199 332 ΡΙ).

285 362 335 400 vel
365 374 587 419 quaecumque
612 363 705 403 loca
741 376 796 398 seu
828 375 879 398 res
914 364 1041 410 praefati

286 414 471 449 monasterii
499 414 633 454 auterre,
657 421 709 448 aut
743 415 879 448 alienare
913 424 1041 460 quoquo

1719 295 1782 328 sstt

1087 363 1121 397 tri
1146 362 1269 397 diaconi
1293 360 1523 395 bibliothecarii
1546 368 1576 395 et
1597 361 1773 396 cancellarii
1803 361 1836 395 S.

1083 412 1274 467 apostolicae
1312 412 1408 451 sedis,
1447 423 1532 445 anuo
1558 410 1677 445 domini
1720 410 1838 445 Leonis

286 463 382 498 modo
411 471 623 518 praesumant,
642 470 697 497 aut
715 462 890 509 quamlibet
913 470 1042 496 contro·
1084 463 1156 496 noni
1184 473 1283 508 papae
1311 461 1414 500 tertio,
1437 459 1502 493 ind.
1525 472 1571 493 lv.

284 513 419 548 versiam
442 513 508 547 sive
536 512 695 550 iniuriam,
718 524 774 546 seu
801 511 1038 557 aliqnamdomi

283 562 435 596 iacturam
461 562 490 596 in
516 561 621 605 rebus,
646 560 909 607 possessionibus,
933 560 979 594 vel
1009 560 1037 594 in

281 611 380 645 nullis
403 610 592 645 utensilibus
619 611 685 644 sive
719 611 914 644 ornamentis
949 621 1040 655 prae-

280 659 366 695 dicto
390 660 580 694 monasterio
603 659 718 693 inferre
736 659 858 693 audeat.
875 658 961 692 Haec
974 671 1039 692 om-

282 709 347 750 nia,
374 721 454 756 quae
477 708 626 755 superius
645 717 814 742 memorata
843 716 928 747 sunt,
951 708 1038 742 ride-

281 757 355 792 licet
367 758 519 800 decimas,
529 756 694 803 primitias,
704 756 921 791 oblationesad
933 769 1036 803 saepe-

282 807 404 841 dictum
430 806 656 840 monasterium
670 806 862 852 pertineant,
887 817 945 839 nec
974 818 1035 839 non

277 863 307 890 et
330 855 536 902 baptismum,
564 855 699 889 chrisma
726 863 755 888 et
778 855 882 888 oleum
907 854 962 888 tibi
986 855 1036 888 di-

277 904 362 939 lecto
385 904 449 938 filio
476 912 584 938 nostro
611 903 773 938 Theuzoni
797 903 913 943 abbati,
949 904 1034 937 tuis—

278 966 343 1000 que
365 953 604 988 successoribus
631 953 661 987 in
687 961 875 999 perpetuum
902 964 918 986 a
942 965 1034 998 prae-

279 1003 360 1037 senti
388 1010 495 1050 quarta
525 1002 695 1036 indictione
730 1014 783 1048 pet
818 1002 897 1035 hane
936 1003 1031 1035 nostri

277 1052 432 1098 prixilegii
463 1052 606 1098 paginam
643 1051 812 1097 apostolica
848 1051 1033 1085 auctoritate

241 1102 514 1148 *confirmamus
542 1109 636 1147 atque
672 1100 877 1134 σοιιριιίιιιιιιε
916 1112 1032 1134 secun-

110 1181 248 1205 noeti-inem

62 1216 146 1240 nbbni·
163 1217 190 1240 nd
201 1226 250 1240 mo-

63 1253 146 1275 nachos
201 1254 249 1276 sine

61 1289 189 1311 interventu
205 1288 249 1311 ali-

63 1325 125 1347 cuiu·
142 1333 249 1355 pnreonu

62 1364 164 1390 speetu-0
197 1364 248 1383 nta-

61 1395 142 1418 unitur.

62 1672 146 1694 Solu-0
183 1673 248 1695 clau-

59 1707 121 1730 nul-0
153 1715 246 1731 execu-

58 1743 127 1765 tionis
157 1747 180 1766 et
206 1752 247 1774 np-

60 1779 206 1809 pree-tionis.

275 1150 351 1185 dum
375 1151 568 1197 praedictum
593 1149 733 1184 modum.
756 1149 902 1195 Denique
920 1150 1032 1183 statui-

274 1212 358 1241 mus,
385 1213 457 1234 cum
487 1200 591 1234 dictus
613 1199 710 1233 abbas
744 1199 783 1232 de
818 1198 877 1233 hoe
905 1200 1031 1233 saeculo

275 1249 465 1295 migraverit,
488 1261 591 1295 neque
613 1261 682 1287 rex,
708 1260 809 1294 neque
831 1247 904 1287 dux,
928 1260 1030 1294 neque

276 1298 429 1336 marchio,
452 1310 556 1345 neque
579 1298 757 1344 episcopus,
781 1308 884 1343 neque
911 1309 1029 1336 comes,

278 1360 382 1394 neque
404 1348 465 1382 ulla
497 1348 558 1382 alia
581 1358 713 1393 persona
746 1346 862 1380 ibidem
885 1346 1029 1380 abbatem

275 1397 422 1432 ordinare
446 1405 637 1443 praesumat,
675 1395 729 1430 sed
765 1396 962 1441 congregatis
999 1397 1028 1429 in

275 1458 374 1480 unum
399 1446 523 1480 cunctis
550 1445 690 1480 eiusdem
720 1446 899 1479 monasterii
927 1444 1030 1478 fratri-

273 1494 343 1535 bus,
367 1507 403 1529 ac
418 1495 742 1530 communiconseusu
752 1494 810 1528 Dei
822 1494 1028 1540 providentia,

274 1544 327 1591 qui
352 1544 468 1590 dignus
492 1545 550 1578 hoc
572 1544 691 1578 honore
714 1545 798 1577 visus
835 1543 927 1578 suerit
943 1571 952 1587 ,
993 1556 1029 1577 ex

274 1594 401 1640 propria
424 1593 670 1639 congregatione
692 1592 837 1627 abbatem
869 1593 908 1627 ibi
937 1593 1028 1627 ordi-

273 1651 359 1677 nent.
386 1642 419 1677 Si
449 1643 520 1690 quis
542 1650 658 1683 autem,
682 1642 767 1689 quod
785 1651 1027 1689 non-optamus,

272 1693 439 1729 temerario
462 1705 540 1726 ausu
563 1699 671 1727 contra
704 1704 761 1734 ea,
797 1704 876 1738 quae
904 1691 943 1725 ab
971 1691 1027 1726 hac

271 1750 377 1776 nostra
398 1742 582 1776 anctoritate
611 1741 661 1787 pie
683 1749 713 1775 et
735 1741 865 1775 firmiter
891 1753 947 1787 per
969 1741 1027 1775 hoc

271 1798 414 1825 nostrum
443 1791 641 1838 privilegium
669 1799 782 1825 statuta
817 1798 915 1829 sunt,
949 1802 1027 1824 con-

271 1839 365 1874 traire
387 1841 567 1879 tentaverit,
596 1840 641 1874 vel
665 1840 740 1881 hac,
775 1851 856 1886 quae
890 1852 906 1874 a
935 1840 1027 1873 nobis

270 1889 308 1924 ad
335 1889 462 1923 laudem
487 1889 542 1923 Dei
571 1901 627 1935 pro
659 1889 828 1923 stabilitate
862 1890 921 1923 iam
950 1888 1025 1922 dicti

271 1939 454 1973 monasterii
482 1946 594 1972 statuta
631 1946 728 1981 sunt,
767 1938 938 1983 refragari,
974 1947 1027 1972 aut

271 1999 400 2034 quoquo
434 1987 529 2022 modo
557 1988 731 2033 transgredi
769 1988 1025 2034 praesumpserit,

270 2037 348 2071 sciat
375 2049 409 2072 se
436 2037 621 2071 auctoritate
657 2037 736 2070 beati
774 2037 856 2071 Petri
893 2037 1024 2082 apostoli

270 2086 478 2120 anathematis
502 2086 626 2120 vinculo
655 2086 841 2120 innodatum
860 2113 868 2121 .
896 2094 925 2120 et
952 2098 1023 2119 cum

270 2134 408 2176 diabolo,
431 2144 460 2170 et
482 2135 551 2169 eins
572 2135 778 2169 atrocissimis
806 2135 941 2182 pompis,
977 2143 1026 2169 at-

269 2196 332 2230 que
365 2184 442 2219 Iuda
479 2184 630 2218 traditore
664 2184 789 2218 Domini
819 2185 915 2218 nostri
954 2183 1022 2218 lesu

270 2233 389 2268 Christi
412 2233 529 2268 aeterni
551 2233 690 2268 incendii
706 2233 864 2280 supplicio
880 2245 1026 2267 creman—

270 2282 346 2317 dum
368 2311 377 2323 ,
412 2283 471 2317 nisi
508 2283 593 2329 quod
623 2283 703 2317 male
732 2283 894 2329 peccarit,
929 2283 1024 2328 digne

270 2332 452 2366 correxerit.
480 2332 521 2365 At
543 2344 616 2366 vero
643 2333 694 2379 qui
728 2332 780 2379 pio
817 2332 929 2365 intuitu
969 2344 1025 2365 cu-

270 2389 335 2416 stos
361 2389 391 2415 et
422 2381 604 2416 observator
635 2382 771 2416 extiterit
805 2381 899 2415 huius
927 2381 1023 2414 nostri

269 2431 431 2477 apostolici
460 2430 645 2477 privilegii,
687 2431 737 2465 hic
775 2430 1024 2465 confirmationis

270 2479 501 2514 benedictionis
528 2481 659 2526 gratiam
687 2492 703 2514 a
732 2479 1024 2514 misericordissimo

270 2528 374 2563 iudice
400 2528 539 2563 Domino
573 2539 692 2572 nostro,
721 2529 878 2575 vitamque
918 2537 1024 2562 aeter—

269 2589 342 2611 nam
372 2590 443 2612 cum
473 2577 621 2612 omnibus
648 2578 758 2613 electis
785 2577 842 2612 Dei
872 2577 1023 2623 consequi

269 2634 428 2661 mereatur
452 2626 480 2660 in
509 2628 633 2661 saecula
669 2628 880 2660 saeculorum.
909 2628 1023 2660 Amen.

318 2675 435 2711 Datum
463 2677 484 2710 8
512 2674 556 2710 id.
584 2677 721 2722 augusti,
749 2688 805 2724 per
828 2688 940 2710 manus
962 2675 1026 2710 Pe-

501 2760 533 2771 ‹—
547 2761 549 2763 .

1137 518 1199 548 Dat.
1220 518 1267 548 die
1285 518 1302 546 ὃ
1320 518 1448 554 angusti,
1471 526 1547 546 anno
1564 516 1680 546 Domini
1695 516 1782 553 1051,

1266 557 1370 596 pontis.
1390 556 1495 585 Leonis
1514 565 1590 586 anno
1609 565 1650 586 111.

1408 680 1512 714 xxtt.

1082 747 1195 781 Contra
1222 749 1396 781 invadentes
1423 749 1528 780 domos
1554 749 1762 792 episcoporum
1786 750 1831 782 (le-

1126 799 1313 841 structorum.
1330 805 1354 830 et
1371 808 1474 829 eorum
1497 798 1575 830 bona
1594 799 1780 842 diripientes„

1346 869 1560 899 St'mtstnttftt

1077 929 1242 960 Exordium.
1258 932 1335 959 —l.
1349 931 1427 960 &bus
1415 940 1465 960 us
1479 931 1635 960 invadendi
1654 932 1756 961 domos
1779 933 1830 962 de-

1116 970 1280 999 functorum
1299 971 1361 1009 epis
1366 980 1516 1011 copor,um
1533 975 1561 1000 et
1575 971 1733 1010 diripiendi
1751 972 1826 1002 bona

1116 1011 1301 1043 eorumdem:
1319 1028 1355 1030 —
1371 1011 1399 1039 2
1419 1011 1474 1045 (hu
1488 1011 1528 1039 uti
1552 1010 1709 1040 admodum
1731 1013 1829 1050 pe1ni-

1115 1050 1214 1078 ciosus
1232 1034 1415 1079 cohibendus
1429 1054 1487 1084 est3
1499 1067 1536 1070 ——
1549 1050 1605 1080 3et
1622 1051 1650 1080 4.
1662 1050 1709 1080 Sic
1729 1053 1828 1090 prohi-

1114 1088 1198 1118 betur
1225 1090 1280 1118 snb
1312 1089 1624 1120 ‹xtommunieationis
1648 1095 1676 1120 et
1700 1091 1825 1121 anathe-

1114 1129 1199 1158 matis
1233 1138 1336 1168 poena.

1073 1195 1121 1223 Leo
1138 1196 1278 1231 episcopus
1304 1202 1399 1223 servus
1430 1202 1568 1223 servorum
1594 1196 1649 1228 Dei,
1670 1196 1778 1225 dilectis
1797 1197 1826 1225 in

1117 1240 1224 1268 Christo
1243 1240 1308 1268 filiis
1323 1241 1443 1268 omnihus
1460 1241 1628 1273 Auximanis,
1649 1241 1721 1269 clero
1737 1244 1764 1270 et
1780 1249 1825 1277 po·

1116 1285 1179 1320 pulo
1199 1285 1316 1313 salutem
1335 1287 1363 1313 et
1384 1285 1562 1320 apostolicam
1581 1286 1804 1315 benedictionem.

1121 1347 1200 1388 Quia
1225 1356 1351 1381 anctore
1378 1347 1446 1381 Deo
1469 1347 1513 1381 sie
1537 1347 1628 1381 nobis
1651 1348 1744 1382 unius
1762 1349 1826 1383 Ec·-

1072 1396 1185 1430 elesiae
1208 1409 1280 1430 cura
1309 1396 1489 1443 specialiter
1510 1405 1557 1430 est
1589 1397 1769 1433 commissa,
1794 1406 1827 1432 ut

1072 1458 1127 1492 per
1154 1446 1339 1491 dignitatem
1374 1445 1566 1492 apostolicae
1606 1445 1691 1480 sedis
1731 1447 1825 1481 etiam

1071 1504 1263 1529 caeterarum
1288 1494 1502 1529 Ecclesiarum
1526 1495 1682 1540 generalis
1694 1495 1733 1529 sit
1757 1509 1826 1542 pro-

1071 1545 1147 1578 visio
1170 1544 1325 1589 delegata,
1352 1552 1460 1578 nostro
1496 1552 1676 1590 competere
1703 1545 1826 1580 videtur

1070 1594 1184 1635 officio,
1209 1606 1270 1627 non
1303 1594 1404 1627 solum
1427 1605 1508 1639 quae
1535 1593 1690 1628 hactenus
1711 1594 1824 1629 adver-

1070 1655 1123 1677 sus
1150 1642 1277 1677 easdem
1306 1643 1466 1677 Ecclesias
1493 1643 1669 1677 temerariis
1694 1644 1825 1679 ausibus

1069 1702 1141 1726 suut
1165 1700 1326 1738 usurpata,
1353 1692 1523 1738 corrigere,
1545 1691 1600 1726 sed
1628 1692 1721 1727 etiam
1740 1721 1747 1733 ,
1785 1705 1824 1728 ne

1070 1754 1178 1776 rursus
1200 1742 1309 1776 eadem
1335 1749 1588 1788 praesumantur,
1604 1741 1634 1776 in
1658 1751 1820 1789 posterum

1070 1791 1243 1837 providere.

1116 1840 1136 1887 S
1169 1845 1196 1874 t.
1220 1839 1404 1875 Perversam
1427 1848 1544 1879 autem,
1559 1847 1588 1874 et
1604 1852 1734 1887 prorsus
1747 1853 1822 1876 exe-

1068 1890 1216 1924 crabilem
1244 1890 1442 1936 quarundam
1484 1889 1624 1936 plebium
1647 1899 1822 1925 consuetu-

1068 1939 1172 1973 dinem
1203 1939 1281 1973 l'ama
1310 1938 1457 1984 vulgante
1478 1939 1701 1985 cognorimus,
1725 1948 1757 1974 ut
1783 1941 1822 1974 ri·

1067 1987 1181 2022 delicet
1201 1999 1260 2021 suo
1294 1987 1444 2022 defuncto
1479 1989 1653 2034 episcopo,
1688 1989 1820 2023 domum

1067 2037 1206 2084 episcopi
1236 2036 1392 2071 hostiliter
1418 2038 1632 2083 irrumpentes
1659 2037 1820 2078 invadant,

1068 2086 1231 2120 facultates
1253 2086 1321 2119 eius
1340 2086 1533 2132 praedonum
1553 2098 1641 2121 more
1659 2086 1820 2133 diripiant,

1067 2136 1267 2182 praediorum
1290 2135 1598 2179 ‹tomusincendanu
1625 2136 1704 2170 vites
1730 2136 1822 2171 insu-

1068 2197 1122 2230 per
1155 2193 1186 2218 et
1207 2184 1333 2219 arbusta
1356 2184 1479 2219 bestiali
1512 2184 1715 2220 immaniores
1742 2186 1822 2221 feri-

1067 2241 1126 2268 tate
1147 2234 1321 2268 succidant.

1114 2283 1134 2329 g
1157 2287 1189 2316 2.
1213 2283 1306 2324 Quod
1334 2282 1496 2323 nimirum,
1520 2283 1579 2317 nisi
1613 2283 1819 2319 ecclesiastici

1068 2332 1182 2377 rigoris
1210 2332 1302 2366 suerit
1324 2344 1454 2366 censura
1494 2340 1671 2367 correctum
1689 2361 1696 2370 .
1736 2334 1819 2368 hund

1066 2381 1196 2415 dubium
1220 2382 1295 2435 quin
1317 2381 1498 2426 regionibus
1518 2382 1580 2416 illis
1601 2383 1752 2436 repentini
1775 2383 1820 2417 fu-

1067 2431 1145 2464 roris
1168 2430 1331 2465 immineat
1367 2430 1500 2475 gladius.
1528 2431 1560 2465 Si
1600 2432 1685 2466 enim
1715 2432 1818 2466 hono-

1066 2491 1134 2513 tare
1165 2488 1309 2526 parentes
1337 2479 1483 2534 primurn
1502 2479 1646 2514 dicitur
1639 2494 1670 2514 m
1709 2494 1820 2528 repro-

1067 2529 1218 2563 missione
1246 2529 1440 2568 mandatum,
1459 2529 1483 2563 si
1513 2530 1705 2564 maledicens
1742 2531 1819 2577 patri

1067 2578 1111 2611 xel
1152 2578 1254 2621 matri,
1292 2577 1435 2611 mulctari
1474 2587 1573 2613 morte
1612 2579 1819 2626 praecipitur,

1067 2627 1156 2661 cuius
1167 2627 1450 2661 animadversionis
1464 2628 1617 2662 sententia
1631 2628 1717 2674 digni
1733 2637 1818 2670 sunt,

1066 2676 1120 2723 qui
1148 2688 1211 2711 non
1234 2676 1377 2711 carnales
1402 2677 1560 2723 genitores
1587 2679 1733 2726 persequi
1762 2690 1819 2726 ge-

1863 316 1912 342 An.
1931 315 1960 342 C.

1979 316 2042 344 1051

1852 1361 1979 1385 Exordium.

1850 1875 1908 1897 Abns
1900 1883 1936 1897 us
1975 1877 2005 1897 im
2005 1884 2036 1897 n-

1850 1911 1916 1933 dendi
1956 1912 2034 1968 duilius

1865 1947 1891 1968 de
1895 1947 1914 1968 tu
1903 1955 1943 1968 unc
1934 1953 1970 1968 ent

1860 1956 2027 2012 episcopt-ium,

1850 2023 1871 2039 et
1914 2018 1956 2040 diri

1849 2054 1906 2076 bona
1941 2064 1959 2075 e·
1970 2063 2016 2075 rum

1850 2085 1908 2115 demg

1849 2310 1888 2337 Qui
1908 2310 1937 2330 uti

1849 2345 1898 2366 dum
1925 2353 1958 2374 per

1849 2389 1884 2402 §HS

1849 2418 1889 2439 dus
1904 2421 1946 2438 est.

1961 2019 2035 2048 pu-mu

1957 2309 1981 2329 ad
1987 2318 2030 2330 nto-

1966 2346 2035 2366 tttclss·

1930 2381 2006 2402 enuit„
2015 2389 2036 2402 n-
