<?xml version="1.0" encoding="UTF-8"?>
<!DOCTYPE html PUBLIC "-//W3C//DTD XHTML 1.0 Transitional//EN"
    "http://www.w3.org/TR/xhtml1/DTD/xhtml1-transitional.dtd">
<html xmlns="http://www.w3.org/1999/xhtml" xml:lang="en" lang="en">
 <head>
  <title>
</title>
<meta http-equiv="Content-Type" content="text/html;charset=utf-8" />
  <meta name='ocr-system' content='tesseract 3.04.00' />
  <meta name='ocr-capabilities' content='ocr_page ocr_carea ocr_par ocr_line ocrx_word'/>
</head>
<body>
  <div class='ocr_page' id='page_1' title='image "./bullarumdiplomat01cath/bullarumdiplomat01cath_0728.png"; bbox 0 0 2237 3127; ppageno 0'>
   <div class='ocr_carea' id='block_1_1' title="bbox 537 255 1439 289">
    <p class='ocr_par' dir='ltr' id='par_1_1' title="bbox 537 255 1439 289">
     <span class='ocr_line' id='line_1_1' title="bbox 537 255 1439 289; baseline 0.001 -1"><span class='ocrx_word' id='word_1_1' title='bbox 537 255 606 288; x_wconf 81' lang='lat'>688</span> <span class='ocrx_word' id='word_1_2' title='bbox 1061 266 1250 288; x_wconf 63' lang='lat' dir='ltr'>nt&#39;r.t..tm[*lt¹</span> <span class='ocrx_word' id='word_1_3' title='bbox 1277 266 1439 289; x_wconf 61' lang='lat' dir='ltr'>nouswu</span> 
     </span>
    </p>
   </div>
   <div class='ocr_carea' id='block_1_2' title="bbox 430 320 2017 2749">
    <p class='ocr_par' dir='ltr' id='par_1_2' title="bbox 582 320 2017 417">
     <span class='ocr_line' id='line_1_2' title="bbox 584 320 2017 373; baseline 0.003 -17"><span class='ocrx_word' id='word_1_4' title='bbox 584 321 662 356; x_wconf 88' lang='lat' dir='ltr'>sesto</span> <span class='ocrx_word' id='word_1_5' title='bbox 683 320 840 360; x_wconf 77' lang='lat' dir='ltr'>Pascliali,</span> <span class='ocrx_word' id='word_1_6' title='bbox 868 323 937 355; x_wconf 70' lang='lat'><strong>55⁶.)</strong></span> <span class='ocrx_word' id='word_1_7' title='bbox 961 323 988 355; x_wconf 87' lang='lat' dir='ltr'>b.</span> <span class='ocrx_word' id='word_1_8' title='bbox 1017 321 1094 356; x_wconf 81' lang='lat' dir='ltr'>Eius</span> <span class='ocrx_word' id='word_1_9' title='bbox 1116 323 1218 357; x_wconf 77' lang='lat' dir='ltr'>clerus</span> <span class='ocrx_word' id='word_1_10' title='bbox 1238 323 1285 357; x_wconf 84' lang='lat' dir='ltr'>ius</span> <span class='ocrx_word' id='word_1_11' title='bbox 1307 323 1400 358; x_wconf 84' lang='lat' dir='ltr'>babet</span> <span class='ocrx_word' id='word_1_12' title='bbox 1421 323 1460 358; x_wconf 87' lang='lat' dir='ltr'>ab</span> <span class='ocrx_word' id='word_1_13' title='bbox 1482 322 1592 358; x_wconf 86' lang='lat' dir='ltr'>eodem</span> <span class='ocrx_word' id='word_1_14' title='bbox 1615 323 1768 359; x_wconf 87' lang='lat' dir='ltr'>Pontifice</span> <span class='ocrx_word' id='word_1_15' title='bbox 1790 324 1926 371; x_wconf 82' lang='lat' dir='ltr'>eligendi</span> <span class='ocrx_word' id='word_1_16' title='bbox 1950 326 2017 373; x_wconf 86' lang='lat' dir='ltr'>epi-</span> 
     </span>
     <span class='ocr_line' id='line_1_3' title="bbox 582 371 1348 417; baseline 0 -13"><span class='ocrx_word' id='word_1_17' title='bbox 582 383 712 417; x_wconf 89' lang='lat' dir='ltr'>scopum</span> <span class='ocrx_word' id='word_1_18' title='bbox 738 371 775 404; x_wconf 89' lang='lat' dir='ltr'>de</span> <span class='ocrx_word' id='word_1_19' title='bbox 790 383 848 404; x_wconf 91' lang='lat' dir='ltr'>suo</span> <span class='ocrx_word' id='word_1_20' title='bbox 869 371 988 415; x_wconf 72' lang='lat' dir='ltr'>gremio</span> <span class='ocrx_word' id='word_1_21' title='bbox 1015 372 1090 405; x_wconf 82' lang='lat' dir='ltr'>sede</span> <span class='ocrx_word' id='word_1_22' title='bbox 1114 380 1250 409; x_wconf 72' lang='lat' dir='ltr'>racante,</span> <span class='ocrx_word' id='word_1_23' title='bbox 1274 374 1348 407; x_wconf 71' lang='lat' dir='ltr'>ibid.</span> 
     </span>
    </p>

    <p class='ocr_par' dir='ltr' id='par_1_3' title="bbox 483 418 2017 557">
     <span class='ocr_line' id='line_1_4' title="bbox 483 418 2015 470; baseline 0.003 -16"><span class='ocrx_word' id='word_1_24' title='bbox 483 418 726 454; x_wconf 84' lang='lat' dir='ltr'>Paterbonensis</span> <span class='ocrx_word' id='word_1_25' title='bbox 753 419 894 454; x_wconf 73' lang='lat' dir='ltr'>Ecclesia</span> <span class='ocrx_word' id='word_1_26' title='bbox 929 421 1126 467; x_wconf 63' lang='lat' dir='ltr'>privilegium</span> <span class='ocrx_word' id='word_1_27' title='bbox 1160 422 1281 456; x_wconf 86' lang='lat' dir='ltr'>obtinet</span> <span class='ocrx_word' id='word_1_28' title='bbox 1302 435 1317 456; x_wconf 91' lang='lat' dir='ltr'>a</span> <span class='ocrx_word' id='word_1_29' title='bbox 1340 420 1514 456; x_wconf 86' lang='lat' dir='ltr'>Benedicto</span> <span class='ocrx_word' id='word_1_30' title='bbox 1536 421 1607 456; x_wconf 83' lang='lat' dir='ltr'>VIII</span> <span class='ocrx_word' id='word_1_31' title='bbox 1633 421 1695 456; x_wconf 91' lang='lat' dir='ltr'>PR</span> <span class='ocrx_word' id='word_1_32' title='bbox 1719 434 1782 470; x_wconf 89' lang='lat' dir='ltr'>quo</span> <span class='ocrx_word' id='word_1_33' title='bbox 1804 422 1885 458; x_wconf 92' lang='lat' dir='ltr'>bona</span> <span class='ocrx_word' id='word_1_34' title='bbox 1911 425 2015 459; x_wconf 86' lang='lat' dir='ltr'>omnia</span> 
     </span>
     <span class='ocr_line' id='line_1_5' title="bbox 579 468 2017 521; baseline 0.003 -18"><span class='ocrx_word' id='word_1_35' title='bbox 579 468 619 503; x_wconf 88' lang='lat' dir='ltr'>ab</span> <span class='ocrx_word' id='word_1_36' title='bbox 646 470 890 515; x_wconf 75' lang='lat' dir='ltr'>imperatoribus</span> <span class='ocrx_word' id='word_1_37' title='bbox 925 482 959 504; x_wconf 82' lang='lat' dir='ltr'>ac</span> <span class='ocrx_word' id='word_1_38' title='bbox 991 472 1156 516; x_wconf 79' lang='lat' dir='ltr'>praecipue</span> <span class='ocrx_word' id='word_1_39' title='bbox 1184 484 1200 505; x_wconf 87' lang='lat' dir='ltr'>a</span> <span class='ocrx_word' id='word_1_40' title='bbox 1223 471 1256 506; x_wconf 89' lang='lat' dir='ltr'>S.</span> <span class='ocrx_word' id='word_1_41' title='bbox 1278 471 1432 515; x_wconf 85' lang='lat' dir='ltr'>Henrico,</span> <span class='ocrx_word' id='word_1_42' title='bbox 1466 470 1608 517; x_wconf 84' lang='lat' dir='ltr'>regibus,</span> <span class='ocrx_word' id='word_1_43' title='bbox 1643 472 1796 513; x_wconf 84' lang='lat' dir='ltr'>ducibus,</span> <span class='ocrx_word' id='word_1_44' title='bbox 1823 474 2017 521; x_wconf 88' lang='lat' dir='ltr'>caeterisque</span> 
     </span>
     <span class='ocr_line' id='line_1_6' title="bbox 583 518 1419 557; baseline 0.002 -5"><span class='ocrx_word' id='word_1_45' title='bbox 583 518 732 552; x_wconf 88' lang='lat' dir='ltr'>omnibus</span> <span class='ocrx_word' id='word_1_46' title='bbox 758 520 785 553; x_wconf 89' lang='lat' dir='ltr'>ei</span> <span class='ocrx_word' id='word_1_47' title='bbox 809 519 922 553; x_wconf 85' lang='lat' dir='ltr'>donata</span> <span class='ocrx_word' id='word_1_48' title='bbox 949 521 1186 557; x_wconf 81' lang='lat' dir='ltr'>confirmantur,</span> <span class='ocrx_word' id='word_1_49' title='bbox 1210 523 1281 554; x_wconf 77' lang='lat'>514</span> <span class='ocrx_word' id='word_1_50' title='bbox 1303 534 1321 555; x_wconf 86' lang='grc' dir='ltr'><em>α</em></span> <span class='ocrx_word' id='word_1_51' title='bbox 1341 528 1370 555; x_wconf 91' lang='lat' dir='ltr'>et</span> <span class='ocrx_word' id='word_1_52' title='bbox 1392 522 1419 554; x_wconf 87' lang='lat' dir='ltr'>b.</span> 
     </span>
    </p>

    <p class='ocr_par' dir='ltr' id='par_1_4' title="bbox 479 564 2015 754">
     <span class='ocr_line' id='line_1_7' title="bbox 479 564 2014 617; baseline 0.005 -17"><span class='ocrx_word' id='word_1_53' title='bbox 479 564 598 601; x_wconf 89' lang='lat' dir='ltr'>Paulus</span> <span class='ocrx_word' id='word_1_54' title='bbox 620 569 788 614; x_wconf 82' lang='lat' dir='ltr'>episcopus</span> <span class='ocrx_word' id='word_1_55' title='bbox 803 568 1093 603; x_wconf 75' lang='lat' dir='ltr'>Thessalonicensis</span> <span class='ocrx_word' id='word_1_56' title='bbox 1114 569 1246 604; x_wconf 85' lang='lat' dir='ltr'>Romam</span> <span class='ocrx_word' id='word_1_57' title='bbox 1264 579 1391 604; x_wconf 83' lang='lat' dir='ltr'>vocatur</span> <span class='ocrx_word' id='word_1_58' title='bbox 1407 577 1439 603; x_wconf 88' lang='lat' dir='ltr'>ut</span> <span class='ocrx_word' id='word_1_59' title='bbox 1458 582 1491 604; x_wconf 87' lang='lat' dir='ltr'>se</span> <span class='ocrx_word' id='word_1_60' title='bbox 1512 569 1551 604; x_wconf 88' lang='lat' dir='ltr'>ab</span> <span class='ocrx_word' id='word_1_61' title='bbox 1572 569 1701 604; x_wconf 88' lang='lat' dir='ltr'>obiectis</span> <span class='ocrx_word' id='word_1_62' title='bbox 1717 579 1882 617; x_wconf 74' lang='lat' dir='ltr'>expurget,</span> <span class='ocrx_word' id='word_1_63' title='bbox 1898 574 1968 607; x_wconf 86' lang='grc'>200</span> <span class='ocrx_word' id='word_1_64' title='bbox 1983 585 2014 607; x_wconf 88' lang='grc' dir='ltr'>α.</span> 
     </span>
     <span class='ocr_line' id='line_1_8' title="bbox 577 618 2015 667; baseline 0.004 -16"><span class='ocrx_word' id='word_1_65' title='bbox 577 619 796 664; x_wconf 82' lang='lat' dir='ltr'>Apocrisarios</span> <span class='ocrx_word' id='word_1_66' title='bbox 823 619 1020 664; x_wconf 78' lang='lat' dir='ltr'>Apostolicac</span> <span class='ocrx_word' id='word_1_67' title='bbox 1036 618 1129 653; x_wconf 68' lang='lat' dir='ltr'>Sedis</span> <span class='ocrx_word' id='word_1_68' title='bbox 1151 620 1335 666; x_wconf 73' lang='lat' dir='ltr'>corrumpit,</span> <span class='ocrx_word' id='word_1_69' title='bbox 1360 621 1434 653; x_wconf 71' lang='lat' dir='ltr'>ibid.</span> <span class='ocrx_word' id='word_1_70' title='bbox 1455 619 1620 654; x_wconf 79' lang='lat' dir='ltr'>Peccatum</span> <span class='ocrx_word' id='word_1_71' title='bbox 1636 632 1728 654; x_wconf 87' lang='lat' dir='ltr'>suum</span> <span class='ocrx_word' id='word_1_72' title='bbox 1754 633 1815 655; x_wconf 89' lang='lat' dir='ltr'>non</span> <span class='ocrx_word' id='word_1_73' title='bbox 1837 622 2015 667; x_wconf 80' lang='lat' dir='ltr'>confitetur,</span> 
     </span>
     <span class='ocr_line' id='line_1_9' title="bbox 580 666 2013 716; baseline 0.005 -16"><span class='ocrx_word' id='word_1_74' title='bbox 580 666 714 713; x_wconf 85' lang='lat' dir='ltr'>ideoque</span> <span class='ocrx_word' id='word_1_75' title='bbox 742 667 1022 702; x_wconf 85' lang='lat' dir='ltr'>anathematizatur</span> <span class='ocrx_word' id='word_1_76' title='bbox 1055 683 1069 702; x_wconf 83' lang='lat' dir='ltr'>a</span> <span class='ocrx_word' id='word_1_77' title='bbox 1097 668 1231 703; x_wconf 86' lang='lat' dir='ltr'>Martino</span> <span class='ocrx_word' id='word_1_78' title='bbox 1258 669 1269 703; x_wconf 93' lang='lat'>1</span> <span class='ocrx_word' id='word_1_79' title='bbox 1291 666 1367 712; x_wconf 97' lang='lat' dir='ltr'>PR,</span> <span class='ocrx_word' id='word_1_80' title='bbox 1390 672 1455 703; x_wconf 82' lang='grc'>201</span> <span class='ocrx_word' id='word_1_81' title='bbox 1483 682 1502 704; x_wconf 92' lang='grc' dir='ltr'><em>α</em></span> <span class='ocrx_word' id='word_1_82' title='bbox 1524 676 1554 704; x_wconf 88' lang='lat' dir='ltr'>et</span> <span class='ocrx_word' id='word_1_83' title='bbox 1580 671 1606 704; x_wconf 92' lang='lat' dir='ltr'>b.</span> <span class='ocrx_word' id='word_1_84' title='bbox 1631 668 1808 716; x_wconf 87' lang='lat' dir='ltr'>Deponitur</span> <span class='ocrx_word' id='word_1_85' title='bbox 1833 670 1873 706; x_wconf 93' lang='lat' dir='ltr'>ab</span> <span class='ocrx_word' id='word_1_86' title='bbox 1900 672 2013 707; x_wconf 86' lang='lat' dir='ltr'>eodem</span> 
     </span>
     <span class='ocr_line' id='line_1_10' title="bbox 579 715 981 754; baseline 0.002 -5"><span class='ocrx_word' id='word_1_87' title='bbox 579 715 743 754; x_wconf 75' lang='lat' dir='ltr'>Pontifice,</span> <span class='ocrx_word' id='word_1_88' title='bbox 767 718 836 751; x_wconf 82' lang='grc'>202</span> <span class='ocrx_word' id='word_1_89' title='bbox 859 730 879 751; x_wconf 88' lang='grc' dir='ltr'><em>α</em></span> <span class='ocrx_word' id='word_1_90' title='bbox 902 725 931 750; x_wconf 81' lang='lat' dir='ltr'>et</span> <span class='ocrx_word' id='word_1_91' title='bbox 954 719 981 751; x_wconf 89' lang='lat' dir='ltr'>b.</span> 
     </span>
    </p>

    <p class='ocr_par' dir='ltr' id='par_1_5' title="bbox 477 763 1734 811">
     <span class='ocr_line' id='line_1_11' title="bbox 477 763 1734 811; baseline 0.002 -11"><span class='ocrx_word' id='word_1_92' title='bbox 477 763 565 800; x_wconf 88' lang='lat' dir='ltr'>Pauli</span> <span class='ocrx_word' id='word_1_93' title='bbox 588 765 784 799; x_wconf 82' lang='lat' dir='ltr'>Samosateni</span> <span class='ocrx_word' id='word_1_94' title='bbox 808 778 895 801; x_wconf 84' lang='lat' dir='ltr'>error</span> <span class='ocrx_word' id='word_1_95' title='bbox 917 767 955 801; x_wconf 85' lang='lat' dir='ltr'>de</span> <span class='ocrx_word' id='word_1_96' title='bbox 983 765 1109 800; x_wconf 85' lang='lat' dir='ltr'>Cliristo</span> <span class='ocrx_word' id='word_1_97' title='bbox 1132 767 1298 801; x_wconf 88' lang='lat' dir='ltr'>damnatur</span> <span class='ocrx_word' id='word_1_98' title='bbox 1318 780 1334 802; x_wconf 89' lang='lat' dir='ltr'>a</span> <span class='ocrx_word' id='word_1_99' title='bbox 1357 767 1465 802; x_wconf 80' lang='lat' dir='ltr'>Leone</span> <span class='ocrx_word' id='word_1_100' title='bbox 1487 767 1499 802; x_wconf 96' lang='lat' dir='ltr'>I</span> <span class='ocrx_word' id='word_1_101' title='bbox 1525 767 1602 811; x_wconf 87' lang='lat' dir='ltr'>PR,</span> <span class='ocrx_word' id='word_1_102' title='bbox 1631 772 1676 803; x_wconf 87' lang='grc'>56</span> <span class='ocrx_word' id='word_1_103' title='bbox 1704 782 1734 802; x_wconf 91' lang='grc' dir='ltr'>α.</span> 
     </span>
    </p>

    <p class='ocr_par' dir='ltr' id='par_1_6' title="bbox 476 813 2013 912">
     <span class='ocr_line' id='line_1_12' title="bbox 476 813 2013 866; baseline 0.005 -17"><span class='ocrx_word' id='word_1_104' title='bbox 476 813 565 849; x_wconf 87' lang='lat' dir='ltr'>Pauli</span> <span class='ocrx_word' id='word_1_105' title='bbox 593 814 650 858; x_wconf 59' lang='lat' dir='ltr'>rS.)</span> <span class='ocrx_word' id='word_1_106' title='bbox 675 815 798 850; x_wconf 73' lang='lat' dir='ltr'>basilica</span> <span class='ocrx_word' id='word_1_107' title='bbox 820 815 857 850; x_wconf 89' lang='lat' dir='ltr'>ad</span> <span class='ocrx_word' id='word_1_108' title='bbox 874 816 951 849; x_wconf 81' lang='lat' dir='ltr'>viam</span> <span class='ocrx_word' id='word_1_109' title='bbox 971 816 1150 850; x_wconf 61' lang='lat' dir='ltr'>Oatenseiu</span> <span class='ocrx_word' id='word_1_110' title='bbox 1181 817 1375 863; x_wconf 73' lang='lat' dir='ltr'>privilegium</span> <span class='ocrx_word' id='word_1_111' title='bbox 1398 817 1518 851; x_wconf 82' lang='lat' dir='ltr'>obtinet</span> <span class='ocrx_word' id='word_1_112' title='bbox 1532 830 1548 851; x_wconf 89' lang='lat' dir='ltr'>a</span> <span class='ocrx_word' id='word_1_113' title='bbox 1562 817 1715 863; x_wconf 74' lang='lat' dir='ltr'>Gregorio</span> <span class='ocrx_word' id='word_1_114' title='bbox 1729 818 1743 852; x_wconf 94' lang='grc' dir='ltr'><strong>Ι</strong></span> <span class='ocrx_word' id='word_1_115' title='bbox 1759 818 1821 852; x_wconf 90' lang='grc' dir='ltr'>ΡΡ.</span> <span class='ocrx_word' id='word_1_116' title='bbox 1844 831 1908 866; x_wconf 91' lang='lat' dir='ltr'>quo</span> <span class='ocrx_word' id='word_1_117' title='bbox 1931 820 2013 856; x_wconf 86' lang='lat' dir='ltr'>bona</span> 
     </span>
     <span class='ocr_line' id='line_1_13' title="bbox 577 865 1627 912; baseline 0.003 -14"><span class='ocrx_word' id='word_1_118' title='bbox 577 865 730 898; x_wconf 86' lang='lat' dir='ltr'>nonnulla</span> <span class='ocrx_word' id='word_1_119' title='bbox 757 867 784 899; x_wconf 92' lang='lat' dir='ltr'>ei</span> <span class='ocrx_word' id='word_1_120' title='bbox 812 866 1011 911; x_wconf 73' lang='lat' dir='ltr'>assignantur</span> <span class='ocrx_word' id='word_1_121' title='bbox 1034 879 1088 912; x_wconf 89' lang='lat' dir='ltr'>pro</span> <span class='ocrx_word' id='word_1_122' title='bbox 1112 866 1329 906; x_wconf 82' lang='lat' dir='ltr'>luminaribus,</span> <span class='ocrx_word' id='word_1_123' title='bbox 1355 869 1423 901; x_wconf 78' lang='lat'>175</span> <span class='ocrx_word' id='word_1_124' title='bbox 1445 868 1476 906; x_wconf 82' lang='lat' dir='ltr'>b,</span> <span class='ocrx_word' id='word_1_125' title='bbox 1507 868 1575 900; x_wconf 58' lang='lat'>176</span> <span class='ocrx_word' id='word_1_126' title='bbox 1597 880 1627 901; x_wconf 86' lang='grc' dir='ltr'>α.</span> 
     </span>
    </p>

    <p class='ocr_par' dir='ltr' id='par_1_7' title="bbox 475 912 2015 1006">
     <span class='ocr_line' id='line_1_14' title="bbox 475 912 2015 954; baseline 0.005 -7"><span class='ocrx_word' id='word_1_127' title='bbox 475 912 653 948; x_wconf 86' lang='lat' dir='ltr'>Pennensis</span> <span class='ocrx_word' id='word_1_128' title='bbox 674 914 816 949; x_wconf 75' lang='lat' dir='ltr'>Ecclesia</span> <span class='ocrx_word' id='word_1_129' title='bbox 838 915 1107 950; x_wconf 78' lang='lat' dir='ltr'>confirmationem</span> <span class='ocrx_word' id='word_1_130' title='bbox 1136 916 1290 951; x_wconf 87' lang='lat' dir='ltr'>bonorum</span> <span class='ocrx_word' id='word_1_131' title='bbox 1313 918 1454 951; x_wconf 89' lang='lat' dir='ltr'>omnium</span> <span class='ocrx_word' id='word_1_132' title='bbox 1485 928 1613 951; x_wconf 92' lang='lat' dir='ltr'>suorum</span> <span class='ocrx_word' id='word_1_133' title='bbox 1647 916 1767 952; x_wconf 88' lang='lat' dir='ltr'>obtinet</span> <span class='ocrx_word' id='word_1_134' title='bbox 1791 930 1808 952; x_wconf 88' lang='lat' dir='ltr'>a</span> <span class='ocrx_word' id='word_1_135' title='bbox 1830 917 1960 954; x_wconf 87' lang='lat' dir='ltr'>Nicolao</span> <span class='ocrx_word' id='word_1_136' title='bbox 1986 919 2015 954; x_wconf 86' lang='lat' dir='ltr'>II</span> 
     </span>
     <span class='ocr_line' id='line_1_15' title="bbox 576 962 896 1006; baseline 0.003 -9"><span class='ocrx_word' id='word_1_137' title='bbox 576 962 651 1006; x_wconf 82' lang='lat' dir='ltr'>PR,</span> <span class='ocrx_word' id='word_1_138' title='bbox 675 966 744 998; x_wconf 74' lang='lat'>654</span> <span class='ocrx_word' id='word_1_139' title='bbox 772 978 791 998; x_wconf 82' lang='lat' dir='ltr'>a</span> <span class='ocrx_word' id='word_1_140' title='bbox 818 973 848 998; x_wconf 83' lang='lat' dir='ltr'>et</span> <span class='ocrx_word' id='word_1_141' title='bbox 869 966 896 998; x_wconf 86' lang='lat' dir='ltr'>b.</span> 
     </span>
    </p>

    <p class='ocr_par' dir='ltr' id='par_1_8' title="bbox 475 1010 2010 1062">
     <span class='ocr_line' id='line_1_16' title="bbox 475 1010 2010 1062; baseline 0.005 -16"><span class='ocrx_word' id='word_1_142' title='bbox 475 1010 595 1058; x_wconf 83' lang='lat' dir='ltr'>Pelagii</span> <span class='ocrx_word' id='word_1_143' title='bbox 611 1025 742 1053; x_wconf 73' lang='lat' dir='ltr'>errores,</span> <span class='ocrx_word' id='word_1_144' title='bbox 759 1016 804 1047; x_wconf 79' lang='grc'>95</span> <span class='ocrx_word' id='word_1_145' title='bbox 827 1015 855 1054; x_wconf 77' lang='lat' dir='ltr'>b,</span> <span class='ocrx_word' id='word_1_146' title='bbox 879 1017 924 1048; x_wconf 88' lang='grc'>96</span> <span class='ocrx_word' id='word_1_147' title='bbox 939 1027 958 1048; x_wconf 85' lang='lat' dir='ltr'>a</span> <span class='ocrx_word' id='word_1_148' title='bbox 980 1022 1010 1048; x_wconf 90' lang='lat' dir='ltr'>et</span> <span class='ocrx_word' id='word_1_149' title='bbox 1028 1017 1056 1054; x_wconf 82' lang='lat' dir='ltr'>b,</span> <span class='ocrx_word' id='word_1_150' title='bbox 1078 1017 1123 1049; x_wconf 85' lang='lat'>97</span> <span class='ocrx_word' id='word_1_151' title='bbox 1147 1028 1166 1050; x_wconf 89' lang='grc' dir='ltr'><em>α</em></span> <span class='ocrx_word' id='word_1_152' title='bbox 1191 1024 1221 1050; x_wconf 88' lang='lat' dir='ltr'>et</span> <span class='ocrx_word' id='word_1_153' title='bbox 1235 1017 1262 1058; x_wconf 86' lang='lat' dir='ltr'>b,</span> <span class='ocrx_word' id='word_1_154' title='bbox 1278 1017 1336 1049; x_wconf 81' lang='lat'>98.</span> <span class='ocrx_word' id='word_1_155' title='bbox 1360 1014 1513 1050; x_wconf 87' lang='lat' dir='ltr'>Eiusdem</span> <span class='ocrx_word' id='word_1_156' title='bbox 1535 1028 1658 1052; x_wconf 89' lang='lat' dir='ltr'>errores</span> <span class='ocrx_word' id='word_1_157' title='bbox 1679 1015 1891 1062; x_wconf 83' lang='lat' dir='ltr'>confutantur,</span> <span class='ocrx_word' id='word_1_158' title='bbox 1912 1020 1958 1053; x_wconf 89' lang='grc'>98</span> <span class='ocrx_word' id='word_1_159' title='bbox 1980 1031 2010 1053; x_wconf 85' lang='lat' dir='ltr'>a.</span> 
     </span>
    </p>

    <p class='ocr_par' dir='ltr' id='par_1_9' title="bbox 475 1060 1905 1114">
     <span class='ocr_line' id='line_1_17' title="bbox 475 1060 1905 1114; baseline 0.004 -19"><span class='ocrx_word' id='word_1_160' title='bbox 475 1060 685 1097; x_wconf 81' lang='lat' dir='ltr'>Perusinense</span> <span class='ocrx_word' id='word_1_161' title='bbox 708 1064 933 1098; x_wconf 84' lang='lat' dir='ltr'>monasterium</span> <span class='ocrx_word' id='word_1_162' title='bbox 957 1063 1016 1098; x_wconf 89' lang='lat' dir='ltr'>sub</span> <span class='ocrx_word' id='word_1_163' title='bbox 1038 1065 1237 1111; x_wconf 80' lang='lat' dir='ltr'>Apostolicae</span> <span class='ocrx_word' id='word_1_164' title='bbox 1256 1064 1348 1099; x_wconf 82' lang='lat' dir='ltr'>Sedis</span> <span class='ocrx_word' id='word_1_165' title='bbox 1376 1065 1568 1112; x_wconf 89' lang='lat' dir='ltr'>protectione</span> <span class='ocrx_word' id='word_1_166' title='bbox 1591 1066 1753 1114; x_wconf 74' lang='lat' dir='ltr'>recipitur,</span> <span class='ocrx_word' id='word_1_167' title='bbox 1782 1068 1853 1101; x_wconf 86' lang='grc'>282</span> <span class='ocrx_word' id='word_1_168' title='bbox 1875 1079 1905 1102; x_wconf 88' lang='grc' dir='ltr'>α.</span> 
     </span>
    </p>

    <p class='ocr_par' dir='ltr' id='par_1_10' title="bbox 473 1109 2012 1213">
     <span class='ocr_line' id='line_1_18' title="bbox 473 1109 2012 1162; baseline 0.004 -17"><span class='ocrx_word' id='word_1_169' title='bbox 473 1109 675 1146; x_wconf 77' lang='lat' dir='ltr'>Pestancnsis</span> <span class='ocrx_word' id='word_1_170' title='bbox 708 1112 867 1148; x_wconf 82' lang='lat' dir='ltr'>Ecclesiae</span> <span class='ocrx_word' id='word_1_171' title='bbox 894 1114 931 1148; x_wconf 87' lang='lat' dir='ltr'>ad</span> <span class='ocrx_word' id='word_1_172' title='bbox 959 1113 1187 1149; x_wconf 73' lang='lat' dir='ltr'>salernitanam</span> <span class='ocrx_word' id='word_1_173' title='bbox 1227 1114 1389 1149; x_wconf 74' lang='lat' dir='ltr'>translatio</span> <span class='ocrx_word' id='word_1_174' title='bbox 1423 1115 1608 1150; x_wconf 83' lang='lat' dir='ltr'>conceditur</span> <span class='ocrx_word' id='word_1_175' title='bbox 1644 1128 1661 1151; x_wconf 89' lang='lat' dir='ltr'>a</span> <span class='ocrx_word' id='word_1_176' title='bbox 1691 1116 1844 1162; x_wconf 72' lang='lat' dir='ltr'>Gregorio</span> <span class='ocrx_word' id='word_1_177' title='bbox 1867 1116 1895 1151; x_wconf 92' lang='lat' dir='ltr'>V</span> <span class='ocrx_word' id='word_1_178' title='bbox 1927 1117 2012 1160; x_wconf 86' lang='lat' dir='ltr'>PR,</span> 
     </span>
     <span class='ocr_line' id='line_1_19' title="bbox 574 1165 1490 1213; baseline 0.004 -18"><span class='ocrx_word' id='word_1_179' title='bbox 574 1165 643 1196; x_wconf 78' lang='lat'>462</span> <span class='ocrx_word' id='word_1_180' title='bbox 671 1175 700 1196; x_wconf 84' lang='lat' dir='ltr'>a.</span> <span class='ocrx_word' id='word_1_181' title='bbox 1486 1208 1490 1213; x_wconf 87' lang='lat'>.</span> 
     </span>
    </p>

    <p class='ocr_par' dir='ltr' id='par_1_11' title="bbox 430 1208 2011 1360">
     <span class='ocr_line' id='line_1_20' title="bbox 430 1208 2011 1264; baseline 0.004 -20"><span class='ocrx_word' id='word_1_182' title='bbox 430 1216 433 1219; x_wconf 72' lang='grc'><strong>“</strong></span> <span class='ocrx_word' id='word_1_183' title='bbox 472 1208 677 1245; x_wconf 87' lang='lat' dir='ltr'>Petronacius</span> <span class='ocrx_word' id='word_1_184' title='bbox 703 1211 962 1260; x_wconf 81' lang='lat' dir='ltr'>archiepiscopus</span> <span class='ocrx_word' id='word_1_185' title='bbox 983 1212 1234 1249; x_wconf 82' lang='lat' dir='ltr'>Ravennatensis</span> <span class='ocrx_word' id='word_1_186' title='bbox 1260 1213 1459 1260; x_wconf 72' lang='lat' dir='ltr'>privilegium</span> <span class='ocrx_word' id='word_1_187' title='bbox 1488 1214 1609 1249; x_wconf 88' lang='lat' dir='ltr'>obtinet</span> <span class='ocrx_word' id='word_1_188' title='bbox 1630 1227 1646 1249; x_wconf 89' lang='lat' dir='ltr'>a</span> <span class='ocrx_word' id='word_1_189' title='bbox 1676 1214 1817 1249; x_wconf 86' lang='lat' dir='ltr'>Pascbali</span> <span class='ocrx_word' id='word_1_190' title='bbox 1842 1215 1918 1261; x_wconf 87' lang='lat' dir='ltr'>PR,</span> <span class='ocrx_word' id='word_1_191' title='bbox 1945 1228 2011 1264; x_wconf 89' lang='lat' dir='ltr'>quo</span> 
     </span>
     <span class='ocr_line' id='line_1_21' title="bbox 571 1261 2011 1309; baseline 0.006 -16"><span class='ocrx_word' id='word_1_192' title='bbox 571 1261 730 1307; x_wconf 73' lang='lat' dir='ltr'>privilegia</span> <span class='ocrx_word' id='word_1_193' title='bbox 758 1262 862 1296; x_wconf 86' lang='lat' dir='ltr'>omnia</span> <span class='ocrx_word' id='word_1_194' title='bbox 890 1275 905 1297; x_wconf 89' lang='lat' dir='ltr'>a</span> <span class='ocrx_word' id='word_1_195' title='bbox 933 1263 1065 1297; x_wconf 82' lang='lat' dir='ltr'>suminis</span> <span class='ocrx_word' id='word_1_196' title='bbox 1088 1263 1293 1298; x_wconf 76' lang='lat' dir='ltr'>Pontificibus</span> <span class='ocrx_word' id='word_1_197' title='bbox 1316 1264 1361 1298; x_wconf 77' lang='lat' dir='ltr'>vel</span> <span class='ocrx_word' id='word_1_198' title='bbox 1390 1264 1633 1309; x_wconf 81' lang='lat' dir='ltr'>imperatoribus</span> <span class='ocrx_word' id='word_1_199' title='bbox 1660 1277 1735 1299; x_wconf 89' lang='lat' dir='ltr'>suae</span> <span class='ocrx_word' id='word_1_200' title='bbox 1754 1265 1916 1300; x_wconf 85' lang='lat' dir='ltr'>Ecclesiae</span> <span class='ocrx_word' id='word_1_201' title='bbox 1930 1278 2011 1301; x_wconf 90' lang='lat' dir='ltr'>con-</span> 
     </span>
     <span class='ocr_line' id='line_1_22' title="bbox 571 1310 1740 1360; baseline 0.003 -16"><span class='ocrx_word' id='word_1_202' title='bbox 571 1322 657 1345; x_wconf 83' lang='lat' dir='ltr'>cessa</span> <span class='ocrx_word' id='word_1_203' title='bbox 681 1320 710 1345; x_wconf 90' lang='lat' dir='ltr'>et</span> <span class='ocrx_word' id='word_1_204' title='bbox 735 1310 814 1345; x_wconf 88' lang='lat' dir='ltr'>bona</span> <span class='ocrx_word' id='word_1_205' title='bbox 841 1312 946 1346; x_wconf 82' lang='lat' dir='ltr'>onmia</span> <span class='ocrx_word' id='word_1_206' title='bbox 970 1313 1071 1346; x_wconf 80' lang='lat' dir='ltr'>eidem</span> <span class='ocrx_word' id='word_1_207' title='bbox 1101 1313 1200 1347; x_wconf 87' lang='lat' dir='ltr'>oblata</span> <span class='ocrx_word' id='word_1_208' title='bbox 1224 1313 1461 1353; x_wconf 78' lang='lat' dir='ltr'>confirmantur,</span> <span class='ocrx_word' id='word_1_209' title='bbox 1485 1315 1554 1347; x_wconf 82' lang='grc'>267</span> <span class='ocrx_word' id='word_1_210' title='bbox 1582 1316 1599 1348; x_wconf 87' lang='lat' dir='ltr'>b</span> <span class='ocrx_word' id='word_1_211' title='bbox 1627 1323 1655 1348; x_wconf 82' lang='lat' dir='ltr'>et</span> <span class='ocrx_word' id='word_1_212' title='bbox 1682 1327 1740 1360; x_wconf 81' lang='lat' dir='ltr'>seq.</span> 
     </span>
    </p>

    <p class='ocr_par' dir='ltr' id='par_1_12' title="bbox 471 1356 2010 1508">
     <span class='ocr_line' id='line_1_23' title="bbox 471 1356 2010 1410; baseline 0.005 -17"><span class='ocrx_word' id='word_1_213' title='bbox 471 1356 585 1394; x_wconf 89' lang='lat' dir='ltr'>Petrus</span> <span class='ocrx_word' id='word_1_214' title='bbox 613 1360 669 1401; x_wconf 53' lang='lat' dir='ltr'>(Sa</span> <span class='ocrx_word' id='word_1_215' title='bbox 705 1372 800 1405; x_wconf 81' lang='lat' dir='ltr'>quare</span> <span class='ocrx_word' id='word_1_216' title='bbox 831 1361 952 1396; x_wconf 76' lang='lat' dir='ltr'>dicatur</span> <span class='ocrx_word' id='word_1_217' title='bbox 978 1362 1162 1403; x_wconf 84' lang='lat' dir='ltr'>consessor,</span> <span class='ocrx_word' id='word_1_218' title='bbox 1190 1364 1371 1409; x_wconf 85' lang='lat' dir='ltr'>apostolus,</span> <span class='ocrx_word' id='word_1_219' title='bbox 1401 1371 1517 1409; x_wconf 71' lang='lat' dir='ltr'>martyr</span> <span class='ocrx_word' id='word_1_220' title='bbox 1544 1372 1573 1397; x_wconf 89' lang='lat' dir='ltr'>et</span> <span class='ocrx_word' id='word_1_221' title='bbox 1604 1365 1750 1410; x_wconf 90' lang='lat' dir='ltr'>princeps</span> <span class='ocrx_word' id='word_1_222' title='bbox 1778 1363 2010 1410; x_wconf 87' lang='lat' dir='ltr'>apostolorum,</span> 
     </span>
     <span class='ocr_line' id='line_1_24' title="bbox 570 1409 2008 1451; baseline 0.004 -8"><span class='ocrx_word' id='word_1_223' title='bbox 570 1412 641 1443; x_wconf 64' lang='lat'>5¹46</span> <span class='ocrx_word' id='word_1_224' title='bbox 660 1412 687 1443; x_wconf 91' lang='lat' dir='ltr'>b.</span> <span class='ocrx_word' id='word_1_225' title='bbox 710 1409 867 1445; x_wconf 86' lang='lat' dir='ltr'>Primatus</span> <span class='ocrx_word' id='word_1_226' title='bbox 889 1412 955 1445; x_wconf 83' lang='lat' dir='ltr'>cius</span> <span class='ocrx_word' id='word_1_227' title='bbox 975 1424 1094 1445; x_wconf 78' lang='lat' dir='ltr'>merces</span> <span class='ocrx_word' id='word_1_228' title='bbox 1116 1412 1187 1446; x_wconf 87' lang='lat' dir='ltr'>fidei</span> <span class='ocrx_word' id='word_1_229' title='bbox 1212 1414 1303 1451; x_wconf 77' lang='lat' dir='ltr'>illins,</span> <span class='ocrx_word' id='word_1_230' title='bbox 1322 1415 1367 1446; x_wconf 63' lang='lat'>48</span> <span class='ocrx_word' id='word_1_231' title='bbox 1389 1425 1408 1446; x_wconf 87' lang='grc' dir='ltr'><em>α</em></span> <span class='ocrx_word' id='word_1_232' title='bbox 1431 1420 1462 1447; x_wconf 90' lang='lat' dir='ltr'>et</span> <span class='ocrx_word' id='word_1_233' title='bbox 1477 1415 1524 1446; x_wconf 80' lang='lat'>55</span> <span class='ocrx_word' id='word_1_234' title='bbox 1545 1415 1572 1447; x_wconf 90' lang='lat' dir='ltr'>b.</span> <span class='ocrx_word' id='word_1_235' title='bbox 1596 1413 1675 1448; x_wconf 88' lang='lat' dir='ltr'>Eius</span> <span class='ocrx_word' id='word_1_236' title='bbox 1697 1413 1774 1448; x_wconf 82' lang='lat' dir='ltr'>sides</span> <span class='ocrx_word' id='word_1_237' title='bbox 1796 1414 1834 1448; x_wconf 89' lang='lat' dir='ltr'>de</span> <span class='ocrx_word' id='word_1_238' title='bbox 1857 1413 2008 1449; x_wconf 77' lang='lat' dir='ltr'>lucarna-</span> 
     </span>
     <span class='ocr_line' id='line_1_25' title="bbox 574 1460 2009 1508; baseline 0.005 -16"><span class='ocrx_word' id='word_1_239' title='bbox 574 1460 658 1493; x_wconf 83' lang='lat' dir='ltr'>tione</span> <span class='ocrx_word' id='word_1_240' title='bbox 679 1461 831 1506; x_wconf 70' lang='lat' dir='ltr'>exposita,</span> <span class='ocrx_word' id='word_1_241' title='bbox 856 1463 894 1494; x_wconf 81' lang='lat'>71</span> <span class='ocrx_word' id='word_1_242' title='bbox 927 1462 944 1494; x_wconf 88' lang='lat' dir='ltr'><strong><em>b</em></strong></span> <span class='ocrx_word' id='word_1_243' title='bbox 971 1473 999 1495; x_wconf 86' lang='lat' dir='ltr'>ei</span> <span class='ocrx_word' id='word_1_244' title='bbox 1026 1464 1068 1495; x_wconf 83' lang='grc'>72</span> <span class='ocrx_word' id='word_1_245' title='bbox 1091 1474 1120 1495; x_wconf 81' lang='lat' dir='ltr'>a.</span> <span class='ocrx_word' id='word_1_246' title='bbox 1149 1461 1310 1496; x_wconf 73' lang='lat' dir='ltr'>Christum</span> <span class='ocrx_word' id='word_1_247' title='bbox 1328 1474 1447 1508; x_wconf 78' lang='lat' dir='ltr'>negans</span> <span class='ocrx_word' id='word_1_248' title='bbox 1470 1474 1531 1496; x_wconf 90' lang='lat' dir='ltr'>non</span> <span class='ocrx_word' id='word_1_249' title='bbox 1554 1463 1659 1497; x_wconf 88' lang='lat' dir='ltr'>amisit</span> <span class='ocrx_word' id='word_1_250' title='bbox 1682 1463 1879 1508; x_wconf 80' lang='lat' dir='ltr'>dignitatem,</span> <span class='ocrx_word' id='word_1_251' title='bbox 1896 1465 1967 1498; x_wconf 71' lang='lat'>548</span> <span class='ocrx_word' id='word_1_252' title='bbox 1980 1466 2009 1499; x_wconf 92' lang='lat' dir='ltr'>b.</span> 
     </span>
    </p>

    <p class='ocr_par' dir='ltr' id='par_1_13' title="bbox 471 1503 2009 1755">
     <span class='ocr_line' id='line_1_26' title="bbox 471 1503 2007 1560; baseline 0.004 -19"><span class='ocrx_word' id='word_1_253' title='bbox 471 1503 586 1542; x_wconf 87' lang='lat' dir='ltr'>Petrus</span> <span class='ocrx_word' id='word_1_254' title='bbox 608 1509 778 1555; x_wconf 87' lang='lat' dir='ltr'>episcopus</span> <span class='ocrx_word' id='word_1_255' title='bbox 802 1509 915 1557; x_wconf 66' lang='lat' dir='ltr'>Sylvae</span> <span class='ocrx_word' id='word_1_256' title='bbox 942 1509 1102 1545; x_wconf 85' lang='lat' dir='ltr'>Candidac</span> <span class='ocrx_word' id='word_1_257' title='bbox 1127 1512 1322 1558; x_wconf 74' lang='lat' dir='ltr'>privilegium</span> <span class='ocrx_word' id='word_1_258' title='bbox 1344 1512 1465 1545; x_wconf 87' lang='lat' dir='ltr'>obtinet</span> <span class='ocrx_word' id='word_1_259' title='bbox 1481 1524 1497 1546; x_wconf 91' lang='lat' dir='ltr'>a</span> <span class='ocrx_word' id='word_1_260' title='bbox 1512 1511 1628 1546; x_wconf 84' lang='lat' dir='ltr'>Ioanne</span> <span class='ocrx_word' id='word_1_261' title='bbox 1653 1512 1731 1546; x_wconf 77' lang='lat' dir='ltr'>xlx</span> <span class='ocrx_word' id='word_1_262' title='bbox 1753 1512 1829 1556; x_wconf 91' lang='lat' dir='ltr'>PR,</span> <span class='ocrx_word' id='word_1_263' title='bbox 1846 1525 1910 1560; x_wconf 90' lang='lat' dir='ltr'>quo</span> <span class='ocrx_word' id='word_1_264' title='bbox 1926 1512 2007 1548; x_wconf 90' lang='lat' dir='ltr'>bona</span> 
     </span>
     <span class='ocr_line' id='line_1_27' title="bbox 569 1558 2007 1609; baseline 0.004 -18"><span class='ocrx_word' id='word_1_265' title='bbox 569 1560 673 1592; x_wconf 86' lang='lat' dir='ltr'>omnia</span> <span class='ocrx_word' id='word_1_266' title='bbox 696 1558 856 1593; x_wconf 78' lang='lat' dir='ltr'>Ecclesiae</span> <span class='ocrx_word' id='word_1_267' title='bbox 879 1572 952 1594; x_wconf 88' lang='lat' dir='ltr'>suae</span> <span class='ocrx_word' id='word_1_268' title='bbox 979 1561 1205 1595; x_wconf 82' lang='lat' dir='ltr'>confirmantur</span> <span class='ocrx_word' id='word_1_269' title='bbox 1231 1570 1261 1595; x_wconf 89' lang='lat' dir='ltr'>ct</span> <span class='ocrx_word' id='word_1_270' title='bbox 1282 1561 1341 1595; x_wconf 87' lang='lat' dir='ltr'>sibi</span> <span class='ocrx_word' id='word_1_271' title='bbox 1369 1562 1499 1607; x_wconf 85' lang='lat' dir='ltr'>suisque</span> <span class='ocrx_word' id='word_1_272' title='bbox 1523 1562 1763 1597; x_wconf 87' lang='lat' dir='ltr'>successoribus</span> <span class='ocrx_word' id='word_1_273' title='bbox 1786 1562 1948 1609; x_wconf 85' lang='lat' dir='ltr'>perampla</span> <span class='ocrx_word' id='word_1_274' title='bbox 1975 1563 2007 1598; x_wconf 86' lang='lat' dir='ltr'>in</span> 
     </span>
     <span class='ocr_line' id='line_1_28' title="bbox 571 1607 2009 1652; baseline 0.003 -11"><span class='ocrx_word' id='word_1_275' title='bbox 571 1607 710 1642; x_wconf 82' lang='lat' dir='ltr'>Ecclesia</span> <span class='ocrx_word' id='word_1_276' title='bbox 733 1608 765 1643; x_wconf 87' lang='lat' dir='ltr'>S.</span> <span class='ocrx_word' id='word_1_277' title='bbox 794 1608 877 1643; x_wconf 82' lang='lat' dir='ltr'>Petri</span> <span class='ocrx_word' id='word_1_278' title='bbox 900 1609 1022 1643; x_wconf 88' lang='lat' dir='ltr'>Romae</span> <span class='ocrx_word' id='word_1_279' title='bbox 1044 1618 1074 1644; x_wconf 86' lang='lat' dir='ltr'>et</span> <span class='ocrx_word' id='word_1_280' title='bbox 1096 1610 1219 1645; x_wconf 85' lang='lat' dir='ltr'>civitate</span> <span class='ocrx_word' id='word_1_281' title='bbox 1242 1611 1381 1645; x_wconf 83' lang='lat' dir='ltr'>Lconiua</span> <span class='ocrx_word' id='word_1_282' title='bbox 1409 1611 1582 1645; x_wconf 87' lang='lat' dir='ltr'>iurisdictio</span> <span class='ocrx_word' id='word_1_283' title='bbox 1615 1612 1815 1652; x_wconf 80' lang='lat' dir='ltr'>conceditur,</span> <span class='ocrx_word' id='word_1_284' title='bbox 1839 1614 1910 1646; x_wconf 81' lang='lat'>556</span> <span class='ocrx_word' id='word_1_285' title='bbox 1938 1625 1958 1647; x_wconf 91' lang='lat' dir='ltr'>a</span> <span class='ocrx_word' id='word_1_286' title='bbox 1979 1621 2009 1647; x_wconf 89' lang='lat' dir='ltr'>et</span> 
     </span>
     <span class='ocr_line' id='line_1_29' title="bbox 570 1658 2007 1709; baseline 0.005 -19"><span class='ocrx_word' id='word_1_287' title='bbox 570 1658 598 1696; x_wconf 85' lang='lat' dir='ltr'>b,</span> <span class='ocrx_word' id='word_1_288' title='bbox 618 1669 674 1692; x_wconf 87' lang='lat' dir='ltr'>nec</span> <span class='ocrx_word' id='word_1_289' title='bbox 696 1670 758 1692; x_wconf 88' lang='lat' dir='ltr'>non</span> <span class='ocrx_word' id='word_1_290' title='bbox 782 1671 840 1703; x_wconf 81' lang='lat' dir='ltr'>seq.</span> <span class='ocrx_word' id='word_1_291' title='bbox 870 1659 895 1692; x_wconf 80' lang='lat' dir='ltr'><strong>A</strong></span> <span class='ocrx_word' id='word_1_292' title='bbox 917 1659 1090 1694; x_wconf 82' lang='lat' dir='ltr'>Benedicto</span> <span class='ocrx_word' id='word_1_293' title='bbox 1112 1668 1217 1695; x_wconf 91' lang='lat' dir='ltr'>autem</span> <span class='ocrx_word' id='word_1_294' title='bbox 1242 1660 1311 1695; x_wconf 88' lang='lat' dir='ltr'>VIll</span> <span class='ocrx_word' id='word_1_295' title='bbox 1334 1660 1397 1694; x_wconf 91' lang='lat' dir='ltr'>PR</span> <span class='ocrx_word' id='word_1_296' title='bbox 1421 1673 1483 1695; x_wconf 91' lang='lat' dir='ltr'>non</span> <span class='ocrx_word' id='word_1_297' title='bbox 1506 1660 1648 1696; x_wconf 86' lang='lat' dir='ltr'>absimile</span> <span class='ocrx_word' id='word_1_298' title='bbox 1671 1661 1868 1709; x_wconf 71' lang='lat' dir='ltr'>privilegium</span> <span class='ocrx_word' id='word_1_299' title='bbox 1893 1663 2007 1697; x_wconf 90' lang='lat' dir='ltr'>iterum</span> 
     </span>
     <span class='ocr_line' id='line_1_30' title="bbox 568 1706 1192 1755; baseline 0.005 -15"><span class='ocrx_word' id='word_1_300' title='bbox 568 1706 700 1745; x_wconf 79' lang='lat' dir='ltr'>obtinet.</span> <span class='ocrx_word' id='word_1_301' title='bbox 729 1710 800 1743; x_wconf 79' lang='lat'>555</span> <span class='ocrx_word' id='word_1_302' title='bbox 821 1721 840 1742; x_wconf 86' lang='lat' dir='ltr'>a</span> <span class='ocrx_word' id='word_1_303' title='bbox 862 1716 892 1742; x_wconf 90' lang='lat' dir='ltr'>et</span> <span class='ocrx_word' id='word_1_304' title='bbox 915 1710 943 1749; x_wconf 83' lang='lat' dir='ltr'>b,</span> <span class='ocrx_word' id='word_1_305' title='bbox 966 1721 1025 1743; x_wconf 88' lang='lat' dir='ltr'>nec</span> <span class='ocrx_word' id='word_1_306' title='bbox 1047 1721 1110 1743; x_wconf 90' lang='lat' dir='ltr'>non</span> <span class='ocrx_word' id='word_1_307' title='bbox 1132 1722 1192 1755; x_wconf 81' lang='lat' dir='ltr'>seq.</span> 
     </span>
    </p>

    <p class='ocr_par' dir='ltr' id='par_1_14' title="bbox 467 1752 2006 1903">
     <span class='ocr_line' id='line_1_31' title="bbox 467 1752 2004 1805; baseline 0.004 -16"><span class='ocrx_word' id='word_1_308' title='bbox 467 1752 581 1790; x_wconf 87' lang='lat' dir='ltr'>Petrus</span> <span class='ocrx_word' id='word_1_309' title='bbox 602 1756 770 1803; x_wconf 88' lang='lat' dir='ltr'>episcopus</span> <span class='ocrx_word' id='word_1_310' title='bbox 805 1757 969 1804; x_wconf 74' lang='lat' dir='ltr'>papiensis</span> <span class='ocrx_word' id='word_1_311' title='bbox 995 1758 1054 1792; x_wconf 89' lang='lat' dir='ltr'>sub</span> <span class='ocrx_word' id='word_1_312' title='bbox 1078 1760 1272 1805; x_wconf 84' lang='lat' dir='ltr'>protectione</span> <span class='ocrx_word' id='word_1_313' title='bbox 1295 1772 1356 1794; x_wconf 93' lang='lat' dir='ltr'>non</span> <span class='ocrx_word' id='word_1_314' title='bbox 1385 1768 1487 1794; x_wconf 88' lang='lat' dir='ltr'>autem</span> <span class='ocrx_word' id='word_1_315' title='bbox 1516 1759 1733 1794; x_wconf 83' lang='lat' dir='ltr'>iurisdictione</span> <span class='ocrx_word' id='word_1_316' title='bbox 1766 1772 1822 1795; x_wconf 86' lang='lat' dir='ltr'>sua</span> <span class='ocrx_word' id='word_1_317' title='bbox 1839 1787 1847 1800; x_wconf 80' lang='lat'>,</span> <span class='ocrx_word' id='word_1_318' title='bbox 1875 1759 2004 1796; x_wconf 85' lang='lat' dir='ltr'>iubente</span> 
     </span>
     <span class='ocr_line' id='line_1_32' title="bbox 565 1805 2006 1858; baseline 0.005 -19"><span class='ocrx_word' id='word_1_319' title='bbox 565 1805 682 1848; x_wconf 59' lang='lat' dir='ltr'>Ioanne</span> <span class='ocrx_word' id='word_1_320' title='bbox 708 1806 782 1841; x_wconf 79' lang='lat' dir='ltr'>XllI</span> <span class='ocrx_word' id='word_1_321' title='bbox 818 1807 892 1847; x_wconf 69' lang='lat' dir='ltr'>PR,</span> <span class='ocrx_word' id='word_1_322' title='bbox 930 1808 1041 1855; x_wconf 79' lang='lat' dir='ltr'>recipit</span> <span class='ocrx_word' id='word_1_323' title='bbox 1069 1810 1293 1843; x_wconf 89' lang='lat' dir='ltr'>monasterium</span> <span class='ocrx_word' id='word_1_324' title='bbox 1321 1809 1354 1844; x_wconf 90' lang='lat' dir='ltr'>S.</span> <span class='ocrx_word' id='word_1_325' title='bbox 1389 1809 1560 1844; x_wconf 85' lang='lat' dir='ltr'>Salvatoris</span> <span class='ocrx_word' id='word_1_326' title='bbox 1592 1809 1757 1857; x_wconf 77' lang='lat' dir='ltr'>Papiensis</span> <span class='ocrx_word' id='word_1_327' title='bbox 1784 1809 1822 1844; x_wconf 89' lang='lat' dir='ltr'>ab</span> <span class='ocrx_word' id='word_1_328' title='bbox 1844 1809 2006 1858; x_wconf 81' lang='lat' dir='ltr'>Adelayda</span> 
     </span>
     <span class='ocr_line' id='line_1_33' title="bbox 566 1855 1603 1903; baseline 0.005 -15"><span class='ocrx_word' id='word_1_329' title='bbox 566 1855 764 1900; x_wconf 86' lang='lat' dir='ltr'>imperatrice</span> <span class='ocrx_word' id='word_1_330' title='bbox 790 1864 930 1891; x_wconf 88' lang='lat' dir='ltr'>erectum</span> <span class='ocrx_word' id='word_1_331' title='bbox 957 1865 988 1892; x_wconf 86' lang='lat' dir='ltr'>et</span> <span class='ocrx_word' id='word_1_332' title='bbox 1015 1857 1168 1903; x_wconf 82' lang='lat' dir='ltr'>(lotatum,</span> <span class='ocrx_word' id='word_1_333' title='bbox 1190 1861 1261 1893; x_wconf 70' lang='lat'>450</span> <span class='ocrx_word' id='word_1_334' title='bbox 1284 1861 1300 1893; x_wconf 89' lang='lat' dir='ltr'>b</span> <span class='ocrx_word' id='word_1_335' title='bbox 1328 1867 1358 1893; x_wconf 82' lang='lat' dir='ltr'>et</span> <span class='ocrx_word' id='word_1_336' title='bbox 1380 1861 1445 1893; x_wconf 69' lang='lat'>451</span> <span class='ocrx_word' id='word_1_337' title='bbox 1478 1873 1497 1893; x_wconf 86' lang='lat' dir='ltr'><em>a</em></span> <span class='ocrx_word' id='word_1_338' title='bbox 1519 1868 1549 1893; x_wconf 76' lang='lat' dir='ltr'>et</span> <span class='ocrx_word' id='word_1_339' title='bbox 1576 1861 1603 1893; x_wconf 88' lang='lat' dir='ltr'>b.</span> 
     </span>
    </p>

    <p class='ocr_par' dir='ltr' id='par_1_15' title="bbox 465 1901 2004 2101">
     <span class='ocr_line' id='line_1_34' title="bbox 465 1901 2004 1955; baseline 0.005 -17"><span class='ocrx_word' id='word_1_340' title='bbox 465 1901 579 1938; x_wconf 86' lang='lat' dir='ltr'>Petrus</span> <span class='ocrx_word' id='word_1_341' title='bbox 605 1904 695 1940; x_wconf 87' lang='lat' dir='ltr'>Fullo</span> <span class='ocrx_word' id='word_1_342' title='bbox 721 1906 890 1953; x_wconf 84' lang='lat' dir='ltr'>episcopus</span> <span class='ocrx_word' id='word_1_343' title='bbox 912 1907 1130 1942; x_wconf 79' lang='lat' dir='ltr'>Antiochenus</span> <span class='ocrx_word' id='word_1_344' title='bbox 1159 1908 1314 1955; x_wconf 81' lang='lat' dir='ltr'>pestiferis</span> <span class='ocrx_word' id='word_1_345' title='bbox 1345 1908 1498 1943; x_wconf 88' lang='lat' dir='ltr'>‹loctrinis</span> <span class='ocrx_word' id='word_1_346' title='bbox 1526 1909 1676 1947; x_wconf 79' lang='lat' dir='ltr'>imbutus,</span> <span class='ocrx_word' id='word_1_347' title='bbox 1701 1911 1745 1944; x_wconf 78' lang='lat'>89</span> <span class='ocrx_word' id='word_1_348' title='bbox 1773 1911 1801 1943; x_wconf 90' lang='lat' dir='ltr'>b.</span> <span class='ocrx_word' id='word_1_349' title='bbox 1824 1908 1903 1943; x_wconf 92' lang='lat' dir='ltr'>Eius</span> <span class='ocrx_word' id='word_1_350' title='bbox 1925 1909 2004 1945; x_wconf 85' lang='lat' dir='ltr'>hae-</span> 
     </span>
     <span class='ocr_line' id='line_1_35' title="bbox 565 1955 2004 2006; baseline 0.004 -19"><span class='ocrx_word' id='word_1_351' title='bbox 565 1955 640 1988; x_wconf 87' lang='lat' dir='ltr'>resis</span> <span class='ocrx_word' id='word_1_352' title='bbox 663 1956 782 2001; x_wconf 80' lang='lat' dir='ltr'>priores</span> <span class='ocrx_word' id='word_1_353' title='bbox 804 1956 949 1991; x_wconf 76' lang='lat' dir='ltr'>haereses</span> <span class='ocrx_word' id='word_1_354' title='bbox 972 1958 1150 1997; x_wconf 56' lang='lat' dir='ltr'>nascendo,</span> <span class='ocrx_word' id='word_1_355' title='bbox 1175 1960 1220 1992; x_wconf 85' lang='grc'>90</span> <span class='ocrx_word' id='word_1_356' title='bbox 1240 1971 1269 1992; x_wconf 88' lang='grc' dir='ltr'>α.</span> <span class='ocrx_word' id='word_1_357' title='bbox 1297 1958 1474 2001; x_wconf 84' lang='lat' dir='ltr'>Deponitur</span> <span class='ocrx_word' id='word_1_358' title='bbox 1495 1966 1525 1993; x_wconf 85' lang='lat' dir='ltr'>et</span> <span class='ocrx_word' id='word_1_359' title='bbox 1547 1959 1714 1993; x_wconf 81' lang='lat' dir='ltr'>damnatur</span> <span class='ocrx_word' id='word_1_360' title='bbox 1735 1971 1751 1993; x_wconf 88' lang='lat' dir='ltr'>a</span> <span class='ocrx_word' id='word_1_361' title='bbox 1780 1958 1813 1993; x_wconf 88' lang='lat' dir='ltr'>S.</span> <span class='ocrx_word' id='word_1_362' title='bbox 1837 1958 2004 2006; x_wconf 87' lang='lat' dir='ltr'>Simplicio</span> 
     </span>
     <span class='ocr_line' id='line_1_36' title="bbox 562 2003 2004 2049; baseline 0.005 -12"><span class='ocrx_word' id='word_1_363' title='bbox 562 2003 637 2044; x_wconf 75' lang='lat' dir='ltr'>PR,</span> <span class='ocrx_word' id='word_1_364' title='bbox 661 2006 734 2038; x_wconf 70' lang='lat' dir='ltr'>ibid.</span> <span class='ocrx_word' id='word_1_365' title='bbox 758 2005 796 2039; x_wconf 87' lang='lat' dir='ltr'>Ut</span> <span class='ocrx_word' id='word_1_366' title='bbox 824 2014 957 2040; x_wconf 87' lang='lat' dir='ltr'>sectator</span> <span class='ocrx_word' id='word_1_367' title='bbox 991 2006 1182 2048; x_wconf 61' lang='lat' dir='ltr'>Manichaei,</span> <span class='ocrx_word' id='word_1_368' title='bbox 1217 2008 1303 2041; x_wconf 86' lang='lat' dir='ltr'>Pauli</span> <span class='ocrx_word' id='word_1_369' title='bbox 1337 2008 1553 2049; x_wconf 80' lang='lat' dir='ltr'>Saniasateni,</span> <span class='ocrx_word' id='word_1_370' title='bbox 1577 2008 1710 2043; x_wconf 84' lang='lat' dir='ltr'>Nestorii</span> <span class='ocrx_word' id='word_1_371' title='bbox 1739 2016 1769 2043; x_wconf 92' lang='lat' dir='ltr'>et</span> <span class='ocrx_word' id='word_1_372' title='bbox 1795 2008 1924 2044; x_wconf 84' lang='lat' dir='ltr'>Sabellii</span> <span class='ocrx_word' id='word_1_373' title='bbox 1960 2009 2004 2044; x_wconf 90' lang='lat' dir='ltr'>ab</span> 
     </span>
     <span class='ocr_line' id='line_1_37' title="bbox 564 2054 1462 2101; baseline 0.004 -14"><span class='ocrx_word' id='word_1_374' title='bbox 564 2054 674 2088; x_wconf 82' lang='lat' dir='ltr'>eodem</span> <span class='ocrx_word' id='word_1_375' title='bbox 699 2054 849 2089; x_wconf 76' lang='lat' dir='ltr'>Pontifice</span> <span class='ocrx_word' id='word_1_376' title='bbox 875 2056 1165 2101; x_wconf 83' lang='lat' dir='ltr'>anathematizatur,</span> <span class='ocrx_word' id='word_1_377' title='bbox 1193 2060 1239 2091; x_wconf 84' lang='grc'>90</span> <span class='ocrx_word' id='word_1_378' title='bbox 1261 2060 1278 2091; x_wconf 91' lang='lat' dir='ltr'>b</span> <span class='ocrx_word' id='word_1_379' title='bbox 1301 2065 1331 2091; x_wconf 84' lang='lat' dir='ltr'>et</span> <span class='ocrx_word' id='word_1_380' title='bbox 1359 2059 1399 2091; x_wconf 83' lang='grc'>91</span> <span class='ocrx_word' id='word_1_381' title='bbox 1432 2070 1462 2091; x_wconf 85' lang='lat' dir='ltr'>a.</span> 
     </span>
    </p>

    <p class='ocr_par' dir='ltr' id='par_1_16' title="bbox 465 2100 2000 2249">
     <span class='ocr_line' id='line_1_38' title="bbox 465 2100 1996 2151; baseline 0.004 -15"><span class='ocrx_word' id='word_1_382' title='bbox 465 2100 578 2137; x_wconf 88' lang='lat' dir='ltr'>Petrus</span> <span class='ocrx_word' id='word_1_383' title='bbox 599 2103 695 2137; x_wconf 88' lang='lat' dir='ltr'>abbas</span> <span class='ocrx_word' id='word_1_384' title='bbox 716 2104 930 2151; x_wconf 77' lang='lat' dir='ltr'>Septimianus</span> <span class='ocrx_word' id='word_1_385' title='bbox 953 2106 1072 2140; x_wconf 83' lang='lat' dir='ltr'>obtinet</span> <span class='ocrx_word' id='word_1_386' title='bbox 1090 2118 1106 2140; x_wconf 91' lang='lat' dir='ltr'>a</span> <span class='ocrx_word' id='word_1_387' title='bbox 1129 2106 1235 2141; x_wconf 85' lang='lat' dir='ltr'>Leone</span> <span class='ocrx_word' id='word_1_388' title='bbox 1258 2107 1303 2141; x_wconf 79' lang='lat' dir='ltr'>lx</span> <span class='ocrx_word' id='word_1_389' title='bbox 1329 2106 1391 2141; x_wconf 90' lang='grc' dir='ltr'>ΡΡ.</span> <span class='ocrx_word' id='word_1_390' title='bbox 1421 2115 1454 2141; x_wconf 87' lang='lat' dir='ltr'>ut</span> <span class='ocrx_word' id='word_1_391' title='bbox 1482 2107 1707 2141; x_wconf 86' lang='lat' dir='ltr'>monasterium</span> <span class='ocrx_word' id='word_1_392' title='bbox 1734 2119 1828 2142; x_wconf 88' lang='lat' dir='ltr'>suum</span> <span class='ocrx_word' id='word_1_393' title='bbox 1852 2107 1882 2141; x_wconf 93' lang='lat' dir='ltr'>in</span> <span class='ocrx_word' id='word_1_394' title='bbox 1905 2107 1996 2142; x_wconf 88' lang='lat' dir='ltr'>dioe-</span> 
     </span>
     <span class='ocr_line' id='line_1_39' title="bbox 569 2152 2000 2204; baseline 0.004 -18"><span class='ocrx_word' id='word_1_395' title='bbox 569 2153 631 2187; x_wconf 88' lang='lat' dir='ltr'>cesi</span> <span class='ocrx_word' id='word_1_396' title='bbox 660 2152 839 2188; x_wconf 89' lang='lat' dir='ltr'>Florentina</span> <span class='ocrx_word' id='word_1_397' title='bbox 861 2155 954 2189; x_wconf 89' lang='lat' dir='ltr'>situm</span> <span class='ocrx_word' id='word_1_398' title='bbox 977 2155 1015 2189; x_wconf 89' lang='lat' dir='ltr'>ab</span> <span class='ocrx_word' id='word_1_399' title='bbox 1041 2155 1210 2203; x_wconf 87' lang='lat' dir='ltr'>episcopali</span> <span class='ocrx_word' id='word_1_400' title='bbox 1234 2156 1451 2192; x_wconf 88' lang='lat' dir='ltr'>iurisdictione</span> <span class='ocrx_word' id='word_1_401' title='bbox 1474 2156 1609 2191; x_wconf 87' lang='lat' dir='ltr'>liberum</span> <span class='ocrx_word' id='word_1_402' title='bbox 1628 2157 1813 2202; x_wconf 84' lang='lat' dir='ltr'>declaretur,</span> <span class='ocrx_word' id='word_1_403' title='bbox 1830 2157 2000 2204; x_wconf 89' lang='lat' dir='ltr'>multisque</span> 
     </span>
     <span class='ocr_line' id='line_1_40' title="bbox 561 2203 1159 2249; baseline 0.005 -13"><span class='ocrx_word' id='word_1_404' title='bbox 561 2210 716 2248; x_wconf 82' lang='lat' dir='ltr'>augeatur</span> <span class='ocrx_word' id='word_1_405' title='bbox 735 2203 914 2249; x_wconf 75' lang='lat' dir='ltr'>privilegiis,</span> <span class='ocrx_word' id='word_1_406' title='bbox 943 2206 1008 2238; x_wconf 80' lang='lat'>581</span> <span class='ocrx_word' id='word_1_407' title='bbox 1033 2218 1052 2239; x_wconf 91' lang='grc' dir='ltr'><em>α</em></span> <span class='ocrx_word' id='word_1_408' title='bbox 1074 2212 1105 2239; x_wconf 86' lang='lat' dir='ltr'>et</span> <span class='ocrx_word' id='word_1_409' title='bbox 1131 2207 1159 2239; x_wconf 90' lang='lat' dir='ltr'>b.</span> 
     </span>
    </p>

    <p class='ocr_par' dir='ltr' id='par_1_17' title="bbox 464 2248 2006 2399">
     <span class='ocr_line' id='line_1_41' title="bbox 464 2248 2006 2300; baseline 0.005 -16"><span class='ocrx_word' id='word_1_410' title='bbox 464 2248 579 2285; x_wconf 89' lang='lat' dir='ltr'>Petrus</span> <span class='ocrx_word' id='word_1_411' title='bbox 613 2251 708 2286; x_wconf 86' lang='lat' dir='ltr'>abbas</span> <span class='ocrx_word' id='word_1_412' title='bbox 735 2252 936 2287; x_wconf 86' lang='lat' dir='ltr'>Sublacensis</span> <span class='ocrx_word' id='word_1_413' title='bbox 957 2254 1076 2289; x_wconf 83' lang='lat' dir='ltr'>obtinet</span> <span class='ocrx_word' id='word_1_414' title='bbox 1104 2267 1119 2289; x_wconf 82' lang='lat' dir='ltr'>a</span> <span class='ocrx_word' id='word_1_415' title='bbox 1147 2254 1301 2300; x_wconf 80' lang='lat' dir='ltr'>Gregorio</span> <span class='ocrx_word' id='word_1_416' title='bbox 1322 2255 1364 2289; x_wconf 93' lang='lat' dir='ltr'>IV</span> <span class='ocrx_word' id='word_1_417' title='bbox 1385 2255 1450 2289; x_wconf 87' lang='lat' dir='ltr'>PP.</span> <span class='ocrx_word' id='word_1_418' title='bbox 1476 2262 1508 2289; x_wconf 87' lang='lat' dir='ltr'>ut</span> <span class='ocrx_word' id='word_1_419' title='bbox 1526 2256 1731 2291; x_wconf 83' lang='lat' dir='ltr'>confirmetur</span> <span class='ocrx_word' id='word_1_420' title='bbox 1744 2256 1931 2291; x_wconf 88' lang='lat' dir='ltr'>monasterio</span> <span class='ocrx_word' id='word_1_421' title='bbox 1943 2260 2006 2292; x_wconf 74' lang='lat' dir='ltr'>suov</span> 
     </span>
     <span class='ocr_line' id='line_1_42' title="bbox 563 2301 2001 2341; baseline 0.005 -7"><span class='ocrx_word' id='word_1_422' title='bbox 563 2309 699 2335; x_wconf 87' lang='lat' dir='ltr'>castrum</span> <span class='ocrx_word' id='word_1_423' title='bbox 715 2301 841 2336; x_wconf 88' lang='lat' dir='ltr'>Sublaci</span> <span class='ocrx_word' id='word_1_424' title='bbox 865 2315 936 2337; x_wconf 91' lang='lat' dir='ltr'>cum</span> <span class='ocrx_word' id='word_1_425' title='bbox 959 2304 1138 2339; x_wconf 78' lang='lat' dir='ltr'>omnimoda</span> <span class='ocrx_word' id='word_1_426' title='bbox 1163 2304 1380 2339; x_wconf 88' lang='lat' dir='ltr'>iurisdictione</span> <span class='ocrx_word' id='word_1_427' title='bbox 1402 2305 1484 2339; x_wconf 87' lang='lat' dir='ltr'>sicut</span> <span class='ocrx_word' id='word_1_428' title='bbox 1507 2305 1537 2339; x_wconf 93' lang='lat' dir='ltr'>in</span> <span class='ocrx_word' id='word_1_429' title='bbox 1564 2306 1696 2340; x_wconf 87' lang='lat' dir='ltr'>caeteris</span> <span class='ocrx_word' id='word_1_430' title='bbox 1724 2305 1865 2341; x_wconf 86' lang='lat' dir='ltr'>eiusdem</span> <span class='ocrx_word' id='word_1_431' title='bbox 1889 2318 2001 2341; x_wconf 89' lang='lat' dir='ltr'>mona-</span> 
     </span>
     <span class='ocr_line' id='line_1_43' title="bbox 563 2350 1288 2399; baseline 0.006 -15"><span class='ocrx_word' id='word_1_432' title='bbox 563 2350 648 2384; x_wconf 89' lang='lat' dir='ltr'>sterii</span> <span class='ocrx_word' id='word_1_433' title='bbox 672 2352 791 2391; x_wconf 81' lang='lat' dir='ltr'>castris,</span> <span class='ocrx_word' id='word_1_434' title='bbox 819 2354 890 2386; x_wconf 80' lang='grc'>275</span> <span class='ocrx_word' id='word_1_435' title='bbox 912 2365 931 2386; x_wconf 87' lang='grc' dir='ltr'><em>α</em></span> <span class='ocrx_word' id='word_1_436' title='bbox 952 2361 981 2386; x_wconf 89' lang='lat' dir='ltr'>et</span> <span class='ocrx_word' id='word_1_437' title='bbox 1003 2355 1032 2396; x_wconf 89' lang='lat' dir='ltr'>b,</span> <span class='ocrx_word' id='word_1_438' title='bbox 1060 2366 1118 2388; x_wconf 87' lang='lat' dir='ltr'>nec</span> <span class='ocrx_word' id='word_1_439' title='bbox 1144 2366 1207 2388; x_wconf 89' lang='lat' dir='ltr'>non</span> <span class='ocrx_word' id='word_1_440' title='bbox 1229 2367 1288 2399; x_wconf 81' lang='lat' dir='ltr'>seq.</span> 
     </span>
    </p>

    <p class='ocr_par' dir='ltr' id='par_1_18' title="bbox 464 2397 1999 2490">
     <span class='ocr_line' id='line_1_44' title="bbox 464 2397 1999 2451; baseline 0.005 -18"><span class='ocrx_word' id='word_1_441' title='bbox 464 2397 578 2434; x_wconf 90' lang='lat' dir='ltr'>Petrus</span> <span class='ocrx_word' id='word_1_442' title='bbox 600 2400 812 2435; x_wconf 82' lang='lat' dir='ltr'>subdiaconus</span> <span class='ocrx_word' id='word_1_443' title='bbox 839 2401 973 2436; x_wconf 86' lang='lat' dir='ltr'>vicarius</span> <span class='ocrx_word' id='word_1_444' title='bbox 994 2402 1086 2437; x_wconf 82' lang='lat' dir='ltr'>Sedis</span> <span class='ocrx_word' id='word_1_445' title='bbox 1109 2403 1307 2450; x_wconf 86' lang='lat' dir='ltr'>Apostolicae</span> <span class='ocrx_word' id='word_1_446' title='bbox 1326 2402 1405 2438; x_wconf 88' lang='lat' dir='ltr'>iutra</span> <span class='ocrx_word' id='word_1_447' title='bbox 1426 2403 1569 2439; x_wconf 85' lang='lat' dir='ltr'>Siciliam</span> <span class='ocrx_word' id='word_1_448' title='bbox 1583 2404 1761 2439; x_wconf 87' lang='lat' dir='ltr'>declaratur</span> <span class='ocrx_word' id='word_1_449' title='bbox 1781 2416 1798 2439; x_wconf 94' lang='lat' dir='ltr'>a</span> <span class='ocrx_word' id='word_1_450' title='bbox 1820 2402 1999 2451; x_wconf 83' lang='lat' dir='ltr'>GregorioI</span> 
     </span>
     <span class='ocr_line' id='line_1_45' title="bbox 568 2448 877 2490; baseline 0.01 -8"><span class='ocrx_word' id='word_1_451' title='bbox 568 2448 643 2490; x_wconf 83' lang='lat' dir='ltr'>PR,</span> <span class='ocrx_word' id='word_1_452' title='bbox 666 2452 732 2484; x_wconf 77' lang='lat'>159</span> <span class='ocrx_word' id='word_1_453' title='bbox 759 2463 779 2484; x_wconf 86' lang='lat' dir='ltr'>a</span> <span class='ocrx_word' id='word_1_454' title='bbox 801 2459 827 2485; x_wconf 88' lang='lat' dir='ltr'>et</span> <span class='ocrx_word' id='word_1_455' title='bbox 850 2453 877 2485; x_wconf 93' lang='lat' dir='ltr'>b.</span> 
     </span>
    </p>

    <p class='ocr_par' dir='ltr' id='par_1_19' title="bbox 464 2495 1997 2749">
     <span class='ocr_line' id='line_1_46' title="bbox 464 2495 1997 2549; baseline 0.004 -17"><span class='ocrx_word' id='word_1_456' title='bbox 464 2495 549 2532; x_wconf 86' lang='lat' dir='ltr'>Petri</span> <span class='ocrx_word' id='word_1_457' title='bbox 573 2498 629 2542; x_wconf 83' lang='lat' dir='ltr'>(S.)</span> <span class='ocrx_word' id='word_1_458' title='bbox 654 2498 891 2535; x_wconf 86' lang='lat' dir='ltr'>Perusiauensis</span> <span class='ocrx_word' id='word_1_459' title='bbox 918 2501 1142 2536; x_wconf 88' lang='lat' dir='ltr'>monasterium</span> <span class='ocrx_word' id='word_1_460' title='bbox 1174 2502 1368 2548; x_wconf 82' lang='lat' dir='ltr'>privilegium</span> <span class='ocrx_word' id='word_1_461' title='bbox 1397 2502 1517 2537; x_wconf 86' lang='lat' dir='ltr'>obtinet</span> <span class='ocrx_word' id='word_1_462' title='bbox 1551 2514 1567 2537; x_wconf 90' lang='lat' dir='ltr'>a</span> <span class='ocrx_word' id='word_1_463' title='bbox 1595 2502 1750 2549; x_wconf 83' lang='lat' dir='ltr'>Gregorio</span> <span class='ocrx_word' id='word_1_464' title='bbox 1782 2502 1825 2538; x_wconf 88' lang='lat' dir='ltr'>IV</span> <span class='ocrx_word' id='word_1_465' title='bbox 1845 2503 1920 2544; x_wconf 87' lang='lat' dir='ltr'>PR,</span> <span class='ocrx_word' id='word_1_466' title='bbox 1936 2504 1997 2540; x_wconf 92' lang='lat' dir='ltr'>sub</span> 
     </span>
     <span class='ocr_line' id='line_1_47' title="bbox 563 2548 1995 2598; baseline 0.004 -16"><span class='ocrx_word' id='word_1_467' title='bbox 563 2548 764 2595; x_wconf 88' lang='lat' dir='ltr'>Apostolicae</span> <span class='ocrx_word' id='word_1_468' title='bbox 785 2549 877 2584; x_wconf 86' lang='lat' dir='ltr'>Sedis</span> <span class='ocrx_word' id='word_1_469' title='bbox 900 2559 1051 2597; x_wconf 77' lang='lat' dir='ltr'>potestate</span> <span class='ocrx_word' id='word_1_470' title='bbox 1073 2552 1232 2598; x_wconf 79' lang='lat' dir='ltr'>recipitur,</span> <span class='ocrx_word' id='word_1_471' title='bbox 1263 2560 1293 2586; x_wconf 87' lang='lat' dir='ltr'>et</span> <span class='ocrx_word' id='word_1_472' title='bbox 1315 2551 1507 2586; x_wconf 83' lang='lat' dir='ltr'>confirmatis</span> <span class='ocrx_word' id='word_1_473' title='bbox 1530 2552 1792 2587; x_wconf 54' lang='lat' dir='ltr'>bonis==0mnihus</span> <span class='ocrx_word' id='word_1_474' title='bbox 1820 2552 1995 2595; x_wconf 71' lang='lat' dir='ltr'>ei,oblatis‚</span> 
     </span>
     <span class='ocr_line' id='line_1_48' title="bbox 562 2597 1996 2648; baseline 0.004 -17"><span class='ocrx_word' id='word_1_475' title='bbox 562 2608 579 2632; x_wconf 89' lang='lat' dir='ltr'>a</span> <span class='ocrx_word' id='word_1_476' title='bbox 601 2597 828 2646; x_wconf 86' lang='lat' dir='ltr'>cuiuscumque</span> <span class='ocrx_word' id='word_1_477' title='bbox 845 2612 1007 2646; x_wconf 79' lang='lat' dir='ltr'>personae,</span> <span class='ocrx_word' id='word_1_478' title='bbox 1035 2601 1127 2635; x_wconf 86' lang='lat' dir='ltr'>etiam</span> <span class='ocrx_word' id='word_1_479' title='bbox 1151 2601 1339 2635; x_wconf 84' lang='lat' dir='ltr'>dioecesiani</span> <span class='ocrx_word' id='word_1_480' title='bbox 1357 2601 1495 2648; x_wconf 85' lang='lat' dir='ltr'>episcopi</span> <span class='ocrx_word' id='word_1_481' title='bbox 1518 2602 1733 2636; x_wconf 82' lang='lat' dir='ltr'>iurisdictione</span> <span class='ocrx_word' id='word_1_482' title='bbox 1750 2603 1909 2641; x_wconf 78' lang='lat' dir='ltr'>eximitur,</span> <span class='ocrx_word' id='word_1_483' title='bbox 1924 2605 1996 2638; x_wconf 89' lang='grc'>282</span> 
     </span>
     <span class='ocr_line' id='line_1_49' title="bbox 564 2649 1997 2699; baseline 0.004 -18"><span class='ocrx_word' id='word_1_484' title='bbox 564 2659 583 2681; x_wconf 88' lang='grc' dir='ltr'><em>α</em></span> <span class='ocrx_word' id='word_1_485' title='bbox 610 2655 641 2680; x_wconf 89' lang='lat' dir='ltr'>et</span> <span class='ocrx_word' id='word_1_486' title='bbox 662 2649 678 2681; x_wconf 92' lang='lat' dir='ltr'>b</span> <span class='ocrx_word' id='word_1_487' title='bbox 701 2660 757 2682; x_wconf 86' lang='lat' dir='ltr'>nec</span> <span class='ocrx_word' id='word_1_488' title='bbox 784 2661 845 2682; x_wconf 88' lang='lat' dir='ltr'>non</span> <span class='ocrx_word' id='word_1_489' title='bbox 867 2662 925 2694; x_wconf 76' lang='lat' dir='ltr'>seq.</span> <span class='ocrx_word' id='word_1_490' title='bbox 950 2650 977 2683; x_wconf 81' lang='lat' dir='ltr'><strong>A</strong></span> <span class='ocrx_word' id='word_1_491' title='bbox 1003 2651 1156 2695; x_wconf 64' lang='lat' dir='ltr'>Gregorio</span> <span class='ocrx_word' id='word_1_492' title='bbox 1178 2650 1292 2685; x_wconf 79' lang='lat' dir='ltr'>deinde</span> <span class='ocrx_word' id='word_1_493' title='bbox 1318 2650 1359 2684; x_wconf 80' lang='lat' dir='ltr'>Vl</span> <span class='ocrx_word' id='word_1_494' title='bbox 1386 2650 1448 2684; x_wconf 88' lang='lat' dir='ltr'>PR</span> <span class='ocrx_word' id='word_1_495' title='bbox 1469 2650 1738 2685; x_wconf 83' lang='lat' dir='ltr'>confirmationem</span> <span class='ocrx_word' id='word_1_496' title='bbox 1767 2653 1907 2687; x_wconf 88' lang='lat' dir='ltr'>omnium</span> <span class='ocrx_word' id='word_1_497' title='bbox 1931 2654 1997 2699; x_wconf 90' lang='lat' dir='ltr'>pri-</span> 
     </span>
     <span class='ocr_line' id='line_1_50' title="bbox 560 2696 1997 2749; baseline 0.006 -19"><span class='ocrx_word' id='word_1_498' title='bbox 560 2696 756 2746; x_wconf 68' lang='lat' dir='ltr'>vilegiorum2</span> <span class='ocrx_word' id='word_1_499' title='bbox 770 2697 937 2740; x_wconf 89' lang='lat' dir='ltr'>bonorum,</span> <span class='ocrx_word' id='word_1_500' title='bbox 960 2699 1074 2734; x_wconf 88' lang='lat' dir='ltr'>iurium</span> <span class='ocrx_word' id='word_1_501' title='bbox 1098 2712 1227 2735; x_wconf 86' lang='lat' dir='ltr'>suorum</span> <span class='ocrx_word' id='word_1_502' title='bbox 1244 2701 1376 2746; x_wconf 87' lang='lat' dir='ltr'>obtinet,</span> <span class='ocrx_word' id='word_1_503' title='bbox 1392 2702 1461 2735; x_wconf 82' lang='lat'>570</span> <span class='ocrx_word' id='word_1_504' title='bbox 1484 2702 1501 2736; x_wconf 94' lang='lat' dir='ltr'>b</span> <span class='ocrx_word' id='word_1_505' title='bbox 1516 2708 1547 2737; x_wconf 90' lang='lat' dir='ltr'>et</span> <span class='ocrx_word' id='word_1_506' title='bbox 1566 2713 1626 2748; x_wconf 75' lang='lat' dir='ltr'>seq.</span> <span class='ocrx_word' id='word_1_507' title='bbox 1646 2700 1677 2736; x_wconf 82' lang='lat' dir='ltr'><strong>A</strong></span> <span class='ocrx_word' id='word_1_508' title='bbox 1695 2700 1858 2749; x_wconf 80' lang='lat' dir='ltr'>Stephano</span> <span class='ocrx_word' id='word_1_509' title='bbox 1870 2701 1918 2737; x_wconf 80' lang='lat' dir='ltr'>IX</span> <span class='ocrx_word' id='word_1_510' title='bbox 1930 2701 1997 2739; x_wconf 76' lang='grc' dir='ltr'>ΡΡ.</span> 
     </span>
    </p>
   </div>
  </div>
 </body>
</html>
