2237 3127
855 287 955 311 mnnx
978 288 1094 311 nanum
1601 276 1671 313 687

180 344 317 381 Nestorii
340 356 426 379 error
451 343 490 378 de
513 341 726 377 incarnatione
740 340 846 379 Verbi,
869 343 1000 389 eiusque
1022 342 1308 388 anathematizatio,
1331 345 1377 377 67
1400 344 1418 378 b
1440 350 1470 378 et
1494 344 1539 378 76
1559 356 1588 377 α.
1612 342 1719 385 Quare

279 395 456 433 damnatus,
471 394 546 427 ibid.
563 392 640 426 Eius
654 403 775 426 errores
792 391 829 425 de
847 391 881 424 B.
903 391 1030 437 Virgine
1045 401 1075 426 et
1088 394 1126 426 de
1145 392 1271 426 Christo
1294 394 1457 436 confutati⁷
1482 396 1550 427 158
1573 395 1590 427 b
1612 388 1717 438 etseq.

180 444 310 480 Nicetus
331 444 501 490 episcopus
527 441 741 489 Aquileiensis
772 442 994 486 responsiones
1021 443 1188 477 nonnullas
1217 443 1309 477 babet
1335 456 1350 477 a
1381 442 1488 477 Leone
1510 442 1521 476 l
1545 442 1606 477 PP.
1636 442 1718 477 circa

279 494 380 540 aliqua
404 504 483 539 quae
508 504 651 537 magnam
682 490 895 525 difficultatem
925 491 1162 537 dijudicationis
1200 493 1385 527 videbantur
1419 492 1544 533 afferre,
1574 494 1618 526 78
1643 504 1663 527 α
1689 498 1720 527 et

282 546 310 586 b7
333 555 391 577 nec
420 554 481 576 non
508 554 568 587 seq.

178 591 365 627 Nivellensis
393 591 534 626 Ecclesia
557 590 827 625 confirmationem
853 588 1086 634 privilegiorum
1109 589 1166 623 sibi
1189 603 1206 625 a
1233 591 1397 626 Clemente
1418 591 1445 625 II
1468 590 1529 626 PP.
1550 603 1721 626 concesso-

278 654 346 676 rum
375 641 494 675 obtinet
515 652 531 674 a
554 640 660 674 Leone
682 638 727 673 lX
744 638 822 675 PP..
843 640 912 672 584
929 652 948 671 α
971 647 999 671 et
1022 639 1050 671 b.

176 689 433 726 Nonantulanum
458 690 681 723 monasterium
705 689 743 723 ab
764 688 933 734 Aistnlplio
956 687 1061 721 ltaliae
1084 700 1155 732 rege
1177 699 1393 724 constructum
1412 690 1479 734 fuit,
1502 693 1567 724 241
1592 703 1622 724 α.
1638 689 1719 725 Eius

273 740 378 775 abbati
400 739 585 774 conceditur
607 751 720 783 corpus
742 738 775 771 S.
799 737 953 775 Silvestri,
977 745 1009 770 ut
1033 737 1062 770 in
1089 749 1146 770 suo
1168 739 1321 772 coenobio
1350 740 1425 773 illud
1446 740 1572 780 condat,
1595 739 1716 774 Eccle-

274 791 416 836 siainque
438 789 465 823 ei
486 788 621 832 dedicat,
643 789 716 822 ibid.
735 786 925 821 Monasterio
949 787 1031 820 varia
1053 787 1214 832 privilegia
1233 789 1451 823 conceduntur
1472 802 1488 824 a
1509 790 1672 836 Stephano
1689 788 1718 824 ll

277 839 353 881 PP.7
376 841 450 873 ibid.
1298 835 1300 838 ¹

175 888 394 924 Novaliciense
417 887 642 922 monasterium
668 888 750 920 iuxta
768 886 950 919 Bremetum
974 885 1171 926 translatum⁷
1190 892 1220 919 et
1236 896 1339 932 postea
1366 886 1569 923 Bremetcnse
1585 888 1720 928 dictum.

275 938 548 973 confirmationem
572 937 727 971 bonorum
755 946 885 970 suorum
909 934 1029 969 obtinet
1050 947 1067 969 a
1089 935 1263 970 Benedicto
1287 935 1356 970 Vltl
1379 937 1454 979 PP.7
1478 940 1550 972 515
1582 951 1602 972 a
1635 946 1666 973 et
1688 939 1718 976 b,

274 1001 333 1023 nec
355 1000 417 1023 non
439 999 500 1033 seq.

916 1089 956 1129 Ο

175 1179 313 1216 Obertus
342 1178 438 1213 abbas
467 1176 621 1213 coenobio
648 1188 705 1211 suo
731 1175 765 1211 S.
789 1175 930 1210 Miniatis
957 1175 1133 1210 Florentini
1168 1175 1440 1212 confirmationem
1472 1177 1627 1214 bonorum
1648 1192 1722 1214 om-

276 1229 361 1262 nium
384 1229 410 1262 ei
435 1239 659 1264 concessorum
683 1226 721 1260 ab
740 1225 941 1266 llilebrando,
967 1225 1134 1259 Lamberto
1153 1234 1183 1260 et
1200 1225 1326 1260 Athone
1346 1226 1541 1263 Florentinis
1562 1231 1721 1277 episcopis

275 1278 395 1312 obtinet
421 1290 435 1312 a
460 1277 635 1311 Benedicto
659 1275 700 1309 lx
723 1275 800 1314 PR,
825 1277 896 1310 3365
922 1288 941 1309 α
968 1282 998 1309 et
1020 1277 1048 1318 b,
1072 1287 1129 1309 nec
1154 1287 1216 1309 non
1234 1288 1293 1320 seq.

176 1327 273 1363 Odilo
295 1327 392 1362 abbas
413 1327 536 1362 obtinet
557 1339 572 1360 a
596 1325 712 1359 Ioanne
742 1325 818 1359 xlx
841 1324 903 1359 PP.
927 1325 1198 1359 confirmationem
1223 1325 1427 1360 donationum
1452 1339 1559 1373 regum
1583 1336 1612 1362 et
1636 1329 1723 1374 prin-

271 1377 390 1424 cipum7
410 1389 468 1412 nec
490 1389 551 1410 non
576 1375 730 1409 bonorum
755 1375 897 1408 omnium
923 1375 1113 1408 monasterio
1140 1386 1198 1409 suo
1213 1373 1429 1420 Cluniacensi,
1451 1377 1552 1411 addita
1577 1378 1722 1413 libertate

272 1426 311 1461 ab
333 1426 444 1461 eodem
467 1426 624 1460 pontifice
649 1425 678 1458 in
702 1425 854 1470 regimine
878 1425 1071 1467 monasterii,
1094 1424 1124 1457 in
1148 1436 1309 1458 sacrorum
1332 1426 1477 1460 ordinum
1505 1429 1722 1474 susceptione,

273 1488 308 1511 ac
332 1477 517 1523 praesertim
534 1476 563 1509 in
584 1473 705 1508 abbatis
719 1474 884 1513 electione,
902 1476 971 1507 549
994 1487 1013 1507 a
1036 1482 1065 1508 et
1087 1475 1115 1517 b,
1139 1486 1197 1508 nec
1220 1487 1281 1508 uon
1305 1487 1364 1519 seq.

173 1525 244 1561 Odo
273 1526 441 1572 episeopus
463 1523 682 1560 Gerundensis
704 1522 864 1557 Ecclesiae
886 1536 961 1556 suae
984 1523 1140 1557 bonorum
1164 1532 1193 1557 et
1216 1525 1330 1557 iurium
1356 1526 1498 1560 omnium
1513 1526 1724 1562 confirmatio·

276 1587 348 1609 nem
372 1576 492 1609 obtinet
514 1587 530 1609 a
557 1573 710 1608 Silvestro
732 1572 758 1606 ll
782 1572 859 1612 PP„
884 1577 948 1606 481
976 1585 996 1606 α
1019 1582 1048 1607 et
1070 1574 1098 1615 b,
1123 1585 1180 1621 nec
1202 1586 1264 1607 non
1284 1587 1344 1619 seq.

176 1624 248 1660 Odo
270 1624 367 1659 abbas
389 1624 511 1658 obtinet
533 1636 547 1657 a
578 1623 685 1657 Leone
714 1621 766 1655 Vll
794 1622 856 1655 ΡΙ).
888 1622 1083 1668 privilegium
1113 1635 1175 1668 quo
1212 1626 1401 1658 monasterio
1436 1637 1493 1659 suo
1527 1625 1724 1661 Floriacensi

273 1674 501 1709 confirmantur
527 1673 620 1715 bona,
644 1673 721 1709 iurzn
747 1680 776 1705 et
800 1672 1014 1705 immunitates
1033 1683 1153 1710 omnes,
1178 1674 1247 1706 589
1271 1686 1290 1706 α
1312 1682 1341 1706 et
1364 1677 1392 1714 b7
1421 1688 1478 1708 nec
1508 1688 1566 1708 non
1583 1688 1644 1720 seq.

174 1722 267 1759 Oliva
297 1723 394 1758 abbas
416 1723 687 1758 confirmationem
708 1721 862 1755 bonorum
881 1721 1022 1755 omnium
1038 1721 1076 1755 ad
1100 1720 1288 1768 Cuyanense
1310 1724 1379 1757 eius
1401 1726 1626 1759 {nonasterium
1651 1736 1725 1772 per-

277 1774 444 1807 tinentium
468 1772 588 1807 obtinet
615 1784 630 1805 a
654 1770 768 1817 Sergio
795 1770 837 1804 IV
859 1771 934 1811 ΡῘ).,
962 1773 1034 1805 495
1058 1784 1077 1805 α
1099 1779 1129 1805 et
1151 1773 1178 1805 b.

177 1821 288 1858 Oratio
315 1822 485 1857 Doniinica
513 1834 551 1856 an
574 1822 612 1855 sit
631 1820 808 1854 adhibenda
833 1821 863 1854 in
886 1820 1108 1855 benedictione
1131 1820 1286 1860 ciborum,
1313 1824 1382 1856 595
1404 1836 1423 1856 a
1445 1830 1475 1857 et
1497 1825 1531 1863 b,

173 1871 314 1907 Ordines
332 1873 431 1906 sacris
453 1872 577 1906 statutis
597 1869 794 1916 temporibus
816 1878 889 1904 sunt
917 1869 1113 1913 conferendi7
1139 1872 1207 1904 104
1235 1884 1264 1904 α.

173 1921 341 1957 Ordinatio
364 1922 448 1968 quali
480 1929 544 1955 rata
560 1932 629 1954 esse
652 1920 760 1965 possit,
785 1923 830 1954 45
846 1922 863 1954 b
880 1929 909 1953 et
925 1923 970 1953 44
985 1932 1015 1954 a.
1030 1919 1140 1954 Illicite
1154 1921 1286 1954 ordinati
1307 1933 1321 1953 a
1337 1922 1435 1955 sacris
1450 1923 1634 1958 ministeriis
1650 1933 1724 1959 sunt

274 1971 470 2014 removendi,
494 1973 539 2005 88
570 1971 597 2004 b.
620 1968 786 2004 Ordinatio
810 1982 865 2016 per
879 1970 1095 2016 acceptionem
1119 1970 1320 2016 pecuniarum
1345 1983 1406 2004 non
1430 1981 1476 2006 est
1499 1972 1618 2017 danda,
1648 1975 1723 2007 449

278 2034 298 2056 a
314 2029 343 2055 et
360 2022 387 2054 b.

180 2069 374 2106 ordinantes
398 2079 505 2104 eontra
525 2077 637 2103 statuta
667 2080 823 2102 canonum
847 2068 1054 2103 ordinationis
1077 2069 1125 2102 ius
1148 2070 1306 2107 amittunt,
1330 2073 1369 2103 41
1399 2083 1417 2103 α
1441 2079 1469 2104 et
1494 2072 1521 2104 b.

182 2119 352 2156 Ovetensis
374 2119 515 2154 Ecclesia
538 2118 716 2153 Callaeciae
748 2118 989 2165 metropolitana
1019 2118 1152 2153 eflicitur
1173 2131 1189 2153 a
1212 2118 1328 2153 Ioanne
1353 2118 1421 2153 Vlll
1448 2119 1524 2162 PR,
1559 2123 1628 2156 555
1655 2123 1673 2156 b
1694 2129 1725 2157 et

286 2171 357 2204 556
376 2183 407 2203 α.

934 2276 971 2317 P

177 2372 270 2411 Pallii
294 2387 374 2409 usus
394 2386 457 2409 non
477 2372 699 2410 concedendus
720 2373 780 2409 nisi
800 2373 1010 2421 metropolitis
1032 2371 1079 2408 vel
1103 2384 1210 2408 eorum
1234 2371 1403 2408 accedente
1420 2386 1589 2416 consensu⁷
1613 2376 1683 2409 555
1696 2375 1725 2409 b.

278 2424 358 2460 Eius
382 2437 460 2459 usus
481 2424 520 2458 ad
543 2424 649 2464 vitam,
676 2426 751 2459 ibid.
776 2423 900 2466 Quibus
923 2423 1037 2457 diebus
1060 2423 1214 2457 utendum
1243 2436 1292 2463 eo,
1315 2425 1391 2457 ibid.

179 2474 388 2521 Pandulplius
415 2474 586 2521 episcopus
612 2473 809 2519 Marsicanus
842 2473 1002 2508 decretum
1030 2471 1152 2507 obtinet
1178 2484 1194 2507 a
1221 2472 1384 2519 Stephano
1412 2472 1454 2506 IV
1481 2472 1544 2507 PP.
1567 2485 1630 2520 quo
1657 2473 1728 2520 epi-

275 2532 423 2571 scopatus
459 2523 527 2558 eius
556 2523 588 2558 in
621 2523 699 2558 duas
727 2531 832 2572 partes
858 2530 949 2558 antea
980 2522 1101 2556 divisus
1127 2521 1158 2556 in
1186 2523 1355 2569 pristinum
1388 2530 1502 2557 statum
1533 2522 1724 2565 restituitur,

282 2576 353 2608 644
381 2575 397 2607 b
419 2581 449 2607 et
477 2586 537 2619 seq.

181 2623 344 2671 Papiensis
371 2622 511 2657 Ecclesia
536 2622 768 2670 privilegiorum
791 2621 849 2657 sibi
872 2633 887 2656 a
909 2621 942 2655 S.
966 2620 1134 2655 Hormisda
1157 2621 1220 2655 PP.
1248 2633 1471 2656 concessorum
1502 2621 1724 2657 confirmatio-

288 2684 360 2706 nem
389 2672 509 2707 obtinet
530 2685 544 2706 a
568 2672 684 2707 Ioanne
710 2671 781 2706 VIIl
804 2671 879 2713 PR,
908 2673 971 2704 551
1000 2673 1027 2704 b.
1052 2670 1128 2704 Eius
1158 2671 1316 2717 episcopis
1348 2671 1532 2705 conceditur
1553 2671 1592 2706 ab
1614 2672 1726 2708 eodem

283 2722 438 2758 Pontifice
467 2734 544 2757 usus
564 2722 671 2770 pallii,
691 2723 796 2757 crucis
822 2729 853 2756 et
879 2721 948 2767 eqni
972 2720 1033 2755 albi
1058 2720 1089 2754 in
1110 2720 1277 2756 Dominiea
1303 2720 1496 2763 Palmarum,
1518 2721 1725 2770 secundoque
