2237 3127
55 268 109 298 An.
137 270 168 298 C.
187 271 221 298 97
227 271 237 298 t

267 343 380 373 Ioannes
398 343 539 380 episcopus
563 351 658 373 servus
687 352 828 374 servorum
849 345 906 379 Dei,
925 346 1021 374 Beren-

313 390 390 425 gario
406 389 490 418 fratri
510 391 603 418 nostro
623 391 796 418 virdunensis
818 391 950 419 Ecclesiae
966 391 1021 426 epi·

312 441 402 470 scopo,
423 442 482 462 cum
495 435 617 463 omnibus
637 435 689 463 sibi
709 442 725 462 a
737 435 844 463 Domino
859 436 1020 469 commissis,

311 479 434 507 bravium
454 480 581 507 aeternae
601 480 840 509 remunerationis.

315 540 474 576 Convenit
512 542 686 589 apostolico
727 541 935 576 moderamini
972 543 1019 589 pia

265 589 422 637 religione
464 590 656 645 pollentibus
698 591 847 626 benevola
891 592 1019 626 caritate

264 638 383 694 favere,
410 647 441 674 et
471 641 669 686 poscentium
701 641 817 674 animis
843 640 937 675 alacri
960 641 1019 675 de-

265 688 390 723 votione
411 701 574 723 assensum
599 702 644 736 pr
637 689 760 723 lohere.
784 689 832 723 Ex
851 690 910 723 hoc
933 690 1018 724 enim

264 737 466 784 potissimum
497 750 674 784 praemium
702 739 779 772 lucii
808 751 824 772 a
852 738 1017 773 conditore

261 787 405 821 omnium
428 787 564 822 Domino
585 787 856 834 promerebimur,
879 788 904 821 si
922 801 1017 822 vene-

262 835 369 870 rabilia
396 845 578 871 sanctorum
614 836 682 870 loca
716 845 895 883 opportune
922 837 1016 871 ordi-

262 894 332 919 nata
364 885 402 919 ad
432 886 593 920 meliorem
622 885 740 920 fuerint
766 893 881 920 statum
911 895 1016 921 nostra

259 935 446 969 auctoritate
475 935 634 990 perducta.
664 934 761 980 Igitur
785 935 935 980 qnoniam
965 944 1013 980 te,

260 984 421 1019 carissime
440 984 545 1026 fi··,atei
568 985 648 1019 inter
662 992 765 1019 caeter
768 996 784 1018 a
799 992 925 1019 sauctae
942 997 1015 1019 con-

260 1033 445 1069 versationis
471 1034 619 1069 exercitia
654 1034 869 1080 comperimus
902 1034 1013 1080 quod—

258 1082 331 1117 dam
354 1084 581 1118 monasterium
610 1083 641 1118 in
668 1090 720 1117 tuo
743 1084 905 1138 episcopio
928 1084 1013 1119 iuxta

257 1131 414 1167 civitatem
441 1131 603 1167 Virduni
598 1146 627 1167 ιιι
651 1132 783 1167 ecclesia
813 1132 897 1166 Beati
926 1132 1011 1167 Petri

259 1193 315 1228 pro
338 1193 445 1217 amore
470 1182 526 1216 Dei
562 1182 787 1223 construxisse,
823 1183 852 1215 in
876 1195 938 1228 quo
962 1195 1012 1217 re-

256 1232 425 1277 quiescunt
442 1243 571 1278 corpora
591 1240 773 1266 sanctorum
792 1231 1010 1266 confessorum

256 1288 350 1327 atque
378 1281 535 1328 praefatae
562 1281 712 1316 ecclesiae
738 1281 871 1315 Sanctae
894 1280 1010 1315 Mariae

255 1330 417 1376 quondam
440 1331 675 1377 episcoporum,
692 1329 810 1373 Vitoni,
834 1330 1009 1368 pulcronii,

257 1378 463 1421 possessoris,
479 1388 571 1426 atque
587 1379 817 1422 Firminhettle
831 1379 924 1413 rebus
940 1388 1009 1413 tuae.

254 1427 415 1464 Ecclesiae
451 1429 579 1476 provida
614 1429 867 1464 consideratione
902 1428 1009 1462 suble-

256 1489 365 1518 vasse,
401 1486 433 1512 ut
467 1479 491 1512 si
516 1479 642 1525 quando
665 1478 720 1512 filii
748 1477 909 1512 Ecclesiae
939 1486 1008 1512 tuae

252 1526 360 1561 divino
388 1528 571 1575 compuncti
601 1540 719 1566 amore,
744 1536 865 1561 terrena
901 1526 1008 1572 despi-

252 1575 383 1617 cientes,
401 1577 439 1611 ad
460 1577 721 1623 contemplativae
745 1577 822 1611 vitae
846 1575 1009 1622 perfectio-

253 1637 327 1660 nem
353 1638 547 1673 consurgere
574 1627 809 1665 desiderarent,
839 1638 876 1659 ne
910 1637 926 1659 a
956 1633 1005 1659 tna

253 1675 379 1721 penitus
392 1675 537 1711 Ecclesia
561 1675 721 1712 dissociati
750 1675 949 1713 viderentur,
975 1675 1005 1708 in

252 1725 454 1766 monasterio,
477 1724 562 1771 quod
590 1725 769 1759 membrum
793 1734 839 1758 est
861 1723 1004 1758 eiusdem

250 1772 422 1814 Ecclesiae,
446 1774 546 1809 solatii
568 1774 724 1819 refugium
749 1774 807 1807 sub
826 1772 932 1807 habitu
953 1784 1005 1807 re-

251 1822 376 1868 ligionis
396 1823 456 1858 sibi
480 1824 670 1867 invenirent,
698 1831 728 1858 et
746 1823 884 1857 Domino
899 1822 1003 1868 quieta

251 1872 477 1919 tranquillitate
518 1873 594 1907 inibi
628 1872 831 1907 famulentur.
877 1870 1005 1905 Noverit

251 1921 394 1956 omnium
415 1921 557 1956 fidelium
576 1929 637 1956 tam
662 1922 885 1968 praesentium,
908 1932 1003 1966 quam

250 1978 281 2004 et
303 1970 483 2005 futurorum
508 1971 672 2013 industria,
700 1983 758 2005 nos
786 1970 867 2004 idem
894 1981 1004 2003 mona-

249 2020 378 2054 sterium
400 2029 451 2055 tua
474 2020 672 2055 ordinatione
695 2028 911 2054 constructum
929 2030 1003 2052 cum

249 2069 398 2104 omnibus
425 2069 531 2113 rebus,
558 2069 717 2114 regalibus
747 2068 922 2116 praeceptis
949 2076 1002 2102 tuo

249 2118 397 2153 consultu
425 2118 483 2153 sibi
511 2119 626 2153 sanctis
658 2119 689 2152 in
723 2126 888 2153 aeternnm
924 2116 1002 2152 velle

85 602 211 625 Exordium.

74 985 235 1007 Mon-sterium

47 1020 89 1043 hoe
116 1028 127 1043 n
152 1022 234 1044 Beren-

46 1057 109 1086 gari«.
138 1057 232 1080 Virdun.

46 1092 153 1123 episcopo
171 1101 233 1115 con-

46 1131 154 1151 structum
193 1132 233 1151 nt-

47 1171 89 1194 que
121 1164 231 1188 dotatum.

72 1934 218 1957 confirmatur

40 1977 52 1992 Ι
70 1971 150 1993 Ιοιιιιιε
183 1972 225 1994 ΡΡ.

41 2013 91 2028 cum
102 2005 166 2029 bunis
177 2015 228 2029 om-

41 2041 104 2064 nibus
121 2049 146 2064 nc
173 2043 225 2072 pri-

41 2076 140 2107 vilegiin.

250 2179 435 2214 permanere
463 2167 703 2202 inconvulsum:
736 2167 901 2202 Scanciam
927 2178 1000 2200 cum

71 2230 213 2255 mummii„
248 2217 314 2251 suis
328 2217 539 2264 pertinentiis,
554 2217 711 2251 abbatiam
730 2216 835 2251 Sancti
851 2215 1000 2256 Amantii,

39 2264 146 2308 '‘⁰⁰⁰“3‘1‘
179 2276 224 2310 ,π
249 2274 279 2299 et
317 2266 471 2313 quidquid
507 2266 547 2300 ad
586 2279 654 2300 eam
698 2266 848 2312 pertinet:
896 2266 1002 2300 Nova-

65 2306 211 2364 ¹'⁶¹‘r':{¹'{''⁸‘
250 2314 360 2349 Villam
384 2328 456 2350 cum
478 2315 544 2350 suis
572 2315 664 2349 locis:
699 2315 899 2349 Amantionis
928 2326 1001 2349 cur-

248 2373 310 2399 tem
333 2373 486 2411 quantum
508 2364 545 2398 ad
574 2376 641 2399 eam
667 2364 820 2409 pertinet:
850 2364 999 2398 Paridnm

248 2426 320 2448 cum
338 2414 403 2448 suis
424 2413 625 2453 adiacentiis3
648 2413 787 2448 Harbodi
806 2413 909 2448 villam
927 2424 998 2447 cum

247 2463 313 2497 suis
341 2463 556 2509 pertiiientiis3
589 2462 736 2497 Castonis
762 2462 859 2497 curtis
894 2463 1021 2497 eccle-¹

246 2513 324 2546 siam
349 2525 421 2547 cum
456 2513 611 2559 hisquae
648 2511 685 2546 ad
719 2523 788 2546 eam
822 2512 997 2558 pertinent:

247 2562 410 2596 ecclesiam
442 2562 481 2596 de
508 2561 636 2595 Maileio
664 2573 736 2595 cum
758 2561 824 2596 suis
848 2561 1000 2596 adiacen-

248 2619 312 2644 ιιι5;

246 2660 311 2695 suis
344 2660 548 2695 adiacentiis:
581 2660 746 2696 ecclesiam
780 2658 820 2695 de
846 2659 998 2695 Amonzei

896 287 1037 312 IOANNES
1060 289 1122 312 xm
1145 289 1195 312 PP-

1704 281 1776 315 427

1065 343 1134 379 villa
1168 356 1240 378 enm
1269 342 1335 378 suis
1361 344 1573 387 adiacentiis,
1607 357 1679 381 cum
1706 346 1817 391 terris,

1065 393 1174 431 vineis,
1210 394 1413 437 molendinis,
1437 408 1508 429 cum
1532 395 1641 437 servis,
1663 403 1694 430 et
1712 396 1818 430 ancil—

1064 442 1115 477 lis:
1145 442 1302 477 abbatiam
1333 442 1441 478 Sancti
1462 444 1566 488 Petri,
1595 453 1625 479 et
1651 445 1817 480 ecclesiam

1063 490 1101 524 de
1125 492 1244 526 Marco:
1278 491 1316 525 ad
1339 492 1496 527 Liriaenm
1523 494 1676 541 quidquid
1700 494 1739 529 ad
1772 495 1819 529 il-

1064 540 1126 575 lum
1156 542 1259 575 locum
1281 541 1430 586 pertinet:
1455 542 1492 575 ad
1516 542 1763 578 Novam-Villam
1785 544 1817 579 in

1063 590 1208 625 Burrensi
1231 589 1396 631 comitatu,
1422 591 1506 638 quod
1535 591 1572 626 ad
1601 605 1674 626 eum
1710 593 1814 628 locum

1063 640 1207 694 pertinet.
1235 638 1321 672 llaec
1344 651 1416 673 vero
1438 640 1544 674 omniu
1568 641 1724 686 praedicta
1747 642 1815 677 loca

1059 702 1131 723 cum
1154 702 1220 723 suis
1243 687 1390 721 omnibus
1416 689 1614 734 generaliter,
1637 698 1667 724 ct
1688 692 1814 737 specia-

1060 739 1128 773 liter
1148 737 1356 784 pertinentiis
1380 745 1408 771 et
1424 738 1578 784 quidquid
1598 738 1732 774 Domino
1748 741 1815 787 opi-

1060 789 1177 822 tulante
1213 795 1284 821 voto
1321 785 1462 821 fidelium
1504 787 1578 821 huic
1621 790 1811 824 monasterIO

1058 849 1245 872 concessum
1270 835 1390 869 fuer'it
1384 848 1413 869 ιιι
1443 836 1546 870 loturo
1570 845 1721 882 tempore,
1758 851 1813 885 per

1058 886 1118 921 hoc
1142 895 1284 920 nostrum
1307 885 1514 930 apostolicum
1539 886 1736 932 privilegium
1757 900 1813 934 pe-

1058 936 1196 970 renniter
1224 935 1387 968 firmamus
1411 942 1471 968 tam
1496 934 1600 979 vobis,
1634 948 1729 982 quam
1754 949 1813 972 ve-

1056 986 1128 1020 stris
1143 982 1397 1019 successoribus:
1418 995 1445 1017 et
1463 984 1591 1029 insuper
1613 984 1672 1019 hoc
1688 993 1812 1021 nostrae

1055 1034 1250 1069 auctoritatis
1285 1033 1482 1078 privilegium
1522 1046 1591 1068 esse
1626 1035 1812 1070 corrobora-

1055 1091 1121 1118 tum
1151 1083 1316 1122 ιὀῙιιιιιιι5ς
1353 1091 1509 1128 (prutenus
1543 1082 1653 1117 eadem
1690 1083 1810 1118 Virdu-

1056 1134 1162 1167 nensis
1190 1132 1349 1174 Ecclesia,
1378 1144 1458 1178 <piae
1486 1132 1638 1166 hactenus
1672 1132 1711 1167 de
1740 1134 1810 1168 filiis

1053 1182 1092 1217 ab
1116 1183 1191 1228 ipsis
1215 1181 1364 1216 infantiae
1392 1180 1600 1222 rudimentis,
1635 1182 1665 1215 in
1688 1184 1809 1228 gremio

1053 1244 1109 1266 suo
1131 1232 1294 1277 expositis,
1317 1231 1391 1264 dum
1415 1230 1452 1263 ad
1469 1240 1595 1265 externa
1619 1233 1808 1267 monasteria

1051 1282 1276 1327 confugerunt,
1300 1279 1519 1319 fraudabatur-3
1542 1280 1657 1315 abhinc
1684 1288 1714 1315 ct
1745 1281 1809 1316 de-

1054 1330 1163 1377 inceps
1186 1330 1214 1363 in
1241 1329 1382 1363 membro
1410 1328 1469 1362 sihi
1497 1328 1642 1363 subiecto
1674 1331 1809 1365 consilio

1051 1380 1097 1413 sui
1135 1379 1274 1425 episcopi
1312 1387 1406 1424 atque
1442 1378 1636 1423 providentia
1677 1379 1806 1424 gloriosi

1050 1428 1172 1463 abbatis
1196 1428 1360 1462 Numhorti
1390 1428 1428 1462 de
1458 1439 1566 1461 eornm
1599 1436 1706 1463 sancta
1730 1440 1809 1463 con-

1051 1479 1224 1512 versatione
1263 1477 1430 1511 sublimata
1466 1475 1630 1521 glometur.
1675 1476 1710 1511 Si
1745 1490 1807 1524 qua

1048 1536 1153 1561 autem
1169 1527 1337 1561 temerario
1359 1538 1438 1561 ausu
1457 1537 1568 1570 magna
1586 1538 1719 1572 parvave
1740 1539 1808 1573 per-

1048 1588 1136 1616 sona,
1158 1576 1389 1622 cuiuscumque
1411 1574 1532 1610 ordinis
1553 1583 1607 1609 aut
1633 1576 1806 1622 potestatis,

1048 1634 1157 1660 contra
1182 1625 1262 1660 hanc
1286 1633 1423 1659 nostram
1448 1624 1651 1670 apostolicam
1673 1637 1806 1672 praece-

1049 1674 1189 1720 ptionem
1218 1675 1262 1709 ire
1297 1675 1475 1713 tentaverit,
1502 1673 1580 1707 sciat
1607 1686 1641 1708 se
1667 1675 1807 1709 auctori-

1046 1730 1109 1758 tate
1135 1723 1218 1758 beati
1242 1723 1326 1758 Petri
1346 1722 1560 1769 apostolorum
1585 1723 1739 1770 principis
1755 1736 1806 1759 ex-

1047 1772 1319 1808 communicatum
1343 1781 1436 1819 atque
1455 1772 1664 1807 anathematis
1679 1773 1806 1808 vinculo

1047 1821 1248 1862 innodatum,
1272 1829 1302 1857 et
1324 1834 1338 1855 a
1363 1834 1460 1867 regno
1477 1821 1536 1855 Dei
1558 1821 1713 1862 alienum,
1732 1834 1803 1857 cum

1045 1870 1257 1918 omnibusque
1285 1871 1389 1917 impiis
1411 1879 1540 1905 aeterno
1563 1871 1722 1915 incendio,
1749 1879 1804 1906 at-

1045 1932 1106 1966 que
1133 1920 1291 1967 supplicio
1330 1920 1588 1955 condemnatum.
1629 1920 1690 1962 Qui
1732 1933 1803 1956 vero

1044 1969 1226 2004 observator
1253 1969 1391 2004 extiterit
1417 1969 1513 2003 huius
1542 1970 1638 2003 nostri
1673 1982 1803 2016 praece-

1046 2018 1107 2064 pti,
1132 2019 1264 2064 gratiam
1280 2046 1288 2059 ,
1316 2027 1410 2066 atque
1445 2018 1695 2053 misericordiam
1713 2046 1721 2059 ,
1756 2020 1804 2054 vi-

1045 2075 1171 2114 tamque
1194 2077 1353 2103 aeternam
1379 2080 1396 2102 a
1424 2067 1721 2102 misericordissimo
1743 2068 1803 2103 Do-

1045 2120 1131 2155 mino
1151 2121 1218 2155 Deo
1237 2130 1343 2156 nostro
1363 2122 1513 2168 consequi
1532 2129 1698 2156 mereatur.
1722 2121 1804 2156 Scri-

1044 2183 1133 2220 ptum
1158 2187 1214 2220 per
1243 2187 1370 2209 manum
1398 2174 1515 2209 Leonis
1550 2175 1695 2209 scrinarii
1721 2187 1803 2210 san-

1043 2235 1109 2261 ctae
1131 2227 1216 2261 sedis
1238 2227 1431 2274 apostolicae
1464 2229 1494 2262 in
1525 2240 1633 2263 mense
1656 2229 1798 2264 ianuario

1042 2293 1098 2327 per
1121 2281 1325 2316 indictionem
1354 2293 1420 2315 xiv.
1449 2281 1564 2316 Datum
1593 2281 1706 2328 quinto
1729 2282 1800 2317 idus

1042 2334 1171 2368 ianuarii
1197 2347 1253 2381 per
1275 2347 1401 2369 manum
1425 2335 1537 2369 Marini
1570 2336 1735 2382 episcopi,
1768 2345 1799 2370 et

1041 2395 1167 2421 sanctae
1203 2388 1288 2422 sedis
1323 2389 1513 2435 apostolicae
1549 2389 1800 2430 bibliothecarii,

1040 2453 1123 2475 anno
1144 2441 1283 2476 Domino
1299 2442 1436 2489 propitio
1463 2442 1665 2489 pontificatus
1687 2443 1799 2477 domni

1041 2495 1168 2530 loannis
1186 2496 1302 2530 summi
1338 2495 1496 2543 pontificis
1522 2503 1552 2530 et
1575 2496 1714 2531 universi
1738 2496 1799 2530 XII

1041 2552 1068 2593 <l
1077 2552 1086 2593 )
1116 2561 1213 2596 panae
1236 2549 1266 2584 in
1294 2549 1490 2584 sanctissima
1508 2549 1583 2584 sede
1606 2549 1685 2584 beati
1714 2549 1797 2583 Petri

350 2611 514 2645 eeclesiam
550 2611 588 2645 de
624 2610 763 2644 Mal-culfi
800 2619 888 2645 0011ss
926 2622 999 2645 cum
1041 2603 1173 2650 apostoli
1197 2603 1373 2646 decimo&
1377 2606 1398 2645 ),
1423 2603 1524 2649 primo
1548 2602 1580 2636 in
1602 2614 1801 2649 mense‚1n-

1074 2671 1114 2708 (t)
1135 2673 1194 2705 Leg.
1217 2679 1277 2700 xm.
1316 2671 1356 2707 (2)
1372 2672 1433 2705 Lea.
1454 2671 1580 2707 septimo.

1846 279 1898 308 An.
1929 278 1958 309 C.
1979 279 2028 309 97¹

1868 669 2031 692 Confirmantur

1843 713 1931 735 qunque
1973 705 2030 728 bona

1843 749 1899 771 quan
1915 742 1935 763 in
1965 741 2029 763 {utu-

1843 785 1891 799 rum
1956 777 2029 799 eidem

1840 813 1975 835 mona-torio
1991 820 2031 835 ae-

1862 849 1982 871 cesserint.

1856 1149 2025 1173 virdunen-ium

1849 1186 2008 1216 cpi-copornin

1839 1221 1872 1243 iu«
1899 1222 1919 1243 in
1949 1230 2025 1244 inona-

1839 1256 1904 1279 chos-

1870 1545 1990 1568 Arintheum

1837 1584 1915 1603 contra
1953 1581 2022 1611 privi-

1835 1615 1886 1646 legii
1905 1616 1967 1638 huiu-
1984 1620 2023 1640 te·

1836 1655 1967 1676 memoret.
