2237 3127
79 302 131 329 An.
159 302 188 330 C.
210 302 263 330 592

648 368 689 406 V.

290 440 369 474 Unio
389 439 546 474 desolatae
572 440 611 473 ab
634 438 770 472 hostibus
801 438 910 472 Trium
935 439 1044 472 Taber-

335 500 449 523 narum
473 489 632 523 Ecclesiae
653 500 722 522 cum
749 488 911 522 Velitrana
939 487 1001 530 (1).

559 551 776 583 SUMMARIUM

549 601 643 631 Causa
663 600 792 630 unionis,

360 659 506 696 Gregorius
530 658 624 687 Ioanni
654 657 778 693 episcopo
810 657 949 686 Velitrano

333 709 507 756 Postquam
529 707 657 742 hostilis
680 707 826 753 impietas
849 706 1042 741 diversarum

74 771 139 792 innisa
173 771 260 792 inionis
285 759 450 794 civitatum
476 757 518 791 ita
546 756 684 803 peccatis
725 755 914 790 facientibus
949 755 1044 790 deso-

73 807 101 827 ¹³¹·
106 806 135 827 ‘⁴⁸¹
133 814 186 827 '³¹⁸⁰
205 806 259 828 ΤΗ·
284 808 357 843 lavit
376 805 549 848 Ecclesias,
565 813 597 840 ut
611 804 779 853 reparandi
792 816 845 840 eas
868 816 942 851 spes
957 804 1042 839 nulla

74 849 121 897 iiii„
141 841 258 899 ¹5:¹32:
283 856 402 903 populo
429 854 597 890 deficiente
615 854 818 889 remanserit:
832 853 1043 889 maiorivalde

285 917 358 940 cura
380 904 641 951 constringimur,
678 916 718 938 ne
751 902 908 938 defunctis
935 914 1042 937 earum

282 953 514 994 sacerdotibus,
524 933 695 1000 Dreliquiae
729 952 831 999 plebis
859 951 945 986 nullo
980 952 1043 986 Pa—

281 1003 376 1038 storis
400 1002 617 1038 moderamine
651 1001 844 1048 gubernatae
871 1013 926 1047 per
961 1001 1042 1036 invia

280 1052 352 1087 fidei
381 1052 479 1087 hostis
503 1051 609 1087 callidi
631 1051 804 1098 rapiantur,
833 1050 918 1097 quod
946 1050 1040 1092 absit,

282 1101 418 1136 insidiis.
440 1101 547 1137 Huius
574 1113 650 1147 ergo
668 1100 710 1134 rei
729 1099 931 1135 solicitudine
947 1112 1041 1147 saepe

280 1150 476 1192 commoniti,
504 1151 565 1186 1106
592 1158 701 1185 nostro
733 1149 816 1184 sedit
843 1149 929 1184 coruli
963 1161 1041 1184 con-

281 1200 400 1241 silium,
428 1208 463 1235 ut
483 1199 597 1236 vicinis
620 1211 673 1234 eas
699 1198 924 1233 mandaremus
952 1211 1040 1246 pon-

280 1249 422 1284 tificibus
443 1248 678 1296 gubernandas.
702 1248 841 1294 Ideoque
857 1248 1039 1283 fraternitati

281 1309 356 1334 tuae
396 1310 522 1340 curam,
554 1297 882 1344 gubernationemque
927 1297 1038 1332 ''tl‘rium

280 1348 501 1383 Tabernarum
528 1347 692 1382 Ecclesiae
726 1346 922 1392 providimus
949 1359 1040 1381 com-

281 1397 484 1439 mittendam,
507 1409 601 1444 qnam
626 1404 698 1431 tuae
723 1395 886 1430 Ecclesiae
919 1408 1039 1442 aggre—

281 1447 364 1493 gari,
393 1447 540 1493 unirique
562 1457 693 1481 necesse
707 1452 767 1480 est:
783 1453 938 1491 quatenns
953 1452 1039 1480 utra-

280 1507 418 1543 rumque
465 1495 680 1531 Ecclesiarum
741 1493 889 1528 saceidos
929 1502 1014 1529 recte
1029 1522 1038 1539 ,

281 1545 411 1580 Christo
438 1545 594 1600 adiutore,
622 1544 725 1591 possis
752 1543 902 1578 existere:
939 1556 1038 1590 quae-

281 1607 343 1641 que
372 1594 426 1629 tibi
448 1594 487 1629 de
513 1594 583 1629 eius
608 1593 809 1648 patrimonio,
831 1592 1039 1628 1616161101*-

281 1644 454 1699 dinatione,
480 1655 537 1679 seu
579 1643 790 1690 promotione,
820 1642 977 1686 vigilanti,
1002 1655 1038 1678 ac

279 1693 433 1729 canonica
473 1692 537 1727 visa
572 1692 687 1727 fuerint
728 1703 803 1726 cura
843 1670 1036 1738 disponere.

279 1743 399 1791 quippe
420 1750 455 1777 ut
476 1742 617 1790 pontifex
646 1741 804 1788 proprius,
827 1740 959 1775 liberam
980 1741 1038 1776 ha-

280 1793 355 1827 beas
376 1805 414 1827 ex
435 1800 541 1826 nostra
574 1790 731 1838 praesenti
761 1790 969 1845 permissione
992 1790 1038 1824 11-

280 1841 428 1875 centiam
470 1840 695 1895 Quapropter,
735 1839 829 1873 frater
861 1839 1036 1881 carissime,

281 1890 514 1926 dominicorum
538 1890 747 1924 reminiscens
768 1888 936 1922 salubriter
951 1901 1037 1923 man-

280 1939 438 1980 datorum,
462 1939 503 1973 ita
522 1939 552 1973 in
575 1938 763 1973 commissae
782 1937 882 1984 plebis
904 1938 1036 1985 regimi-

284 2001 336 2033 ne,
357 1987 582 2035 lucrandisque
623 1986 788 2022 animabus
828 1987 967 2033 invigila,
1003 1995 1037 2023 ut

282 2046 354 2073 ante
375 2037 513 2072 tribunal
535 2036 653 2072 aeterni
687 2036 804 2070 Iudicis
831 2015 1035 2079 constittitus,

280 2088 308 2121 fi
311 2095 418 2122 netum
436 2086 540 2121 bonae
562 2085 767 2141 operationiS,
787 2085 873 2133 quod
897 2086 934 2120 ad
952 2098 1036 2121 mer-

266 2129 391 2182 }cedem
413 2143 498 2171 tuam
522 2136 688 2183 pertineat
723 2134 828 2170 eidem
850 2134 940 2170 Rede
931 2136 1036 2172 mtori

281 2194 402 2230 nostro,
424 2186 455 2219 in
478 2197 541 2232 quo
564 2184 669 2219 laetari
698 2184 812 2232 possis,
835 2185 997 2220 exhibeas.

319 2250 324 2254 ·
358 2241 421 2272 Dat.
441 2250 542 2271 mense
564 2241 638 2271 iulio
659 2251 736 2271 anno
754 2240 871 2271 Domini
889 2241 957 2280 592,

459 2281 562 2321 pontif.
581 2281 716 2320 Gregorii
733 2290 810 2312 anno
832 2289 863 2312 11.

635 2363 686 2399 VI.

379 2423 457 2457 Unio
484 2423 597 2458 Sancti
616 2424 774 2457 Anthemii
794 2423 949 2458 Ecclesiae

496 2480 523 2506 et
543 2473 757 2507 Nttmenlanae
783 2475 838 2517 (2).

369 2533 514 2570 Gregorius
534 2533 657 2563 Gratioso
669 2534 753 2571 episc.
769 2535 936 2564 numentano

329 2582 503 2630 Postquam
532 2583 655 2618 hostilis
678 2585 822 2630 impietas
839 2585 1033 2619 diversarum

282 2633 445 2668 civitatum
475 2633 515 2667 ita
550 2633 689 2680 peccatis
723 2634 909 2668 facientibus
935 2633 1034 2668 deso-

261 2712 263 2717 ,
316 2689 357 2726 (1)
374 2690 427 2723 Reg
431 2690 473 2715 ist
486 2689 530 2715 lib.
543 2697 582 2722 vi,
599 2697 642 2725 ep.
655 2690 729 2726 1,.(91)
742 2690 805 2725 Reg.
817 2690 862 2718 lib.
876 2698 916 2723 111,
927 2698 970 2726 ep.
984 2697 1033 2717 xx.

261 2730 264 2733 ”
360 2733 824 2788 Butt1t0m.tot.l.5,‚p⁶21

72 911 157 933 lirxtsn.

889 315 914 340 S.
942 315 1130 340 GREGORlUS
1157 317 1169 340 1
1197 317 1248 340 PP.

1731 307 1793 341 161

1088 370 1164 406 lavit
1194 371 1380 413 Ecclesias,
1430 380 1464 407 ut
1499 371 1667 420 reparandi
1705 384 1758 407 eas
1776 385 1847 420 spes.

1087 420 1172 456 nulla
1194 421 1313 468 populo
1348 420 1521 457 deficiente
1548 421 1756 464 remanserit,
1784 435 1845 457 ma-

1086 470 1145 504 iori
1180 470 1270 506 valde
1314 482 1387 506 cura
1419 471 1684 518 constringimur,
1720 483 1759 506 ne
1786 472 1846 506 de-

1086 519 1204 554 functis
1227 532 1335 554 earum
1359 521 1591 562 sacerdotibus,
1612 520 1764 567 reliquiae
1782 521 1845 568 ple-

1087 568 1134 602 bis
1149 568 1237 603 nullo
1250 568 1390 604 Pastoris
1412 569 1629 605 moderamine
1647 570 1844 616 gubernante

1087 628 1150 671 per.
1168 617 1250 652 invia
1274 617 1359 658 fidei,
1381 618 1482 653 hostis
1504 619 1620 663 callidi,
1643 619 1727 674 quod
1750 619 1843 660 absit,

1086 665 1247 711 rapiantur
1273 666 1406 702 insidiis.
1430 667 1534 702 Huius
1561 680 1637 714 ergo
1660 668 1704 703 rei
1732 668 1841 703 solici-

1087 715 1195 750 tudine
1223 728 1317 762 saepe
1339 717 1539 761 commoniti,
1574 717 1636 752 1106
1659 725 1767 753 nostro
1789 731 1843 753 se-

1086 764 1131 799 dit
1152 764 1239 799 cordi
1263 765 1446 810 consilium,
1473 774 1508 800 ut
1535 766 1647 801 vicinis
1669 779 1722 802 eas
1749 779 1842 801 man-

1085 813 1234 848 daremus
1257 814 1461 860 pontificibus
1483 814 1715 861 gubernandas.
1748 816 1841 851 Ideo-

1086 874 1147 909 que
1180 863 1364 898 fraternitati
1402 872 1472 898 tuae
1507 876 1639 904 curam,
1679 865 1840 911 gnberna-

1900 890 1920 905 5,
1947 890 1953 903 t.

1086 912 1268 959 tionemque
1287 912 1393 947 Sancti
1422 912 1586 947 Anthemii
1613 913 1786 953 Ecclesiae,
1810 915 1840 949 in
1877 922 1933 942 “rev
1964 932 1965 939 .

1085 960 1220 995 Curium
1248 961 1439 996 Sabinorum
1464 962 1622 997 territorio
1639 963 1840 1008 constitutae,
1867 965 1909 1012 '¹212'
2004 966 2037 978 '¹⁴‘

1086 1010 1302 1055 praevidifflus
1334 1010 1607 1066 committendam,
1642 1024 1738 1058 quam
1765 1020 1838 1048 tuae

1082 1058 1247 1095 Ecclesiae
1269 1060 1432 1107 aggregati
1456 1060 1601 1107 unirique
1627 1072 1759 1096 necesse
1773 1070 1838 1096 est:

1082 1117 1239 1154 qnatenus
1268 1118 1474 1157 utrainmque
1502 1109 1717 1145 Ecclesiarum
1739 1123 1840 1146 sacer-

1082 1157 1140 1192 dos
1163 1166 1259 1200 recte,
1286 1157 1416 1194 Christo
1443 1159 1628 1204 adiuvante,
1652 1160 1755 1206 possis
1771 1161 1839 1195 exi-

1081 1214 1175 1249 stere,
1200 1220 1343 1255 quaeque
1376 1208 1431 1243 tibi
1470 1208 1509 1244 de
1536 1208 1605 1244 eius
1632 1209 1834 1255 patrimonio,

1082 1256 1129 1291 vel
1151 1258 1226 1292 cleri
1249 1257 1461 1301 ordinatione,
1485 1270 1540 1292 seu
1556 1258 1769 1305 promotione,
1794 1259 1836 1293 vi-

1080 1305 1188 1351 “ilanti
1216 1318 1252 1341 ac
1275 1307 1426 1342 canonica
1442 1307 1508 1342 visa
1533 1307 1662 1352 fuerint,
1678 1319 1752 1342 cura
1767 1308 1836 1343 dis-

1082 1368 1217 1400 ponere;
1240 1356 1361 1403 quippe
1384 1364 1418 1391 ut
1454 1356 1605 1411 pontifex
1622 1335 1849 1404 pr⁷opriusli-'

1081 1404 1187 1439 beram
1221 1405 1354 1439 babebis
1388 1417 1426 1440 ex
1448 1404 1606 1452 praesenti
1628 1413 1734 1441 nostra
1757 1418 1837 1453 per-

1080 1453 1233 1489 missione
1255 1454 1391 1489 licentia.
1415 1454 1631 1510 Quapropter,
1658 1455 1752 1491 frater
1774 1468 1852 1500 cei—2

1081 1502 1217 1542 tissime,
1251 1503 1483 1538 dominicorum
1511 1504 1723 1539 reminiscens
1745 1510 1851 1540 man-³

1080 1551 1248 1593 datorum,
1288 1552 1457 1588 salubriter
1495 1552 1537 1588 ita
1579 1553 1611 1587 in
1646 1554 1851 1589 commissae?

1080 1601 1182 1647 plebis
1216 1601 1382 1648 regimine,
1417 1601 1642 1649 lucrandisque
1669 1603 1836 1639 animabus

1081 1651 1220 1696 invigila,
1247 1659 1282 1685 ut
1304 1658 1376 1686 ante
1407 1651 1544 1686 tribunal
1578 1652 1695 1687 aeterni
1717 1652 1850 1695 Iudicis?

1079 1700 1281 1741 constitutus,
1309 1700 1447 1735 fructum
1484 1700 1586 1735 bonae
1621 1701 1850 1747 operationis,l

1078 1749 1131 1795 qui
1154 1749 1192 1783 ad
1222 1749 1402 1784 mercedem
1425 1757 1511 1784 tuam
1535 1749 1701 1796 pertineat,
1729 1751 1833 1786 eidem

1079 1797 1261 1833 ltedtmtoii
1290 1807 1417 1838 nostiffo
1446 1799 1478 1833 in
1502 1811 1566 1846 quo
1588 1798 1695 1834 laetari
1716 1801 1831 1847 possis,

1078 1847 1239 1881 exhibeas.
1262 1847 1374 1882 Mense
1408 1848 1570 1892 februarii,
1593 1848 1764 1883 indictione
1786 1863 1834 1885 xt.

1117 1903 1180 1934 Dat.
1201 1913 1304 1935 mense
1326 1904 1477 1935 februario
1500 1914 1577 1935 anno
1592 1905 1708 1937 Domini
1726 1906 1796 1944 593,

1252 1944 1355 1984 pontif.
1377 1944 1510 1984 Gregorii
1532 1954 1662 1976 annom.

1419 2063 1488 2099 Vll.

1079 2131 1282 2177 Confirmatio
1317 2131 1478 2172 bonorum,
1516 2132 1768 2176 possessionum,
1807 2140 1834 2167 et

1122 2181 1361 2225 privileyiorum
1376 2182 1415 2215 ab
1428 2182 1679 2225 imperatoribus,
1701 2190 1726 2215 et
1749 2192 1845 2216 surm·

1125 2231 1183 2263 mis
1210 2231 1408 2276 pontificibus
1455 2231 1631 2264 Ravennati
1676 2232 1845 2272 Ecclesiae⁴

1125 2291 1344 2317 concessorum,
1374 2280 1459 2314 cuius
1487 2279 1725 2326 archiepiscopis
1757 2293 1831 2316 usus

1121 2329 1218 2374 pallii
1237 2329 1412 2363 conceditur
1437 2329 1471 2363 in
1492 2336 1674 2374 perpetuum
1694 2332 1750 2374 (1).

1350 2392 1566 2424 SUMMARIUM
1838 2390 1842 2403 '

1076 2449 1462 2488 Exordium.—Privilegia
1485 2450 1582 2480 omnia
1611 2450 1647 2480 ab
1670 2451 1834 2490 imperato-

1117 2490 1454 2520 ribus—Etasummis
1481 2490 1670 2529 pontificibus
1692 2501 1833 2522 concessa

1116 2531 1339 2561 confirmantur.
1365 2546 1406 2552 —
1435 2529 1646 2577 Eeclesiaeque
1671 2530 1833 2561 nummati

1112 2570 1242 2610 archiep.
1270 2570 1432 2600 subiectae.
1444 2569 1653 2600 —Concessio
1676 2571 1756 2609 pallii
1778 2570 1834 2601 Ra-

1116 2609 1293 2640 vennatibus
1324 2609 1566 2649 archiepiscopis.
1583 2626 1624 2632 -—-
1644 2610 1833 2641 Confirmatio

1112 2658 1152 2693 (1)
1172 2658 1211 2685 Ex
1229 2666 1275 2684 vv.
1293 2665 1413 2685 monum.
1433 2657 1498 2684 Bibl
1517 2657 1643 2685 Ursianae
1659 2658 1709 2685 (161
1715 2662 1831 2686 ,0111111111

1051 2703 1058 2761 ¹
1075 2693 1160 2720 edidit
1179 2694 1360 2730 Hieronymus
1377 2693 1486 2720 Rubeus
1501 2693 1568 2721 llist.
1590 2695 1659 2721 llav.
1679 2694 1696 2720 11
1719 2714 1724 2720 .

1873 312 1924 338 An.
1945 313 1961 340 ‹11
2005 316 2029 339 ,Ἦ
2040 316 2053 342 ,ξς
