2237 3127
91 324 141 350 An.
173 320 199 348 C.
221 322 271 349 819

120 1961 259 1983 Pruoeuiinm,

942 307 1117 329 Philinus
1147 307 1192 328 i'P.

651 362 705 397 ffl.

304 438 504 482 Confirmatio
530 438 680 470 bonorum
705 437 883 469 monasterii
919 435 1049 467 l'ullnr—

349 488 460 524 ncnsis,
484 488 567 531 qaod
598 487 652 519 snb
673 487 841 530 apostolica
866 485 1050 528 protectione

348 537 506 581 recipitur,
526 543 552 568 ct
573 537 701 568 liberum
718 536 756 567 ab
774 535 858 567 omni
879 534 1050 566 cw'uscum-

349 597 405 630 quc
424 597 570 630 personae
591 585 800 617 iurisaeliclionc
817 584 1004 616 declaratur.

569 652 783 684 Stantintt’n

301 718 488 748 t’rooemmm.
508 734 548 739 —-
564 716 771 746 Monasterium
794 714 848 745 sub
872 714 1050 753 apostolicae

339 759 417 788 sedis
440 757 619 796 protectione
654 756 795 794 recipitur
817 759 844 784 et
859 765 874 784 a
893 754 1051 784 cuiuslibet

339 797 545 827 iurisdictione
567 796 712 826 eximitur.
730 812 770 817 —-
788 795 974 823 Enumeratio
990 801 1051 823 mo-

338 838 533 867 nasteriorum
560 841 586 865 et
604 836 745 868 bonorum
766 834 956 863 Vulturnensi
979 843 1049 863 coe-

338 877 426 907 nobio
445 876 649 915 spectantium,
678 884 753 914 quae
780 875 809 903 in
831 874 933 903 cadem
956 874 1049 903 liber-

339 921 396 946 tate
423 916 651 946 constituuntur.
678 932 718 936 —
745 914 883 943 Liberum
902 914 940 943 sit
961 914 1050 943 abba-

342 956 421 986 tibus
443 965 660 995 quemcumque
688 954 834 984 voluerint
861 962 963 983 vocare
982 954 1048 992 epi-

340 1005 461 1035 scopum
502 996 537 1025 ad
569 995 765 1024 ordinationes
801 995 831 1023 in
872 994 1050 1023 monasterio

339 1036 500 1066 habendas.
517 1052 557 1057 —
572 1035 655 1064 Sicut
672 1035 758 1064 etiam
779 1035 815 1063 ad
837 1034 1049 1063 conserendum

337 1076 538 1107 ct1risma.—
554 1075 637 1104 Nulla
657 1075 763 1113 cuique
787 1074 816 1103 in
840 1083 873 1103 eo
893 1073 931 1102 sit
956 1073 1049 1103 iuris—

338 1116 436 1153 dictio,
458 1125 553 1154 neque
576 1115 604 1144 in
624 1114 838 1153 spiritualibus.
860 1130 900 1135 —
917 1113 1049 1142 Anatlie-

338 1156 425 1186 matis
444 1164 568 1184 censura
590 1159 690 1183 contra
715 1154 895 1189 invadentes,
917 1153 960 1182 vel
979 1154 1052 1182 alic-

337 1201 441 1228 nantes
460 1196 620 1233 quidquam
644 1204 657 1223 a
682 1194 869 1227 monasterio,
891 1194 935 1222 vel
960 1193 1049 1223 ullam

337 1236 364 1266 ei
394 1235 558 1265 molestiam
581 1234 751 1264 inferentes.
777 1251 816 1255 —
841 1233 1049 1262 Monasterium

337 1275 392 1305 sub
413 1275 441 1304 S.
466 1275 498 1304 R.
524 1274 553 1303 E.
577 1274 700 1303 tuitione
719 1279 745 1303 et
770 1274 984 1302 iurisdictione.
1011 1289 1051 1295 —-

338 1315 525 1345 Confirmatio
547 1314 691 1344 honorum
720 1313 898 1342 monasterio
930 1322 1051 1342 conces-

340 1365 451 1392 sorum,
472 1358 501 1384 et
522 1363 597 1393 qnae
620 1354 649 1383 in
672 1358 820 1392 posterum
841 1353 1049 1382 concedentur.

338 1412 378 1417 —
392 1394 493 1424 Libera
515 1396 551 1424 sit
574 1394 726 1423 monacbis
748 1393 861 1422 abbatis
881 1393 993 1422 electio.
1012 1410 1051 1415 —

338 1435 373 1464 Et
395 1434 521 1464 liberum
545 1434 645 1463 abbati
667 1433 837 1463 monasterii
856 1433 997 1470 regimen.
1011 1450 1050 1455 —

339 1474 449 1504 Solitae
471 1474 630 1503 clausulae.

299 1550 436 1578 paschalis
455 1550 594 1585 episcopus
614 1556 708 1577 servus
728 1555 866 1576 servorum
878 1547 922 1576 Dei
935 1548 993 1576 viro
1005 1555 1048 1576 ve·

343 1595 460 1623 nerabili
478 1595 553 1622 losue
572 1594 674 1626 abbati,
706 1595 734 1622 et
758 1594 924 1635 monasterio
948 1593 1050 1622 Christi

343 1639 477 1674 martyris
495 1639 638 1671 Vincentii,
660 1639 727 1674 quod
746 1639 828 1667 situm
840 1640 882 1666 est
893 1646 972 1674 super
988 1638 1049 1666 Vul-

342 1685 419 1715 turni
436 1684 555 1712 ssuminis
573 1683 685 1716 fontem,
702 1684 826 1719 partibus
844 1684 977 1716 samniae,
995 1684 1048 1712 ter-

343 1730 440 1759 ritorio
458 1730 652 1761 Beneventano,
672 1730 700 1757 et
709 1735 757 1764 per
767 1730 795 1757 te
807 1729 892 1756 eidem
903 1729 1050 1757 venerabili

343 1774 518 1807 monasterio,
538 1775 566 1802 et
582 1774 704 1802 omnibus
716 1774 773 1801 suis
789 1774 988 1801 successoribus
1007 1780 1048 1802 re-

344 1820 478 1856 gulariter
493 1819 681 1855 promovendis
699 1819 727 1846 in
745 1820 914 1854 perpetuum.

351 1890 472 1925 Divinis
510 1890 782 1937 praeceptionibus
819 1890 849 1923 in
882 1891 1049 1926 sanctuarii

302 1939 440 1975 cultibus
462 1951 520 1974 nos
541 1939 657 1974 debere
678 1939 788 1974 sedule
814 1940 970 1975 deservire
994 1954 1050 1988 pro

301 1991 476 2025 animarum
501 1988 662 2035 regimine,
685 1989 927 2036 scientes,quod
950 1991 980 2024 in
1005 1991 1051 2025 liis

302 2039 476 2074 maximum
498 2047 545 2074 est
577 2038 700 2085 pietatis
721 2051 822 2085 opus,
855 2052 912 2086 pro
945 2040 1050 2087 quiete

301 2088 550 2132 monachorum,
583 2087 805 2123 submoventes
840 2089 1049 2136 quorumdam

301 2138 481 2185 gravamina
504 2138 660 2184 ipsorum,
681 2138 730 2172 vel
751 2139 948 2186 tyrannidem
970 2151 1050 2174 com-

303 2187 475 2235 primentes
495 2187 661 2231 laicorum,
683 2189 861 2233 statuimus,
883 2197 977 2236 atque
999 2189 1052 2224 str-

301 2249 425 2272 mamus
450 2238 536 2272 iuxta
562 2245 740 2272 nostrorum
767 2238 891 2273 decreta
918 2239 1051 2286 praede-

303 2307 475 2334 restituerunt
493 2315 527 2334 ex
546 2307 709 2342 autographo
719 2308 888 2343 aegyptiacae
898 2318 1001 2345 papyro
1013 2311 1052 2337 in-

301 2343 411 2377 scripto,
429 2342 500 2377 quod
521 2343 588 2369 inter
614 2347 784 2370 monumenta
800 2344 990 2372 Ambrosianae
1006 2347 1050 2372 Bi-

301 2378 447 2405 bliothecae
456 2381 619 2405 asservatur.
630 2379 668 2405 lbi
679 2379 809 2414 inspicere
816 2384 855 2406 est
863 2382 1051 2415 Longobardici

302 2413 462 2440 characteris
477 2414 620 2448 specimen,
640 2414 780 2449 pulchrum
800 2416 921 2450 quidem,
939 2421 1052 2452 apteque

302 2457 469 2483 expressum3
487 2449 533 2475 sed
550 2449 639 2476 multis
654 2450 681 2475 in
696 2450 760 2477 loeis
773 2453 911 2478 atramenti
930 2453 1052 2480 acredine

301 2492 440 2511 corrosum
459 2493 520 2511 cum
539 2488 618 2517 esset,
645 2486 780 2513 restitutas
805 2487 910 2514 lacunas
935 2488 1052 2515 adhibito

301 2519 411 2547 alterius
438 2520 537 2547 formae
562 2521 712 2548 charactere
736 2522 915 2556 scripserunt:
950 2532 1052 2559 nosque

288 2557 396 2582 'eorum
412 2556 516 2590 sequuti
531 2557 692 2592 exemplum,
707 2562 759 2584 tam
771 2558 871 2586 illustre
886 2560 1052 2586 venerandae

303 2591 467 2630 antiquitatis
478 2596 677 2619 monumentum
690 2593 755 2620 miro
767 2602 875 2629 prorsus
887 2603 948 2621 casu
960 2604 973 2622 a
986 2599 1052 2622 tem-

250 2635 256 2653 ῖ
303 2634 375 2660 poris
390 2627 484 2653 iniuria
499 2632 635 2661 superstes
651 2628 741 2654 cadem
759 2638 868 2664 prorsus
879 2631 972 2663 forma,
989 2632 1052 2658 cba-

302 2664 489 2701 racternmque
508 2664 664 2691 diversitate
681 2669 869 2702 transcriptum
884 2666 926 2694 hie
936 2668 1051 2703 imprimi

303 2705 466 2725 curavmlus.

290 2796 295 2811 l

1723 295 1793 329 ⁶269

1093 381 1264 404 cessorum.
1290 368 1395 416 ltaque
1421 370 1639 411 deccrninms,
1666 378 1697 403 et
1718 371 1840 403 contir-

1095 431 1218 453 nlamns
1240 419 1299 453 sub
1323 419 1538 453 iurisdictione
1564 428 1690 453 sanctae
1718 427 1841 453 nostrae

1093 468 1143 502 cui
1176 469 1242 503 Deo
1276 477 1404 502 anctore
1438 468 1634 503 deservimus
1660 468 1840 509 Ecclesiae,

1094 526 1244 565 perpetuo
1266 517 1487 561 muniendum,
1510 518 1548 552 ita
1572 526 1605 552 ut
1628 518 1743 552 nullius
1760 517 1839 552 alte-

1092 567 1157 601 rins
1172 567 1332 602 Ecclesiae
1350 567 1619 602 iurisdictionilms
1641 567 1842 602 submittatur

1093 616 1287 661 praedictum
1310 617 1535 651 monasterium
1559 617 1674 651 Christi
1699 617 1842 664 martyris

1093 665 1268 710 Vincentii,
1296 679 1366 700 cum
1395 666 1543 701 omnibus
1569 667 1627 701 sibi
1655 667 1721 701 iure
1744 666 1842 713 perti-

1094 715 1252 759 nentibus,
1274 715 1376 755 cellis,
1392 724 1421 750 et
1441 716 1546 756 terris,
1569 716 1667 757 vittis,
1690 715 1842 760 castellis,

1091 763 1159 797 aliis
1181 777 1307 811 quoque
1339 765 1524 799 redditibus.
1549 765 1582 799 In
1613 765 1720 812 primis
1755 765 1843 800 vide-

1092 812 1164 847 licet
1186 814 1411 848 monasterium
1433 814 1521 848 Beati
1542 814 1626 849 Petri
1643 814 1775 862 apostoli
1796 814 1843 850 si-

1093 871 1157 896 tum
1186 863 1269 897 iuxta
1296 863 1425 897 flurium
1453 864 1578 898 Sabbati
1615 865 1645 898 in
1685 864 1842 899 territorio

1092 911 1329 956 Beneventano,
1365 913 1588 948 monasterium
1617 913 1752 948 Sanctae
1781 913 1842 948 Dei

1093 960 1261 996 Genitricis
1274 962 1389 997 Mariae
1406 962 1436 996 in
1455 963 1524 997 loco
1545 962 1630 998 Sauo
1652 975 1723 997 cum
1739 963 1843 998 omni-

1092 1010 1151 1045 bns
1164 1011 1229 1045 suis
1244 1011 1451 1058 pertinentiis,
1467 1012 1692 1047 monasterium
1707 1012 1842 1047 Sanctae

1092 1060 1208 1095 Mariae
1222 1061 1253 1094 in
1269 1061 1348 1095 duas
1363 1061 1508 1096 basilicas
1524 1062 1608 1096 iuxta
1624 1062 1752 1096 fluvium
1765 1061 1844 1097 San-

1091 1122 1158 1153 gro,
1180 1118 1210 1144 et
1228 1110 1320 1144 aliam
1337 1110 1502 1145 ecelesiam
1520 1111 1654 1146 Sanctae
1676 1111 1792 1146 Mariae
1810 1111 1841 1145 in

1091 1159 1176 1193 Duas
1190 1160 1342 1194 Basilicas
1362 1160 1392 1194 in
1411 1161 1570 1195 territorio
1583 1161 1727 1205 Teatino,
1745 1161 1844 1196 eccle-

1092 1208 1167 1242 siam
1191 1209 1325 1243 Sanctae
1358 1209 1476 1244 Mariae
1511 1211 1542 1244 in
1575 1210 1841 1257 Quinquemillia,

1092 1258 1256 1292 ecclesiam
1280 1259 1415 1293 Sanctae
1437 1259 1551 1294 Mariae
1567 1260 1597 1294 in
1613 1260 1767 1301 Canneto,
1790 1271 1844 1294 ec·-

1091 1307 1218 1342 clesiam
1242 1308 1273 1342 in
1296 1308 1410 1343 Palene
1431 1308 1565 1344 Sanctae
1592 1309 1717 1349 Mariae,
1740 1309 1845 1344 eccle·-

1091 1357 1168 1391 siam
1191 1357 1324 1392 Sanctae
1345 1358 1460 1392 Mariae
1485 1359 1568 1393 iuxta
1590 1359 1721 1393 fluvium
1742 1359 1844 1393 Trin—

1093 1414 1170 1449 tum,
1186 1407 1350 1441 ecclesiam
1369 1407 1502 1442 Sanctae
1518 1408 1633 1442 Mariae
1649 1408 1680 1442 in
1698 1408 1844 1449 Musano,

1092 1456 1255 1490 ecclesiam
1273 1456 1408 1490 Sanctae
1429 1456 1544 1491 Mariae
1566 1458 1596 1491 in
1619 1457 1725 1502 Arole,
1748 1457 1846 1492 eccle-

1092 1505 1168 1539 siam
1186 1505 1318 1539 Sanctae
1339 1506 1455 1540 Mariae
1472 1506 1503 1540 in
1525 1506 1655 1547 Planisi,
1678 1507 1843 1541 ecclesiam

1091 1554 1225 1589 Sanctae
1243 1555 1358 1589 Mariae
1375 1555 1405 1588 in
1424 1554 1535 1591 Casale
1557 1556 1666 1590 Plano.
1687 1556 1764 1591 Item
1781 1569 1844 1591 mo-

1092 1604 1263 1638 nasterium
1291 1604 1378 1639 Beati
1402 1604 1485 1639 Petri
1513 1605 1646 1652 apostoli
1669 1606 1754 1640 Trite
1769 1618 1840 1640 cum

1092 1653 1239 1688 omnibus
1265 1654 1331 1688 suis
1359 1655 1573 1701 pertinentiis,
1600 1655 1710 1690 cellam
1737 1655 1844 1690 Sancti

1091 1702 1174 1737 Petri
1209 1704 1239 1736 in
1274 1703 1400 1750 Vipera,
1428 1704 1537 1738 cellam
1565 1705 1671 1739 Sancti
1699 1705 1782 1739 Petri
1811 1706 1841 1739 in

1092 1752 1246 1795 Vairano,
1281 1753 1391 1787 cellam
1426 1754 1532 1787 Sancti
1567 1754 1651 1788 Petri
1686 1754 1717 1788 in
1752 1754 1845 1789 Ton-

1093 1801 1164 1836 tole.
1207 1802 1285 1836 Item
1332 1804 1558 1838 monasterium
1603 1803 1731 1838 Domini
1771 1803 1845 1838 Sal-

1092 1851 1206 1885 vatoris
1230 1852 1259 1885 in
1282 1851 1400 1893 Alifas,
1428 1852 1538 1887 cellam
1566 1852 1673 1888 Sancti
1696 1853 1845 1888 lobannis

1093 1900 1124 1934 in
1146 1900 1266 1940 Lisine,
1283 1909 1313 1936 et
1334 1901 1441 1936 Sancti
1464 1901 1584 1946 Focati,
1607 1902 1717 1937 cellam
1737 1902 1843 1937 Sancti

1092 1949 1241 1984 Iohannis
1274 1958 1304 1985 et
1333 1950 1442 1986 Sancti
1473 1951 1597 1986 Martini
1621 1953 1653 1986 in
1694 1952 1843 1992 Luceria,

1092 1999 1200 2033 cellam
1219 1999 1324 2034 Sancti
1342 2000 1499 2035 Vincentii
1516 2001 1546 2035 in
1569 2001 1718 2046 Canusia,
1733 2002 1842 2036 cellam

1091 2048 1198 2083 Sancti
1222 2048 1379 2083 Vincentii
1401 2050 1431 2083 in
1454 2050 1577 2090 Tranis,
1602 2051 1713 2085 cellam
1736 2051 1844 2086 Sancti

1092 2097 1247 2132 Vincentii
1266 2099 1296 2132 in
1315 2098 1465 2145 Siponto,
1493 2100 1603 2134 cellam
1629 2100 1738 2136 Sancti
1765 2100 1845 2135 Vin-

1092 2147 1199 2186 centii,
1221 2156 1251 2182 et
1272 2147 1381 2182 Sancti
1403 2148 1517 2194 Angeli
1533 2149 1564 2183 in
1579 2149 1712 2191 Telesia,
1735 2150 1844 2185 cellam

1092 2196 1198 2231 Sancti
1214 2196 1371 2232 Vincentii
1394 2198 1425 2232 in
1447 2198 1572 2238 Toccu,
1600 2199 1710 2234 cellam
1738 2199 1845 2234 Sancti

1092 2246 1249 2281 Vincentii
1268 2247 1300 2281 in
1315 2246 1429 2290 Caiati,
1442 2248 1552 2282 cellam
1567 2249 1673 2283 Sancti
1686 2249 1845 2284 Vincentii

1093 2296 1124 2329 in
1146 2295 1268 2337 Cumis,
1291 2296 1401 2331 cellam
1424 2296 1531 2332 Sancti
1554 2298 1712 2333 Vincentii
1729 2299 1758 2333 in
1773 2299 1846 2334 Tre-

1093 2345 1219 2387 moiola,
1241 2345 1352 2381 cellam
1371 2345 1479 2381 Sancti
1500 2346 1657 2382 Vinc‹=ntii
1681 2349 1710 2382 in
1733 2348 1846 2382 Fluvio

1092 2394 1285 2436 Tliusciano,
1304 2396 1414 2430 cellam
1437 2395 1542 2431 Sancti
1563 2397 1720 2432 Vincentii
1740 2398 1770 2431 in
1790 2398 1846 2431 llu-

1094 2446 1142 2479 vio
1163 2444 1271 2485 Tersa,
1294 2445 1406 2480 cellam
1428 2445 1533 2480 Sancti
1550 2446 1706 2481 Vincentii
1722 2447 1753 2481 in
1770 2447 1846 2481 Pet-

1093 2493 1228 2535 toriano,
1254 2495 1364 2529 cellam
1386 2493 1492 2529 Sancti
1513 2495 1670 2530 Vincentii
1688 2504 1719 2531 et
1738 2497 1845 2531 Sancti

1093 2543 1206 2589 Angeli
1244 2543 1276 2578 in
1317 2544 1463 2579 Isernias.
1501 2544 1577 2579 Item
1618 2546 1844 2581 monasterinm

1093 2592 1200 2627 Sancti
1227 2592 1353 2639 Georgii
1383 2593 1458 2628 inssi!
1478 2594 1708 2630 Salernitanam
1735 2596 1847 2630 civita-

1094 2650 1168 2685 tem,
1184 2644 1409 2677 monasterium
1426 2643 1532 2678 Sancti
1553 2643 1676 2679 Martini
1693 2645 1723 2679 in
1739 2645 1847 2680 Monte

1094 2692 1244 2735 Marsico,
1267 2694 1495 2730 monasterium
1517 2695 1650 2731 Sanctae
1671 2694 1847 2732 Columbae

1869 301 1918 328 An.
1941 301 1969 328 C,
2000 301 2052 327 819

1871 383 1945 406 Menas

1870 422 1908 442 snb

1870 467 1908 482 cae

1949 385 2025 406 terium

1945 424 2052 452 apostuli-

1992 459 2054 482 Sedis

1891 496 2029 525 prati-ctione

1871 532 1977 560 recipitur
1995 535 2015 552 ct
2042 539 2053 552 a

1871 568 1987 590 cwustibvt
2020 568 2053 589 in*

1871 605 1999 627 risdictiune
2032 612 2054 625 c-

1872 643 1945 663 xinntn

1900 827 1942 847 [nu

1946 827 2038 847 int-ratio

1873 865 2053 883 unanastcriornn·

1873 901 1892 917 ct

1947 897 2053 919 bonorum

1894 932 2031 954 Vulturnensi

1872 969 1979 991 coenobio
2004 978 2055 1000 spo-

1873 1006 1987 1034 rtatitiimt,
2000 1014 2055 1035 quan

1873 1041 1894 1062 in
1906 1041 1943 1062 ead

1873 1079 1916 1097 tate

1873 1115 1945 1134 untur.

1948 1050 1980 1063 cun
1992 1042 2055 1064 liber-

1949 1079 2055 1099 νυιιιιίιη.
