2237 3127
215 317 227 322 ..
258 297 309 322 (illl

150 2464 229 2486 Paulus
248 2463 320 2493 depo-

135 2502 191 2523 situs
209 2504 251 2523 est.

388 290 459 324 ‘202

338 364 515 404 apostatare
538 366 554 388 a
588 353 655 387 Deo
677 353 733 395 (a):
762 350 825 392 Qui
848 350 983 384 tenuerit
998 361 1086 393 eam,

340 404 563 452 adimplebitur
578 401 764 440 maledictis,
789 409 819 434 et
832 399 992 434 subvertet
1013 410 1084 433 eum

340 457 370 489 in
388 456 492 488 linem.
510 452 680 497 Propterea
702 449 908 484 exhonoravit
931 448 1086 482 Dominus

338 511 512 539 conventus
536 500 701 542 malorum,
724 507 755 534 et
777 499 930 533 destruxit
956 510 1011 532 eos
1033 510 1087 532 us-

336 565 398 600 qne
430 552 461 586 in
486 551 592 585 tinem.
630 549 710 591 Quis
744 548 837 594 igitur
858 560 955 591 eum,
977 548 1031 594 qni
1056 547 1084 581 in

336 603 473 636 animam
489 613 576 634 suam
594 607 713 646 peccat,
731 597 1013 644 iustilicabit?quis
1023 596 1087 642 glo-

338 651 469 686 rilicabit
489 662 575 688 eum,
597 650 648 696 qui
675 649 767 682 titani
787 660 875 681 suam
890 645 1087 681 exhonorat?

258 730 261 741 ,
280 728 311 740 μ
337 702 444 735 Ausus
465 709 511 735 est
534 699 617 733 enim
645 711 701 745 per
725 709 886 731 summum
907 696 1085 730 divinorum

202 764 207 776 ⁸
255 761 311 795 Ὗ·
337 750 526 785 iudiciorum
564 755 782 793 contemptum
819 746 949 780 missum
978 758 994 779 a
1028 758 1088 779 no-

143 799 178 847 ¹1⁰
253 800 310 848 ¹¹2¹„
337 800 385 834 liis
424 798 602 845 exemplum
650 797 848 839 adulterare,
892 808 928 830 ac
967 795 1086 841 depra—

226 873 235 884 t„
271 846 313 883 ’,.,-
338 862 422 893 vare,
448 862 486 884 ex
511 860 611 895 eoque
638 847 766 881 demere
794 844 1002 880 orthodoxam
1025 841 1088 878 Pa-

338 907 421 933 trum
467 897 700 933 consessionem
726 924 734 936 ,

127 941 139 956 ,x
146 953 150 956 .
167 944 185 956 ιιι
205 936 311 958 lim-rosim

781 903 812 930 et
850 894 1087 928 damnationem

338 961 431 996 quam
462 948 606 989 facimus,
634 946 715 980 idest
741 957 836 992 quam
857 943 1012 979 catholica
1027 943 1089 978 Ec-

338 999 433 1033 clesia
458 998 525 1032 iure
554 996 643 1037 facit,
662 994 922 1029 detestandorum
951 993 1089 1027 baereti-

338 1060 470 1083 corum:
507 1059 544 1082 ac
582 1057 740 1079 venenum
768 1044 914 1091 propriae
944 1042 1090 1077 novitatis

340 1098 483 1131 iniicere.
509 1095 668 1137 Quoniam
698 1094 813 1139 igitur,
840 1092 993 1139 scriptum
1021 1099 1089 1132 est,

341 1147 472 1181 fratres:
507 1145 587 1187 Quis
626 1143 828 1177 miserebitur
862 1141 1045 1176 incantatori
1073 1154 1089 1174 a

339 1203 486 1242 serpente
523 1206 696 1241 percusso,
724 1201 754 1226 et
782 1190 931 1226 omnibus
953 1191 1005 1237 qui
1034 1202 1092 1236 ap-

343 1245 488 1292 propiant
511 1243 621 1278 bestiis
643 1244 702 1285 tbi?
717 1241 769 1275 Sic
792 1249 822 1275 et
844 1241 897 1287 qui
925 1240 1092 1273 comitatur

342 1307 413 1329 cum
443 1295 509 1328 viro
532 1294 653 1339 iniquo,
670 1300 699 1325 et
715 1290 884 1325 obvolutus
907 1298 954 1323 cst
977 1289 1006 1322 in
1024 1300 1093 1335 pec-

342 1344 420 1378 catis
444 1343 522 1378 eius.
536 1343 572 1377 lu
590 1341 679 1376 labiis
696 1341 762 1375 suis
778 1340 918 1374 indulcat
934 1338 1091 1379 iuimicus,

341 1402 372 1428 ct
400 1393 431 1427 in
464 1392 560 1428 corde
590 1404 647 1427 suo
671 1390 853 1428 insidiatur,
880 1396 912 1423 ut
933 1387 1093 1422 subvertat

342 1451 373 1478 te
397 1442 428 1478 in
454 1442 587 1477 foveam.
618 1440 652 1475 ln
676 1439 777 1474 oculis
799 1439 867 1473 suis
888 1438 1091 1484 lacrymatur:

344 1493 410 1527 etsi
436 1491 594 1526 invenerit
614 1497 743 1536 tempus
766 1500 829 1522 non
844 1486 1009 1522 satiabitur
1021 1498 1095 1520 san-

345 1541 459 1588 guine:
476 1549 506 1575 et
535 1539 623 1587 quasi
640 1539 792 1574 adiurans
809 1536 956 1571 suffodiet
973 1535 1095 1583 plantas

344 1599 426 1625 tuas.
452 1590 557 1637 Caput
584 1601 675 1623 suum
703 1586 865 1627 movebit,
900 1593 930 1620 et
968 1585 1095 1632 plaudet

346 1653 441 1675 manu
459 1668 466 1680 ,
502 1647 532 1674 et
567 1638 665 1673 multa
693 1648 860 1671 susurrans
889 1634 1096 1670 commutabit

346 1690 467 1724 vultum
492 1700 596 1723 sunm.
615 1687 654 1722 Et
679 1699 804 1720 rursum
827 1684 916 1719 dicit:
939 1684 1001 1726 Qui
1026 1684 1097 1718 teti-

347 1739 427 1785 gerit
452 1738 554 1785 picem
577 1735 795 1784 inquinabitur
828 1734 866 1769 ab
888 1746 942 1768 ca:
979 1741 1009 1767 et
1043 1733 1095 1779 qui

345 1787 627 1823 communicaverit
664 1784 802 1832 superbo
837 1783 945 1818 induet
979 1795 1098 1829 super-

252 1871 258 1882 ,
288 1871 308 1883 υ,
345 1838 429 1873 biam
460 1840 506 1881 (c).
530 1836 669 1882 Salagite
697 1848 751 1869 vos
777 1846 888 1869 omnes
911 1832 1037 1873 dilecti,
1066 1840 1098 1865 ut

233 1908 238 1919 ι
274 1906 315 1926 ,w
349 1888 402 1921 filii
442 1886 655 1929 obedientiae,
677 1893 708 1919 et
730 1884 869 1918 (livinum
895 1889 1096 1929 pracceptum

139 1947 142 1955 '
180 1946 205 1957 ¹¹¹¹
261 1938 263 1940 ’
296 1946 318 1953 ’·
345 1936 571 1983 adimplentes,
603 1934 687 1982 qnod
718 1933 808 1968 dicit:
842 1932 933 1967 Salva
961 1932 1095 1966 animam

181 1984 199 1996 ‘¹'
220 1982 256 1994 ”ni
281 1982 304 1994 '¹'
348 1995 446 2030 tuam,
470 1986 534 2020 noli
559 1984 714 2031 respicere
729 1991 800 2029 post
813 1990 1020 2027 tergum,ncc
1036 1989 1098 2015 stes

348 2037 377 2070 in
402 2036 486 2070 omni
507 2035 588 2069 circa
617 2033 757 2079 regione,
786 2032 841 2067 scd
864 2032 894 2065 iu
912 2038 1017 2065 monte
1036 2031 1098 2065 sal-

347 2099 421 2120 vum
446 2093 475 2119 te
499 2084 557 2125 sac,
582 2096 621 2118 nc
638 2092 667 2118 et
690 2091 720 2116 tn
737 2082 828 2116 simul
854 2093 962 2128 percas
981 2082 1036 2124 (ὡς
1051 2088 1097 2114 ct:

347 2134 504 2169 Recedite
533 2133 617 2170 inde.
652 2132 809 2180 pollutum
837 2130 932 2165 nolite
959 2138 1099 2175 tangere,

349 2185 432 2219 exite
468 2184 506 2218 de
548 2182 655 2217 medio
701 2193 810 2216 eorum
855 2183 900 2225 (e).
942 2179 1100 2225 Deponite

349 2245 479 2269 omnem
503 2231 541 2267 ad
566 2231 728 2266 bominem
751 2228 947 2273 huiusmodi,
968 2229 1049 2263 idest
1062 2228 1099 2263 ad

352 2283 522 2330 pessimam
552 2281 621 2315 cius
642 2280 812 2320 haeresim,
830 2279 1100 2321 coniunctionem,

352 2341 383 2367 et
404 2343 546 2367 amorem
565 2343 572 2365 :
595 2342 681 2364 mors
707 2331 792 2363 enim
816 2337 862 2363 est
877 2356 885 2369 ,
914 2340 1064 2375 separans
1083 2339 1098 2362 a

353 2382 420 2417 Deo
450 2393 530 2425 eos,
553 2380 605 2426 qui
640 2379 802 2414 doctrinae
828 2378 897 2412 talis
926 2378 982 2412 viri
1006 2377 1101 2412 obse-

353 2439 505 2479 quuntur.
535 2430 639 2476 Atque
662 2428 780 2463 idcirco
803 2439 875 2462 cum
899 2427 1050 2462 canonice
1064 2426 1103 2461 ab

352 2482 438 2516 omni
463 2480 673 2526 deposuimus
694 2477 877 2513 sacerdotali
900 2476 1051 2521 dignitate
1073 2484 1103 2510 et

354 2530 556 2574 ministerio,
578 2528 680 2575 quoad
714 2527 842 2575 proprio
875 2526 1036 2572 corrigens
1065 2525 1101 2559 ad

355 2579 563 2627 apostolicam
595 2577 769 2613 catholicae
802 2575 964 2611 Ecclesiae
1000 2574 1104 2610 redeat

392 2652 517 2689 (ammi.
545 2653 588 2681 ιο.
625 2652 663 2688 (b)
686 2652 755 2679 acet.
785 2654 826 2679 ιιι.
865 2650 901 2689 (c)
927 2649 997 2678 Eccl.
1024 2651 1068 2678 15.

391 2696 431 2734 (d)
447 2696 513 2726 Gen.
545 2697 587 2724 19.
625 2697 662 2736 (e)
680 2696 740 2724 lsai.
761 2697 805 2724 25.

938 293 1128 317 nrtirfftmtm
1150 293 1316 317 ROMANUM

1129 349 1242 384 fidem:
1271 349 1301 383 in
1329 360 1390 396 qua
1417 347 1478 395 ipsi
1502 359 1558 394 per
1584 346 1641 383 Dei
1668 349 1798 395 gratiam
1821 362 1878 395 ge-

1129 398 1227 433 nerati
1249 406 1280 433 et
1303 398 1441 438 educati,
1461 405 1540 432 state
1562 410 1691 444 semper
1705 399 1832 434 radicati
1848 407 1879 434 et

1131 447 1270 489 fundati,
1292 456 1322 482 et
1344 448 1424 482 sicut
1445 446 1614 494 accepistis
1640 459 1655 481 a
1679 447 1792 487 nobis,
1813 450 1879 484 sive

1129 498 1245 532 sanctis
1269 497 1424 545 ‚apostolis
1439 524 1448 538 ,
1472 505 1501 531 et
1525 496 1689 543 prophetis
1710 505 1740 532 et
1767 498 1879 532 docto-

1131 547 1233 587 ribus,
1256 555 1286 581 et
1310 545 1540 581 universalibus
1568 547 1708 593 quinque
1730 547 1879 594 synodis,
1912 556 1946 613 pp

1922 600 1979 614 lbllS.

1130 596 1290 643 quomodo
1317 605 1458 643 oporteat
1480 608 1534 630 vos
1558 595 1687 631 credere
1715 603 1745 630 et
1765 597 1880 631 ambu-

1130 646 1206 687 lare,
1229 653 1259 679 et
1279 645 1400 691 placere
1427 644 1507 690 Deo,
1527 645 1611 680 sicut
1637 653 1668 679 et
1689 645 1880 688 credidistis,

1130 703 1161 729 et
1183 694 1365 729 ambulastis
1393 708 1492 742 usque
1513 695 1635 735 adbuc,
1659 702 1692 729 ut
1714 695 1880 730 abundetis

1132 746 1232 790 magis
1254 744 1429 780 orthodoxa
1453 744 1524 785 lide,
1555 745 1763 780 consistentes
1794 745 1878 780 iuxta

1131 795 1271 842 ipsorum
1292 803 1473 829 sanctorum
1492 795 1573 839 piam
1596 794 1795 829 traditionem
1818 795 1880 830 Do-

1132 844 1254 877 minum
1277 853 1419 878 nostrum
1444 843 1546 878 lesum
1571 842 1746 883 Christum,
1777 843 1879 879 Deum

1132 906 1259 934 verum,
1281 901 1311 927 et
1333 906 1441 928 verum
1471 893 1632 928 bominem
1661 893 1797 928 eundem
1813 921 1823 939 ,
1846 894 1878 928 in

1132 943 1219 977 nullo
1246 955 1263 977 a
1292 943 1394 978 divina
1430 955 1485 978 sua
1509 942 1710 978 delicientem
1743 952 1854 978 natura
1871 971 1880 986 ,

1131 1001 1161 1027 et
1194 992 1224 1027 iu
1266 992 1353 1027 nullo
1393 992 1431 1027 ab
1471 992 1608 1027 bumana
1646 1001 1754 1028 natura
1799 992 1880 1028 ‹leti-

1132 1043 1290 1086 cientem,
1319 1042 1437 1089 absque
1463 1043 1531 1077 solo
1559 1050 1710 1089 peccato:
1741 1042 1796 1077 sed
1822 1054 1878 1090 per

1132 1092 1235 1126 omnia
1260 1092 1431 1138 perfectum
1461 1092 1564 1139 ipsum
1594 1092 1625 1126 in
1661 1100 1793 1139 utraque
1820 1104 1878 1127 na-

1133 1149 1273 1175 turarum
1297 1154 1333 1175 ex
1352 1141 1470 1188 quibus
1497 1149 1527 1176 et
1550 1142 1580 1175 in
1600 1141 1718 1188 quibus
1744 1148 1878 1183 constat,

1134 1198 1200 1224 tnm
1236 1190 1265 1223 in
1289 1190 1404 1234 diviua,
1428 1199 1494 1224 tum
1522 1190 1552 1224 in
1578 1190 1739 1232 bumana,
1767 1190 1798 1225 in
1821 1191 1877 1225 in-

1134 1247 1234 1274 creata
1258 1248 1287 1273 et
1311 1240 1341 1274 in
1365 1248 1483 1280 creata,
1506 1240 1587 1274 sicut
1609 1247 1718 1274 natura
1733 1266 1742 1283 ,
1764 1239 1804 1274 ita
1828 1252 1883 1275 vo-

1135 1289 1268 1330 luntate,
1291 1297 1321 1323 et
1356 1290 1540 1336 operatione
1567 1288 1605 1323 ad
1629 1288 1885 1324 demonstratio-

1136 1351 1207 1373 nem
1233 1338 1387 1386 perfectae
1415 1338 1483 1373 eius
1504 1351 1577 1373 cum
1611 1338 1679 1373 Deo
1705 1345 1737 1373 et
1768 1338 1860 1374 Patre
1876 1366 1886 1384 ‚

1135 1396 1165 1423 et
1187 1401 1257 1423 cum
1279 1388 1376 1423 Matre
1389 1400 1427 1422 ac
1448 1387 1579 1434 Virgine
1602 1387 1886 1430 connaturalitatis,

1135 1446 1165 1472 ct
1200 1437 1543 1472 consubstantialitatis.
1589 1437 1753 1472 Habentes
1791 1437 1888 1485 igitur

1136 1487 1228 1521 talem
1256 1499 1369 1534 spem,
1392 1486 1488 1522 multa
1511 1486 1654 1522 libertate
1689 1487 1807 1521 utimur
1822 1514 1831 1528 ,
1853 1495 1885 1522 et

1137 1549 1198 1570 non
1218 1536 1301 1571 sicut
1322 1536 1490 1571 adversarii
1518 1548 1614 1582 super
1636 1535 1773 1571 inductis
1795 1536 1886 1571 lasci-

1138 1586 1224 1620 viunt
1262 1586 1418 1624 formulis,
1455 1593 1486 1620 et
1516 1585 1793 1631 expositionibus,
1828 1586 1884 1621 sed

1138 1636 1278 1682 paternis
1300 1635 1506 1683 synodalibus
1539 1635 1712 1670 catholicae
1726 1635 1887 1670 Ecclesiae

1138 1685 1251 1719 muniti
1280 1684 1468 1732 praeconiis,
1492 1684 1568 1719 baec
1591 1684 1719 1732 ubique,
1737 1692 1767 1719 et
1783 1685 1889 1719 omni-

1139 1734 1196 1769 bus
1220 1746 1274 1780 per
1295 1746 1342 1775 ea,
1369 1747 1450 1781 quae
1474 1746 1575 1781 nuper
1597 1746 1612 1768 a
1636 1733 1728 1768 nobis
1750 1734 1887 1782 synoda-

1139 1784 1209 1818 liter
1243 1791 1329 1830 gesta
1362 1790 1448 1824 sunt,
1480 1783 1719 1824 intimavimus,
1754 1795 1834 1831 quae
1856 1792 1887 1818 et

1140 1833 1302 1867 vobiscum
1327 1846 1412 1868 nunc
1437 1833 1621 1880 loquimur,
1644 1832 1722 1867 niliil
1751 1833 1890 1867 inducti-

1139 1883 1217 1917 tium
1238 1891 1290 1917 aut
1311 1883 1535 1929 peregrinum,
1563 1894 1599 1917 ac
1622 1891 1737 1917 novum
1762 1882 1891 1929 praedi*-

1139 1940 1258 1973 cautcs,
1281 1932 1336 1967 sed
1355 1945 1435 1979 quae
1462 1931 1638 1972 audivistis,
1661 1939 1692 1966 et
1713 1931 1887 1977 didicistis,

1139 1990 1169 2017 et
1195 1982 1372 2028 accepistis,
1395 1989 1426 2017 et
1448 1981 1478 2016 in
1502 1981 1592 2016 vobis
1614 1981 1728 2028 iugiter
1750 1981 1887 2016 radicata

1140 2039 1223 2066 snut.
1252 2031 1341 2073 Quae
1374 2031 1457 2066 enim
1489 2038 1535 2065 est
1569 2043 1643 2078 spes
1677 2038 1782 2066 nostra
1801 2059 1809 2073 ,
1836 2039 1889 2066 aut

1140 2080 1292 2127 gaudium
1315 2088 1368 2115 aut
1389 2093 1504 2115 corona
1527 2079 1749 2126 gloriationis?
1774 2093 1837 2114 non
1850 2093 1890 2115 ne

1142 2143 1195 2165 vos
1231 2141 1338 2165 coram
1382 2130 1449 2177 ipso
1496 2129 1634 2164 Domino
1669 2137 1778 2164 nostro
1817 2129 1888 2164 Iesu

1141 2180 1295 2221 Christo,
1326 2187 1357 2214 et
1378 2191 1463 2214 nune
1489 2187 1519 2213 et
1542 2179 1571 2213 in
1596 2179 1696 2226 ipsius
1726 2178 1890 2214 adventu?

1141 2228 1409 2277 Quandoquidem
1425 2229 1521 2263 multa
1539 2228 1614 2263 milii
1631 2228 1670 2263 ad
1693 2240 1749 2263 vos
1761 2227 1903 2263 libertas·

1141 2287 1210 2318 est,
1234 2280 1329 2313 multa
1365 2278 1509 2324 gloriatio
1542 2290 1599 2325 pro
1628 2277 1727 2319 vobis,
1751 2277 1890 2324 repletus

1141 2341 1211 2364 sum
1234 2328 1462 2373 consolatione,
1485 2327 1710 2374 superabundo
1725 2326 1843 2374 gaudio
1860 2327 1891 2361 in

1142 2377 1229 2413 omui
1259 2377 1460 2412 tribulatione
1492 2386 1620 2421 nostra,
1643 2389 1738 2424 quam
1762 2384 1891 2424 propter

1143 2428 1262 2462 dictum
1310 2427 1473 2462 bominem
1515 2426 1749 2461 substinuimus
1768 2438 1774 2460 :
1810 2425 1891 2468 Quis

1144 2478 1228 2512 enim
1249 2476 1424 2511 infirmatur
1445 2484 1476 2511 et
1498 2489 1556 2522 ego
1578 2488 1641 2510 non
1665 2474 1828 2510 infirmor?
1849 2477 1891 2519 (a)

1144 2527 1224 2570 Quis
1244 2526 1483 2568 scandalizatur,
1506 2533 1536 2560 et
1558 2537 1617 2571 ego
1640 2537 1703 2559 non
1726 2522 1823 2559 uror?
1846 2524 1891 2559 in-

1145 2577 1213 2624 quit
1228 2575 1355 2611 divinus
1376 2575 1560 2623 Apostolus.
1583 2574 1750 2617 Quocirca,
1771 2580 1803 2608 et
1825 2586 1891 2614 vos,

1146 2625 1323 2667 carissimi,
1351 2625 1531 2661 huiusmodi
1562 2631 1701 2660 nostram
1724 2635 1781 2671 pro
1805 2623 1894 2659 vobis

1183 2692 1223 2727 (ιι)
1238 2693 1265 2721 2,
1282 2691 1400 2719 Corinth.
1422 2693 1462 2718 tt.

1911 282 1963 309 An.
1985 282 2014 310 C.
2044 281 2096 309 eta

1913 485 1943 506 D«-
1963 483 2098 512 recipiendis

1913 521 2008 549 qu'nqut¹
2026 527 2097 549 syno-

1985 555 2099 578 universn-

2236 871 2237 874 „
2234 835 2237 842 c
2228 704 2237 826 -m
2228 594 2237 698 .-,.-,-’.
2227 528 2237 586 ⁴4„ss
