2237 3127
53 285 106 314 An.
127 283 157 314 C.
184 283 235 312 449

82 800 177 822 Iri-inuio
196 809 234 822 nr:-

50 842 122 860 turuiu
149 839 169 859 iu
193 845 233 867 uy-

51 875 107 898 nodi·
157 875 232 905 Ephe—

49 919 104 933 sinn.

77 2112 148 2134 Series
165 2113 226 2135 sut-ti.

927 293 952 317 S.
982 294 1042 316 LEO
1063 295 1074 317 1
1098 294 1143 317 91⁸.

266 350 409 386 universa
424 348 570 399 corporis
592 348 707 384 Christi
725 347 866 383 membra
890 348 1013 394 pulsan-

266 409 326 435 tur.
353 400 417 436 Sed
444 401 515 448 quia
538 399 711 445 gloriosum
734 397 825 432 nobis
852 404 899 432 est
920 398 1012 445 quic-

265 449 340 497 quid
364 462 421 485 nos
448 450 510 497 pati
532 449 618 483 Deus
640 447 783 490 voluerit,
800 454 830 481 et
857 459 913 493 pro
936 447 1012 481 veri-

264 506 327 534 tate
353 499 496 540 tolerare,
523 498 555 532 in
583 497 775 532 consortium
801 508 855 530 vos
889 496 1011 542 patieu-

266 549 326 583 tiae
348 548 488 596 paternis
514 546 786 582 exhortationibus
808 545 1009 589 advocamus,

266 606 299 632 ut
320 610 375 645 per
401 597 598 632 dilectionem
622 604 755 629 vestram
778 594 926 629 omuibus
943 595 1009 629 Deo

265 647 483 686 servientibus,
500 656 579 691 quae
588 645 786 691 scripsimus,
800 644 1009 688 innotescant,

265 704 295 731 et
321 696 458 730 inimicis
484 693 646 739 Evangelii
671 694 863 737 resistentes,
888 705 1011 740 neopa-

265 746 356 779 storis
391 744 483 779 vestri
516 743 732 784 dilectionem,
767 755 824 777 nec
858 742 1009 776 unitatem

264 793 434 828 catholicae
467 792 536 827 fidei
561 792 722 826 deseratis.
767 792 925 833 Quoniam
960 804 1006 829 ea,

263 852 342 890 quae
370 843 400 877 in
427 842 556 889 Epheso
584 854 684 887 nuper
705 849 812 876 contra
847 840 1008 883 iustitiam,

264 892 308 926 vel
336 904 493 926 canonum
522 891 720 937 disciplinam
754 903 810 935 per
836 891 930 925 unius
952 890 1010 924 lio-

262 941 358 976 minis
380 941 606 988 impudentiam
630 948 716 986 gesta
737 948 820 981 sunt,
848 939 933 974 nulla
957 952 1009 973 ca-

263 990 398 1025 tholicae
428 990 500 1025 fidei
532 990 608 1024 ratio
644 997 705 1024 rata
740 1001 810 1024 esse
844 989 1006 1036 permittit.

265 1040 339 1074 Data
357 1052 417 1074 vur
439 1039 510 1074 idus
531 1038 679 1084 octobris,
707 1039 829 1073 Asterie
852 1046 882 1073 et
903 1038 1010 1073 Proto-

262 1101 343 1135 gene
364 1088 432 1124 VV.
454 1088 519 1124 CC.
544 1101 625 1122 coss.

316 1145 385 1176 Data
407 1146 454 1176 die
476 1146 493 1176 8
511 1146 654 1181 octobris,
673 1154 748 1174 auno
770 1144 851 1173 Dom.
872 1144 950 1182 449,

402 1186 589 1226 pontificatus
611 1185 716 1215 Leonis
739 1194 814 1214 anno
835 1193 862 1213 x.

590 1308 674 1344 XIV.

262 1386 419 1419 Sententia
439 1397 528 1430 super
550 1386 679 1429 antiqua
693 1384 1009 1429 quaestionejurisdi-

307 1436 505 1468 ctionisincer
525 1436 733 1468 Arelatensium
759 1442 784 1465 e!
814 1435 1006 1466 ermiensrm

312 1485 476 1525 Ecclesias,
498 1491 524 1518 et
549 1492 748 1528 utrarumque
775 1484 906 1516 lt'mt'lwn
929 1485 1007 1517 assi-

308 1541 427 1578 qnotzo.

530 1604 742 1635 SUMMARIUM

260 1671 357 1701 Series
379 1670 456 1700 faeti.
476 1687 517 1693 -—
538 1669 687 1700 Sententia
711 1670 815 1700 Leonis
840 1680 929 1710 super
950 1681 1005 1701 an-

300 1711 379 1750 tiqua
411 1710 608 1740 controversia
642 1711 718 1740 inter
747 1711 948 1741 Arelatensem
980 1716 1007 1741 et

301 1750 496 1780 Viennensem
525 1750 683 1780 Ecclesias.
711 1767 752 1772 —
775 1750 905 1786 Quatuor
931 1752 1005 1781 civi-

300 1795 371 1820 tates
393 1790 553 1821 Viennensi
576 1791 713 1830 episcopo
735 1790 894 1820 subiectae.

259 1862 306 1890 Leo
325 1861 510 1890 dilectissimis
528 1860 663 1889 fratribus
682 1861 866 1895 Constantino,
883 1863 1004 1891 Armata-

303 1906 359 1939 rio‚
387 1906 532 1939 audentio.
562 1906 717 1939 severiano,
737 1907 893 1940 Valeriano,
924 1908 1004 1940 Urso,

303 1951 452 1986 Stephano.
489 1951 611 1979 nectario
623 1972 630 1984 ‚
667 1951 838 1985 Constantio.
874 1953 1004 1986 Maximo,

302 1996 431 2031 asclepio,
450 1996 593 2029 Theodoro,
610 1996 692 2029 tusto,
709 1996 834 2031 Ingenuo,
853 1998 1004 2032 Augustali,

303 2041 502 2077 superventori,
522 2041 646 2074 Unantto,
666 2041 783 2074 Fonteio,
803 2042 931 2071 Palladio.

306 2106 412 2141 Lectis
438 2106 615 2141 dilectionis
642 2116 761 2142 restrae
783 2108 899 2149 literis,
926 2122 1005 2156 quas

259 2155 296 2190 ad
319 2168 376 2190 nos
404 2156 455 2190 filii
479 2157 576 2191 nostri
600 2157 768 2192 Petronius
790 2158 953 2206 presbyter
974 2167 1004 2194 et

259 2205 400 2251 Regulus
426 2205 577 2241 diaeonus
609 2207 804 2248 detulerunt,
826 2220 919 2255 quam
948 2208 1004 2243 be—

259 2255 403 2289 nevolum
434 2254 519 2289 fratri
548 2264 578 2290 et
599 2258 787 2303 coepiscopo
810 2266 917 2292 nostro
939 2258 1004 2292 Ra-

258 2304 373 2339 vennio
411 2304 600 2351 impendatis
637 2307 806 2352 affectum,
845 2307 1004 2342 evidenter

257 2354 463 2400 agnovimus:
501 2354 657 2401 siquidem
686 2356 871 2402 postulatis,
909 2365 940 2391 ut
974 2358 1001 2392 ei

257 2403 340 2450 quod
363 2403 509 2438 decessor
527 2404 626 2451 ipsius
649 2405 759 2440 merito
782 2407 896 2441 nimiae
920 2419 1004 2452 prae-

257 2453 446 2500 sumptionis
466 2453 629 2493 amiserat,
654 2454 850 2490 reformetur.
870 2456 933 2491 Sed
952 2469 1003 2503 pe-

258 2502 398 2538 titionem
425 2502 627 2538 fraternitatis
661 2513 782 2540 vestrae
815 2504 1003 2541 Viennensis

257 2551 440 2600 episcopus,
466 2552 573 2587 missis
599 2552 699 2589 literis
731 2562 761 2589 et
793 2554 917 2601 legatis,
945 2568 1002 2591 sua

257 2602 456 2648 suggestione
479 2610 683 2649 praevenerat
702 2615 900 2651 conquerens
921 2604 1002 2639 Are-

256 2653 403 2686 latensem
449 2652 634 2699 episcopum
665 2653 898 2690 ordinationem
940 2654 1000 2690 sibi

332 2707 407 2739 Bull.
426 2708 505 2739 Rom.
532 2708 587 2741 Vol.
608 2709 630 2739 I.
792 2711 829 2741 10

1710 285 1755 316 75

1057 355 1205 390 Vaseusis
1225 355 1370 390 antistitis
1392 367 1570 402 usurpasse.
1593 354 1674 390 Cum
1696 355 1799 403 itaque

1056 405 1146 439 uobis
1161 405 1199 439 ita
1215 413 1244 439 et
1268 413 1464 451 {alternarum
1482 405 1651 440 rerertntia
1668 406 1801 440 sanctio-

1056 467 1149 494 num,
1176 462 1207 488 et
1235 455 1375 488 omnium
1403 463 1539 489 vestrum
1575 454 1725 489 servanda
1761 455 1800 489 sit

1054 504 1167 549 gratia,
1191 511 1223 537 ut
1245 504 1274 537 in
1299 504 1502 538 ecelesiarum
1528 504 1698 551 privilegiis
1722 504 1798 538 nihil

1053 553 1204 595 convelli,
1227 553 1302 586 nihil
1328 554 1482 599 patiamur
1511 554 1651 588 excindi:
1687 565 1800 588 conse-

1053 614 1152 648 quens
1168 602 1235 645 fuit,
1251 610 1281 635 ut
1297 602 1332 635 ad
1351 602 1594 637 conservandam
1612 603 1690 636 intra
1710 602 1800 637 Vien-

1054 663 1182 685 nensem
1225 658 1255 684 et
1282 650 1496 685 Arelatensem
1534 651 1709 698 provuicias
1745 664 1801 698 pa-

1053 712 1134 743 cem,
1149 700 1349 733 adhiberetur
1365 700 1498 735 iustitiae
1514 701 1697 745 moderatio,
1719 714 1799 747 quae

1053 761 1111 783 nec
1125 749 1317 796 antiquitatis
1333 762 1434 790 usum,
1450 762 1507 784 nec
1529 750 1682 785 desideria
1698 759 1796 786 vestra

1054 798 1237 844 negligeret.

1100 846 1316 882 Consideratis
1343 847 1426 882 enim
1452 847 1690 894 allegationibus
1718 849 1799 883 utri-

1052 909 1151 943 usque
1174 897 1269 944 partiS
1292 897 1502 944 praesentium
1526 898 1726 942 clericorum,
1755 898 1794 933 ita

1051 958 1175 992 semper
1217 947 1296 980 iutra
1337 946 1527 992 provinciam
1564 954 1696 981 vestram
1715 974 1722 988 ‚
1767 955 1797 981 et

1050 995 1261 1029 Viennensem
1282 1004 1312 1030 et
1329 995 1545 1030 Arelatensem
1569 996 1710 1030 civitates
1737 997 1797 1031 cla-

1053 1057 1101 1079 ras
1122 1044 1217 1079 fuisse
1241 1046 1432 1092 reperimus,
1456 1053 1488 1079 ut
1509 1045 1705 1092 quarundam
1727 1058 1797 1080 cau-

1051 1107 1156 1128 sarum
1186 1095 1302 1129 alterna
1331 1095 1468 1140 ratione,
1496 1107 1580 1129 nunc
1607 1095 1656 1129 illa
1684 1095 1715 1129 in
1743 1108 1796 1130 ec-

1051 1144 1235 1178 clesiasticis
1257 1144 1443 1191 privilegiis,
1467 1157 1550 1179 nunc
1572 1144 1628 1178 ista
1651 1145 1798 1191 praecel-

1052 1194 1144 1234 leret;
1172 1206 1242 1228 eum
1272 1203 1374 1228 tamen
1404 1193 1522 1228 eisdem
1549 1206 1718 1229 commune
1747 1195 1795 1230 ius

1050 1243 1207 1288 quondam
1238 1242 1334 1277 fuisse
1367 1256 1384 1278 a
1417 1244 1564 1289 gentibus
1599 1244 1794 1290 proderetur.

1053 1291 1142 1326 Unde
1157 1292 1368 1327 Viennensem
1392 1293 1565 1331 civitatem,
1584 1301 1735 1340 quantum
1759 1294 1797 1329 atl

1050 1342 1292 1376 ecelesiasticam
1316 1342 1464 1376 iustitiam
1488 1343 1637 1390 pertinet,
1666 1343 1795 1378 inhono-

1051 1399 1144 1425 ratam
1169 1391 1293 1437 penitus
1319 1404 1387 1427 esse
1419 1404 1479 1426 non
1504 1393 1668 1439 patiamur,
1697 1405 1794 1440 prae-

1049 1441 1155 1474 sertim
1183 1453 1254 1475 cum
1282 1441 1320 1475 de
1349 1442 1530 1489 receptione
1559 1442 1709 1488 privilegii
1737 1455 1794 1477 au-

1050 1490 1191 1524 ctoritate
1214 1491 1273 1524 iam
1296 1499 1418 1525 nostrae
1441 1491 1655 1538 dispositionis
1674 1500 1796 1527 utatur:

1049 1552 1141 1586 quam
1167 1548 1352 1585 potestatem
1379 1540 1498 1575 Hilario
1529 1541 1678 1588 episeopo
1709 1541 1798 1576 abla-

1048 1596 1128 1633 tam,
1150 1588 1321 1624 Viennensi
1350 1590 1498 1637 episcopo
1523 1591 1714 1626 credidimus
1736 1591 1793 1625 de-
1837 1622 1840 1625 Δ

1050 1638 1229 1684 putandam:
1243 1640 1295 1686 qui
1308 1652 1346 1674 ne
1363 1648 1490 1686 repente
1503 1641 1673 1687 semetipso
1694 1640 1793 1675 factus

1049 1688 1189 1723 videatur
1208 1689 1351 1729 inferior,
1375 1689 1486 1724 vicinis
1508 1690 1565 1724 sibi
1590 1698 1724 1737 quatuor
1743 1703 1797 1737 op-

1050 1738 1130 1783 pidis
1165 1738 1372 1784 praesidebit,
1411 1739 1440 1773 id
1468 1748 1525 1781 est,
1558 1739 1734 1779 Valentiae,
1765 1749 1796 1775 et

1047 1787 1279 1827 Ttmranmsiao,
1299 1796 1329 1822 et
1347 1787 1504 1830 Generae,
1520 1797 1549 1823 et
1564 1788 1792 1837 Gratianopoli,

1049 1844 1081 1870 ut
1102 1849 1172 1871 cum
1197 1837 1242 1871 eis
1265 1838 1329 1883 ipsa
1351 1837 1472 1873 Vienna
1494 1839 1533 1873 sit
1553 1839 1731 1880 coniuncta,
1754 1839 1792 1873 ad

1047 1886 1137 1920 cuius
1164 1886 1347 1933 episcopum
1383 1888 1524 1923 omnium
1560 1888 1789 1935 praedictarum

1046 1935 1249 1969 ecelesiarum
1271 1936 1438 1972 solicitudo
1457 1937 1620 1984 pertineat.
1638 1938 1793 1985 Reliquae

1047 1997 1119 2019 vero
1146 1985 1285 2020 civitates
1319 1986 1460 2022 eiusdem
1499 1987 1698 2034 provinciae,
1734 1987 1794 2022 sul)

1046 2034 1237 2068 Arelatensis
1264 2035 1411 2071 antistitis
1438 2037 1622 2071 auctoritate
1648 2044 1678 2071 et
1704 2037 1792 2071 ordi-

1048 2085 1172 2118 natione
1195 2084 1382 2120 consistant:
1416 2098 1510 2133 quem
1539 2099 1593 2132 pro
1623 2086 1794 2121 modestiae

1046 2146 1119 2167 suae
1146 2135 1369 2180 temperantia,
1401 2135 1441 2169 ita
1464 2135 1602 2170 futurum
1630 2136 1790 2171 credimus

1046 2183 1224 2217 studiosum
1252 2184 1389 2219 caritatis
1416 2192 1446 2219 ct
1481 2185 1579 2232 pacis,
1609 2195 1642 2219 ut
1676 2198 1795 2233 nequa—

1046 2245 1138 2279 quam
1167 2233 1226 2267 sibi
1255 2233 1361 2268 eredat
1396 2234 1553 2276 ablatum,
1588 2235 1672 2282 quod
1707 2235 1793 2270 fratri

1046 2282 1148 2316 videat
1171 2295 1239 2317 esse
1257 2295 1455 2319 concessum.
1479 2284 1556 2319 Data
1580 2287 1601 2319 5
1618 2298 1691 2320 nou.
1708 2285 1794 2329 maii,

1045 2331 1266 2367 Valentiniano
1288 2333 1432 2380 Augusto
1452 2333 1510 2369 Vlt
1532 2341 1563 2368 et
1583 2334 1703 2369 Avieno
1724 2334 1792 2369 VV.

1045 2380 1113 2415 CC.
1136 2393 1217 2415 coss.

1085 2446 1155 2476 Data
1174 2447 1220 2476 (lie
1243 2448 1260 2477 5
1283 2448 1367 2485 maii,
1391 2458 1466 2478 anno
1489 2448 1570 2478 Dom.
1587 2449 1654 2487 450,
1678 2449 1796 2489 pontifi-

1046 2498 1129 2526 catus
1150 2495 1255 2526 Leonis
1277 2506 1354 2526 anno
1376 2506 1402 2526 x.

1826 288 1879 315 An.
1907 287 1935 316 C.
1957 287 2009 316 ⁴50

1857 859 1966 879 Sententia

1826 894 1903 915 Leuws
1944 902 2008 922 supi-r

1826 935 1911 959 antiqui
1953 939 1963 950 t·

1826 966 1931 986 ti-‹ttvssin
1954 967 2009 987 inte·-

1841 1005 1874 1023 Λιι
1885 1002 1958 1022 lati-u«.
1969 1011 1987 1023 w

1826 1042 1846 1059 et
1864 1039 2007 1059 Viennensem

1826 1075 1945 1096 Bith-sias,

1825 1550 1920 1576 Quattuor
1938 1548 1990 1569 eiri-

1824 1588 1879 1606 1ates
1897 1584 2007 1605 Viennen-

1824 1629 1841 1642 si
1900 1621 2006 1650 episeopo

1824 1658 1941 1679 sttliit¹t·i.u[¹,
