2237 3127
834 299 934 322 minax
957 299 1072 322 RERUM
1627 289 1696 322 689

292 351 421 388 tandem
448 353 704 396 concessionum,
733 354 929 402 aliorumque
955 356 1152 390 indultorum
1180 355 1450 391 confirmationem
1485 356 1600 397 habet,
1628 358 1700 390 642
1727 358 1744 390 b

293 410 325 436 et
350 414 411 448 seq.

195 449 232 485 S.
252 449 340 485 Petri
370 451 597 486 monasterium
621 451 771 488 Rodense
801 453 860 488 sub
882 454 1079 501 protectione
1097 453 1131 488 S.
1150 453 1244 489 Sedis
1283 453 1443 500 recipitur,
1471 456 1541 489 456
1568 467 1588 489 a
1613 462 1644 490 et
1664 468 1725 501 seq.

195 498 324 534 Photini
347 511 434 534 error
452 500 490 535 de
512 500 652 545 Christo,
672 503 717 536 56
741 515 771 536 α.
1311 503 1319 511 ’

195 547 401 583 pictaviensis
415 549 556 584 Ecclesia
575 563 629 597 pro
644 563 774 586 suorum
791 551 946 586 bonorum
963 551 1172 587 indemnitate
1186 551 1346 587 decretum
1367 552 1487 587 obtinet
1502 564 1518 587 a
1532 552 1650 588 Ioanne
1670 552 1741 587 VIII

295 597 370 638 PP„
399 600 469 632 554
497 612 516 633 a
543 608 572 633 et
595 601 622 633 b.

195 645 369 692 Piligrinus
390 648 649 695 archiepiscopus
671 648 899 683 Lam-eacensis
922 649 1017 696 pallio
1044 649 1179 684 donatur
1201 657 1231 684 et
1253 650 1390 685 vicarius
1418 650 1512 685 Sedis
1540 650 1743 698 Apostolicae

293 696 325 729 in
351 695 517 731 Pannonia
544 697 721 732 declaratur
746 709 762 732 a
785 697 961 732 Bene-dicto
984 698 1038 732 VII
1062 698 1140 742 PR,
1169 701 1231 733 441
1261 712 1280 733 α
1307 707 1337 734 et
1363 702 1381 734 b
1402 708 1433 734 et
1453 712 1513 744 seq.

194 743 309 779 Pisana
329 744 474 779 Ecclesia
496 745 618 780 obtinet
644 759 659 781 a
687 746 804 781 Ioanne
826 746 905 781 XIX
922 747 982 781 PP.
1007 755 1039 781 ut
1060 749 1244 782 auctoritate
1269 749 1351 782 illius
1379 749 1552 795 apostolica
1581 749 1743 784 canonicis

294 794 360 828 suis
386 794 613 829 confirmentur
631 795 712 829 bona
739 803 770 830 et
792 796 952 842 privilegia
981 796 1098 837 omnia,
1122 799 1191 831 547
1215 799 1232 831 b
1259 805 1288 831 et
1310 810 1370 842 seq.

194 841 368 877 Pontifices
403 850 589 890 potestatem
625 844 742 879 habent
767 845 871 879 datam
893 857 909 878 a
936 844 1086 885 Domino,
1124 848 1192 880 195
1224 859 1253 880 α.
1278 846 1358 880 Sunt
1386 846 1534 880 custodes
1569 858 1759 887 canonum„

293 893 363 925 196
385 905 416 926 a.
438 892 527 934 Quae
549 905 658 927 eorum
681 905 767 928 arma
789 895 851 928 sint
873 902 980 928 contra
1004 895 1105 928 minas
1131 895 1322 941 principum,
1353 897 1424 929 225
1447 897 1474 929 b.
1503 895 1606 937 Quam
1630 884 1758 935 curatnl

290 940 330 975 de
351 940 503 976 Ecclesiis
535 942 651 977 habere
673 942 820 985 debeant,
843 945 914 977 284
941 956 971 977 α.
994 943 1141 978 Pontifex
1170 956 1318 978 romanus
1345 945 1489 978 omnium
1522 944 1735 979 Ecclesiarum

290 998 436 1035 caputet
460 991 616 1038 princeps,
639 993 709 1026 295
738 994 766 1026 b.
794 991 985 1026 Pontificum
1013 1004 1087 1027 cura
1112 1005 1167 1039 pro
1189 1005 1351 1027 sacrorum
1381 993 1522 1028 locorum
1557 992 1758 1039 stabilitam}

291 1040 357 1073 551
384 1041 412 1073 b.
437 1039 607 1074 Pontifices
634 1041 754 1075 romani
788 1053 885 1087 qnare
912 1042 1057 1075 dicantur
1078 1042 1255 1088 apostolici,
1286 1046 1355 1076 547
1378 1056 1408 1076 α.
1433 1042 1482 1076 Ad
1510 1054 1565 1076 eos
1593 1044 1757 1077 tantum-¹

290 1087 386 1122 modo
413 1097 533 1135 spectat
555 1090 688 1123 concilia
709 1090 866 1135 generalia
889 1102 1063 1124 convocare
1085 1101 1114 1123 et
1133 1092 1302 1137 episcopos
1324 1090 1495 1137 deponere,
1520 1094 1591 1125 626
1617 1104 1648 1125 α.

189 1135 303 1184 Ρορρο
332 1137 507 1184 patriarcha
529 1138 744 1184 Aquileiensis
774 1139 896 1174 obtinet
917 1151 934 1174 a
955 1139 1073 1174 Ioanne
1094 1139 1172 1174 th
1198 1140 1261 1175 PP.
1287 1140 1421 1175 insulam
1444 1139 1640 1175 Gradenscin
1662 1153 1734 1176 cum

291 1187 378 1220 omni
398 1187 478 1227 iure,
503 1189 565 1221 541
596 1189 624 1222 b.

190 1234 381 1270 Portuensis
395 1235 535 1270 Ecclesia
560 1236 639 1272 hona
663 1236 813 1271 nonnulla
838 1237 928 1271 habet
951 1249 967 1272 a
989 1237 1105 1272 Ioanne
1118 1237 1178 1272 XV
1201 1237 1277 1281 PR,
1303 1240 1372 1272 158
1390 1240 1418 1272 b.
1440 1238 1647 1273 Territorium
1668 1239 1737 1273 eius

290 1284 369 1319 iuris
390 1284 424 1320 S.
455 1284 494 1319 R.
523 1285 560 1319 E.
585 1286 763 1320 declaratur
791 1286 830 1320 ah
852 1286 962 1320 coelem
991 1286 1153 1327 pontifice,
1177 1288 1252 1320 ibid.
1282 1295 1312 1321 et
1333 1299 1392 1332 seq.
1410 1286 1497 1321 Bona
1520 1287 1596 1322 haec
1618 1295 1648 1322 et
1670 1287 1736 1322 iura

289 1333 318 1368 ei
341 1335 569 1368 confirmantur
595 1347 611 1369 a
634 1335 806 1370 Benedicto
829 1334 900 1369 VIII
922 1335 998 1372 Pp..
1021 1338 1089 1369 527
1113 1338 1130 1370 b
1156 1344 1185 1370 et
1206 1348 1279 1380 seqq
1303 1348 1360 1370 nec
1388 1348 1449 1370 non
1478 1348 1494 1371 a
1517 1336 1633 1370 Ioanne
1656 1336 1731 1371 th

291 1382 380 1427 PP.,
408 1385 480 1418 545
509 1396 528 1418 α
555 1392 583 1418 01
605 1397 678 1429 seq.;
702 1385 774 1418 item
804 1397 818 1418 a
844 1384 949 1418 Leone
976 1384 1029 1418 lx.
1059 1387 1129 1419 595
1151 1398 1181 1419 α.
1210 1385 1259 1418 ΑΙ)
1284 1385 1396 1419 eodem
1424 1385 1562 1432 denique
1587 1386 1735 1432 pontilice

288 1432 493 1467 confirmatur
514 1435 542 1467 ei
567 1434 668 1467 insula
691 1433 846 1481 Lycaonia
871 1434 1031 1467 nonnullis
1053 1433 1167 1468 additis
1194 1434 1377 1480 privilegiis,
1399 1436 1474 1468 ibid.
1503 1443 1533 1468 et
1559 1447 1619 1479 seq.

187 1481 357 1517 Potentius
379 1481 501 1527 legatus
523 1482 554 1516 in
578 1482 716 1517 Africam
741 1495 756 1517 a
784 1482 818 1517 S.
842 1482 947 1516 Leone
974 1482 1088 1527 Magno
1109 1482 1172 1516 ΡΙ).
1192 1483 1337 1521 mittitur,
1360 1485 1406 1516 25
1433 1496 1462 1517 α.
1753 1484 1762 1503 '

187 1530 373 1566 Placentina
392 1531 532 1566 Ecclesia
556 1531 755 1578 privilegium
773 1531 893 1565 obtinet
915 1544 930 1565 a
953 1531 1114 1577 Stephano
1129 1531 1156 1566 V
1178 1532 1241 1566 PP.
1265 1544 1328 1579 quo
1351 1531 1409 1566 snb
1432 1533 1565 1567 tuitione
1583 1532 1616 1567 S.
1640 1532 1733 1567 Sedis

287 1579 489 1627 Apostolicae
512 1580 674 1627 recipitur,
702 1581 834 1627 eiusque
852 1580 932 1615 hona
949 1581 1066 1620 onmia,
1090 1582 1168 1621 iura,
1187 1582 1346 1627 privilegia
1368 1582 1538 1627 pontificia,
1557 1582 1733 1628 imperialia

286 1629 335 1663 vel
357 1629 443 1676 regia
472 1630 711 1670 confirmantur,
732 1632 802 1664 565
830 1632 847 1664 b
875 1637 905 1664 et
926 1643 983 1675 seq.
1008 1630 1037 1663 A
1058 1630 1214 1676 Gregorio
1244 1630 1272 1664 V
1304 1630 1367 1664 PP.
1396 1640 1500 1665 autem
1528 1631 1578 1664 illa
1606 1631 1734 1665 Raven-

289 1679 411 1713 natensi
435 1678 534 1713 ablata
558 1687 588 1713 et
610 1679 850 1725 metropolitana
873 1678 954 1713 dic-ta
977 1691 994 1713 a
1021 1679 1136 1714 Ioanne
1157 1679 1229 1714 XVI
1250 1681 1412 1726 antipapa,
1427 1680 1530 1714 eidem
1547 1680 1734 1720 restituitur,

288 1739 325 1762 ac
351 1728 455 1762 denuo
482 1727 662 1772 subiicitur,
690 1731 761 1763 468
788 1741 808 1763 α
826 1736 857 1762 et
883 1730 912 1772 b,
935 1740 993 1762 nec
1016 1740 1076 1762 non
1105 1741 1164 1773 seq.

187 1775 358 1823 Pragensis
379 1777 522 1812 Ecclesia
540 1777 590 1812 Ss.
606 1777 669 1812 Viti
691 1786 721 1812 et
742 1777 923 1812 Wenceslai
941 1779 969 1811 in
985 1777 1091 1812 sedem
1105 1777 1316 1825 episcopalem
1340 1777 1470 1824 erigitur
1486 1790 1503 1812 a
1525 1777 1641 1813 Ioanne
1654 1776 1730 1812 XIII

287 1826 366 1865 PP.,
379 1828 451 1860 425
467 1839 498 1860 α.

188 1875 413 1911 Priscillianus
434 1875 582 1910 haereses
609 1887 719 1911 omnes
742 1883 882 1917 renovat,
910 1877 956 1910 54
983 1877 1011 1910 b.
1039 1875 1171 1911 Errores
1196 1875 1263 1910 eius
1290 1884 1527 1917 enumerantur,
1550 1877 1596 1910 55
1620 1883 1730 1920 etseq.

290 1924 505 1966 Refelluntur,
526 1926 603 1959 ibid.
1753 1924 1756 1937 ¹

191 1973 362 2020 Privilegia
384 1973 601 2008 Ecclesmrum
624 1985 686 2008 non
715 1981 787 2008 sunt
809 1972 972 2016 mutanda,
996 1975 1036 2008 81
1060 1987 1091 2007 α.
1110 1972 1174 2008 Sua
1201 1973 1315 2019 cuique
1342 1981 1416 2008 sunt
1434 1973 1598 2013 servanda,
1622 1975 1733 2008 15411.

187 2022 346 2059 Probatus
373 2023 470 2058 abbas
491 2022 652 2058 Far-iensis
668 2023 832 2071 privilegia
847 2022 997 2057 nonnulla
1014 2022 1137 2058 obtinet
1158 2022 1197 2058 ab
1211 2022 1375 2058 Hadriano
1397 2022 1411 2057 l
1431 2022 1509 2068 PR,
1523 2025 1593 2057 254
1617 2034 1637 2057 α
1657 2029 1688 2057 et
1705 2023 1734 2064 b,

284 2075 356 2108 255
379 2085 399 2107 α
420 2080 452 2108 et
473 2074 501 2107 b.

937 2176 979 2216 R

188 2260 400 2297 Raimhaldus
421 2261 517 2297 abbas
538 2261 763 2297 Vulturnensis
784 2263 977 2297 monasterio
999 2274 1056 2297 suo
1078 2262 1111 2297 S.
1134 2262 1295 2298 Vincentii
1321 2263 1593 2299 confirmationem
1614 2262 1731 2300 iurium

285 2320 316 2345 et
337 2311 494 2346 bonorum
517 2311 640 2346 obtinet
658 2324 673 2346 a
702 2312 865 2358 Stephano
887 2311 942 2345 Vll
966 2311 1043 2356 PP„
1068 2315 1137 2346 585
1159 2324 1179 2346 α
1201 2320 1231 2346 et
1253 2314 1281 2353 b,
1305 2324 1362 2347 nec
1386 2325 1447 2347 non
1470 2326 1530 2357 seq.

185 2359 363 2395 Ramesloae
389 2360 613 2395 monasterium
641 2360 680 2394 ab
709 2360 885 2395 Auschario
908 2369 1125 2396 constructum
1156 2361 1226 2406 fuit,
1250 2363 1320 2397 509
1348 2363 1376 2396 b.
1406 2361 1641 2408 Hamburgensi
1670 2361 1735 2396 Ec-

283 2409 398 2444 clesiae
420 2409 594 2450 subiicitur,
618 2411 688 2444 510
711 2422 742 2443 α.

185 2457 437 2493 Ravennatensis
457 2458 603 2493 Ecclesia
630 2458 903 2493 confirmationem
927 2458 1095 2499 bonorum,
1112 2459 1350 2505 possessionum
1373 2467 1404 2494 et
1430 2458 1669 2506 privilegiorum
1696 2458 1736 2493 ab

288 2507 530 2553 imperatoribus
553 2515 583 2542 et
609 2508 744 2542 summis
766 2507 978 2542 Pontificibus
999 2508 1026 2542 01
1049 2519 1287 2552 concessorum,
1307 2519 1365 2542 nec
1387 2520 1450 2542 non
1478 2520 1570 2542 usum
1595 2508 1680 2554 pallii
1706 2508 1736 2542 in

284 2564 478 2604 perpetuum
501 2556 751 2603 archiepiscopis
778 2556 847 2591 eius
877 2556 916 2591 ad
947 2568 1026 2603 quos
1057 2564 1178 2603 spectat
1208 2557 1477 2592 consecrationem
1510 2556 1736 2604 episcoporum

284 2617 341 2652 per
362 2604 525 2640 Omiliane
547 2605 668 2640 obtinet
695 2617 711 2640 a
739 2604 893 2651 Gregorio
920 2605 933 2639 I
958 2605 1036 2646 PP„
1067 2608 1130 2640 1611
1158 2607 1175 2640 b
1202 2614 1312 2650 etseq.
1338 2606 1504 2651 Privilegia
1529 2606 1609 2640 haec
1630 2605 1737 2640 omnia

286 2653 315 2689 ei
342 2665 492 2689 concessa
516 2661 546 2688 et
568 2654 651 2689 bona
676 2655 703 2689 ei
728 2654 831 2689 oblata
858 2654 1086 2689 confirmantur
1107 2666 1123 2689 a
1146 2654 1288 2689 Paschali
1310 2654 1385 2695 FP„
1405 2657 1470 2688 261
1496 2657 1513 2689 b
1538 2663 1568 2689 et
1584 2667 1660 2699 seq.:
1681 2666 1739 2688 nec

286 2714 349 2738 non
378 2714 393 2736 a
417 2702 572 2749 Gregorio
594 2703 622 2738 V
643 2703 721 2744 PP„
751 2705 822 2738 466
850 2717 869 2738 α
891 2716 950 2748 seq.
974 2703 1012 2738 Ei
1040 2704 1131 2739 datur
1152 2704 1202 2739 ius
1224 2704 1256 2739 in
1283 2703 1501 2753 Placentinan}
1528 2711 1559 2740 et
1584 2703 1741 2740 Monte&-

309 2758 386 2792 Bult.
403 2759 482 2790 Rom.
512 2760 565 2790 Vol.
583 2759 606 2790 I.
930 2760 966 2790 87
1457 2770 1464 2771 ’
1503 2772 1513 2774 ’·
1547 2774 1568 2783 ’ἡ

1747 2253 1767 2277 δ
