2237 3127
243 233 294 262 An.
313 230 361 261 Ch.
393 230 428 260 65

492 221 538 254 26

445 286 529 322 iuxta
551 284 743 322 territorium
763 280 963 329 triumphale.
983 278 1073 315 Sedit
1092 278 1122 312 in
1138 288 1191 311 ro-

444 349 537 372 mano
575 335 758 384 pontificatu
798 343 898 368 anuos
930 339 1190 373 xxnmensesn,

444 386 514 421 dics
536 399 585 421 111.
602 385 689 420 Fecit
710 383 922 418 ordinationes
946 388 1007 413 tres
1029 390 1086 426 per
1101 388 1191 411 men-

441 449 492 471 ses
529 434 730 475 decembris,
767 430 982 476 ordinavitque
1026 427 1192 475 episcopos

442 494 517 525 tres,
547 484 745 531 presbyteros
779 482 902 522 decem,
928 479 1078 514 diaconos
1110 484 1190 512 octo.

443 534 512 570 Non
535 535 654 570 vacavit
679 533 784 569 sedes.

649 672 837 725 SANCTUS
870 669 993 724 ldNUS

737 759 848 795 PAPA
869 759 896 794 Il

516 831 610 865 Anno
631 841 721 865 aerae
750 830 864 865 Christi
889 840 996 864 comm.
1026 829 1126 864 LXV.

495 905 614 946 Linus,
636 906 764 941 natione
792 905 898 945 italus.
921 905 960 940 de
983 905 1111 951 regione
1136 903 1198 939 Tu-

203 959 206 961 *
250 969 300 997 An.
321 968 369 999 Ch.
398 969 432 997 65
451 956 546 1002 seiae,
573 957 671 1004 patria
698 956 934 1000 Volaterranus,
961 963 1048 1003 patre
1074 954 1198 989 Hercu-

451 1007 535 1048 lan0‚
562 1007 685 1054 primus
713 1006 751 1040 B.
781 1005 876 1040 Petro
904 1006 935 1039 in
963 1017 1092 1039 romano
1121 1016 1198 1051 pon-

449 1057 566 1092 tificatu
581 1056 733 1091 successit
749 1055 829 1104 prid.
847 1055 908 1090 kal.
931 1055 1020 1089 iulias
1035 1067 1117 1090 anno
1140 1055 1198 1095 65,

448 1107 577 1142 Licinio
606 1106 724 1151 Nerva„
759 1114 787 1141 et
811 1105 951 1140 Vestiuio
984 1105 1089 1140 Attico
1111 1116 1198 1145 coss3

449 1157 596 1205 martyrio
635 1165 805 1192 coronatus
846 1164 891 1190 est
931 1158 979 1190 25
1000 1156 1198 1202 septembris.

448 1220 530 1242 anno
545 1209 603 1247 67,
617 1206 789 1254 imperante
808 1206 931 1241 Nerone
950 1205 1083 1241 Claudio
1096 1206 1198 1254 Aug.7

449 1257 604 1305 Capitone
625 1266 654 1291 et
677 1256 761 1291 Rufo
793 1268 888 1295 coss..
920 1256 1125 1303 sepultusque
1154 1263 1200 1291 cst

449 1308 480 1342 in
508 1306 661 1342 Vaticano
695 1307 778 1341 iuxta
800 1306 837 1341 Β.
872 1306 1016 1341 Petrum.
1058 1306 1147 1341 Sedit
1170 1307 1198 1340 in

451 1369 582 1392 romano
605 1356 788 1404 pontificatu
818 1369 917 1391 annos
943 1369 983 1400 u,
1012 1368 1137 1391 menses
1158 1369 1200 1400 ιι,

451 1407 518 1442 dies
538 1419 613 1450 xxv,
627 1419 642 1441 a
669 1414 816 1453 suscepto
837 1418 910 1441 vero
935 1406 1081 1441 vicariatu
1103 1418 1201 1441 anuos

451 1469 496 1498 xl,
532 1468 633 1491 mens.
665 1469 716 1501 ιιι,
733 1456 799 1491 dies
828 1468 873 1491 ιιι
900 1458 955 1502 (1)-
982 1455 1112 1492 Duabus
1149 1469 1201 1492 or-

452 1506 669 1542 dinationibus
690 1509 914 1554 portuensem
942 1506 1086 1542 decemb.
1114 1518 1201 1542 crea-

452 1557 495 1591 vit
509 1557 676 1604 episcopos
691 1556 884 1604 quindecim,
899 1557 1098 1605 presbyteros
1112 1564 1199 1593 octo-

452 1610 566 1647 decim.
593 1610 663 1647 Non
691 1611 809 1647 vacavit
832 1610 934 1646 sedes.

681 1759 717 1809 s,
756 1756 951 1827 CLEMENS
987 1758 1000 1806 t

739 1843 851 1878 PAPA
878 1842 920 1877 tlt

508 1912 602 1947 Anno
628 1924 718 1948 aerae
745 1912 859 1946 Christi
879 1923 986 1946 comm.
1015 1911 1148 1946 LXVII.

502 1978 652 2016 Clemens
683 1980 708 2021 l,
736 1981 863 2016 natione
898 1991 1060 2019 romanus,
1091 1978 1131 2013 de
1161 1989 1206 2013 re-

259 2051 310 2079 An.
337 2049 386 2079 Ch·
407 2049 440 2079 67
455 2029 550 2077 gione
575 2029 795 2075 Coelimonns‚
824 2038 910 2078 patre
937 2029 1100 2074 Faustino⁷
1125 2027 1206 2063 Lino

455 2080 609 2115 successit
644 2080 674 2115 in
709 2080 817 2127 pontif.
850 2079 900 2115 die
923 2083 970 2113 24
1003 2078 1205 2125 septembris.

455 2128 576 2164 Eodem
603 2141 636 2164 se
663 2129 816 2165 abdicavit
839 2130 891 2165 die
914 2134 935 2164 5
958 2129 1101 2171 decemb.
1125 2140 1207 2163 anno

458 2180 518 2224 76,
544 2180 719 2225 imperante
742 2179 833 2214 Caes.
860 2178 1064 2227 Vespasiano.
1087 2178 1161 2214 Fuit
1191 2190 1207 2213 a

455 2240 535 2263 coss.
554 2228 707 2264 Trachalo
733 2238 763 2264 et
783 2229 890 2264 Italico
918 2229 955 2264 ad
978 2229 1207 2277 Vespasianum

455 2277 538 2326 Aug.
583 2278 641 2314 VII
671 2287 701 2314 et
726 2279 833 2314 Titum
878 2279 1062 2326 VespasIani
1109 2278 1208 2313 filium

456 2328 538 2375 Aug.
563 2329 591 2363 V
617 2341 697 2364 coss.
721 2329 809 2365 Sedit
837 2342 910 2364 ann.
937 2342 987 2374 tx,
1015 2340 1140 2364 menses
1166 2341 1208 2370 ιι,

458 2378 527 2414 dies
550 2392 580 2414 x.
602 2378 690 2414 Fecit
708 2379 925 2414 ordinationes
951 2379 1031 2414 duas
1054 2391 1108 2426 per
1128 2391 1211 2413 men-

459 2441 526 2464 sem
560 2428 748 2475 decembris,
778 2429 894 2477 quibus
932 2430 1130 2477 presbyteros
1153 2428 1210 2463 de-

462 2490 542 2521 cem,
570 2479 719 2515 diaconos
754 2479 851 2524 duos,
884 2480 1051 2527 episcopos
1080 2491 1135 2526 per
1161 2478 1212 2513 di-

495 2569 530 2602 (1)
550 2569 579 2596 Iu
603 2569 653 2597 hoc
677 2570 942 2598 conveniuntomnes
971 2570 1024 2597 sere
1049 2569 1173 2604 catalogi,
1191 2568 1213 2596 si

461 2605 637 2667 emfindentur
662 2607 819 2641 apertissimi
842 2607 1001 2642 scriptorum
1026 2613 1131 2633 errores
1147 2614 1213 2633 non-

462 2648 497 2670 nu
519 2648 535 2668 ι.

1053 222 1139 246 vtTAE
1159 218 1356 245 Pom-metm

1232 286 1318 309 versa
1341 273 1409 308 loca
1436 271 1618 320 quindecim
1646 269 1809 306 ordinavit.
1853 269 1998 318 Septem.

1233 323 1371 358 notarios
1399 323 1430 356 iu
1453 321 1530 356 urbe
1552 320 1704 360 instituit,
1725 320 1779 368 qui
1807 328 1874 355 acta
1902 331 1986 354 mar-

1233 381 1334 420 tyrum
1363 371 1547 406 scriberent.
1577 370 1610 404 Iu
1639 370 1766 405 exilium
1791 371 1985 417 ‹leportatuS‚

1233 422 1369 458 decessit
1385 422 1416 456 in
1436 421 1586 460 Pontum,
1601 428 1630 454 et
1650 420 1743 454 tertio
1762 419 1887 455 Traiani
1903 431 1985 454 anno

1233 472 1370 520 martyrii
1390 483 1537 506 coronam
1554 470 1685 517 accepit.
1710 469 1785 504 Post
1811 468 1986 504 Clementis

1234 522 1463 558 abdicationem
1487 519 1603 555 vacarit
1630 531 1758 555 romana
1780 518 1871 554 sedes
1901 531 1988 553 men-

1235 584 1285 608 ses
1311 584 1349 614 11,
1377 572 1446 607 dies
1473 583 1528 606 xit.

1495 726 1530 776 S.
1570 721 1729 775 CLETUS

1513 819 1693 856 ΡΑΡΑιν

1262 902 1354 936 Anno
1382 911 1472 934 aerae
1500 899 1616 938 Christi
1648 909 1755 933 comm.
1780 898 1963 934 LXXVIII.

1289 967 1415 1006 Cletus.
1445 967 1571 1002 natione
1606 977 1778 1011 romanus,
1804 965 1843 1001 de
1864 967 1992 1014 regione

1240 1018 1308 1053 Vici
1349 1017 1499 1056 patricii,
1533 1025 1658 1051 creatus
1691 1015 1742 1051 die
1770 1019 1814 1050 16
1845 1016 1993 1052 februarii

1240 1080 1325 1104 anno
1360 1071 1425 1110 77„
1465 1079 1545 1114 quae
1587 1065 1698 1101 incidit
1730 1065 1761 1100 in
1802 1066 1993 1102 dominicam

1243 1119 1379 1166 primam
1403 1116 1692 1164 Quadi-agesimae3
1719 1115 1799 1151 sedit
1821 1128 1922 1153 annos
1947 1129 1994 1162 V1,

1241 1181 1367 1203 menses
1394 1180 1431 1211 ιι,
1466 1167 1536 1202 dics
1568 1179 1598 1201 x.
1627 1166 1702 1201 Fuit
1727 1174 1831 1201 autem
1871 1175 1995 1215 tempo-

1243 1218 1330 1254 ribus
1355 1217 1559 1265 Vespasiani,
1585 1217 1647 1251 Titi
1679 1224 1710 1251 et
1734 1216 1904 1252 Domitiani
1933 1218 1996 1252 im-

1243 1277 1423 1315 peratorum
1451 1280 1468 1302 a
1495 1267 1663 1302 consulatu
1698 1265 1883 1313 Vespasiani
1910 1268 1993 1314 Aug.

1242 1318 1324 1360 wll,
1350 1318 1411 1353 Titi
1439 1316 1481 1351 VI
1508 1317 1546 1351 ad
1582 1317 1806 1364 imperatorem
1843 1316 1997 1352 Domitia-

1244 1381 1317 1403 num
1346 1368 1527 1414 Augustum
1555 1366 1610 1411 IV,
1637 1374 1666 1400 et
1693 1366 1732 1409 Q
1755 1365 1903 1401 Petilium
1931 1367 1998 1402 Ru-

1242 1422 1307 1458 fum
1330 1422 1357 1457 II
1385 1434 1467 1457 coss.
1510 1421 1557 1454 Ex
1589 1429 1756 1468 praecepto
1792 1420 1872 1455 beati
1909 1420 1994 1456 Petri

1243 1481 1498 1529 vigintiquinque
1530 1478 1730 1527 presbyteros
1750 1479 1779 1513 in
1804 1478 1880 1514 urbe
1894 1478 1996 1515 Roma

1244 1544 1352 1567 mense
1375 1530 1533 1566 decembri
1556 1528 1728 1574 ordinavit,
1750 1529 1868 1576 quibus
1886 1537 1996 1577 postea

1243 1589 1371 1617 sanctus
1398 1580 1559 1615 Erat-istus
1596 1578 1683 1626 Papa
1721 1578 1851 1614 totidem
1890 1579 1997 1615 titulos

1244 1631 1361 1672 divisit,
1394 1638 1424 1666 et
1452 1641 1602 1665 successu
1635 1629 1786 1676 temporis
1821 1628 1997 1665 cardinales

1244 1690 1372 1717 sanctae
1411 1691 1559 1715 romanae
1598 1678 1760 1714 Ecclesiae
1793 1678 1868 1714 dicti
1910 1687 1996 1715 sunt.

1245 1731 1382 1767 Demum
1410 1729 1558 1778 martyrio
1581 1736 1749 1764 coronatus
1772 1736 1902 1764 sanctus
1927 1728 1998 1765 Cle—

1246 1789 1297 1817 tus
1332 1780 1483 1828 sepelitur
1520 1780 1606 1814 iuxta
1647 1790 1764 1826 corpus
1805 1778 1884 1814 beati
1912 1778 1997 1814 Petri

1247 1832 1276 1866 in
1305 1831 1456 1867 Vaticano
1484 1831 1505 1864 6
1528 1828 1678 1864 kalendas
1701 1829 1801 1864 maias
1828 1840 1910 1864 anno
1939 1831 1996 1864 83.

1245 1881 1374 1918 Vacavit
1400 1880 1491 1916 sedes
1518 1891 1644 1914 menses
1669 1890 1718 1923 lv,
1745 1878 1811 1914 dies
1837 1891 1866 1913 x.

1462 2029 1498 2080 S.
1543 2027 1792 2079 ANACLETUS

1543 2124 1655 2159 PAPA
1681 2123 1710 2157 v

2000 213 2052 242 An.
2071 212 2122 243 Ch.
2146 212 2181 242 77

2006 976 2056 1006 Au.
2076 975 2127 1006 Ch.
2154 976 2190 1006 ⁷8

1279 2205 1372 2238 Anno
1394 2215 1484 2238 aerae
1510 2203 1625 2238 Christi
1649 2214 1758 2239 comm.
1789 2202 1967 2237 LXXXIII.
2013 2190 2019 2194 .

1299 2280 1469 2316 Anacletus
1511 2279 1542 2319 Ι,
1590 2280 1717 2315 natione
1763 2288 1915 2327 graecus,
1963 2279 2002 2315 de

1251 2330 1398 2374 Athenis,
1425 2343 1461 2365 cx
1489 2338 1576 2378 patre
1598 2329 1765 2366 Antiocho.
1791 2329 1924 2365 Creatus
1951 2329 2002 2364 die

1253 2384 1272 2415 7
1301 2380 1489 2427 septembris
1525 2392 1607 2414 anuo
1636 2382 1699 2425 85,
1732 2379 1906 2415 Domitiani
1932 2379 2003 2414 Au-

1251 2430 1334 2478 gusti
1361 2442 1443 2464 auno
1477 2442 1515 2465 ιι.
1542 2429 1617 2464 Fuit
1644 2439 1746 2464 autem
1769 2441 1785 2464 a
1821 2428 2002 2464 Domitiano

1252 2481 1398 2527 Augusto
1424 2479 1454 2514 X
1490 2488 1520 2515 et
1557 2480 1674 2514 Sabino
1712 2491 1791 2514 coss.
1840 2490 1938 2526 nsque
1964 2478 2004 2513 ad

1253 2531 1289 2565 (l.
1329 2529 1501 2564 Antistium
1540 2530 1686 2564 Veterem
1722 2537 1751 2564 et
1778 2529 1815 2564 C.
1848 2528 2002 2563 Manlium

1254 2579 1421 2615 Valentem
1458 2592 1538 2614 coss.
1585 2579 1718 2614 Duabus
1753 2577 2005 2614 ordinationibus

1256 2641 1366 2666 mense
1406 2629 1566 2666 decembri
1602 2633 1692 2678 (quo
1722 2628 1824 2665 solum
1861 2638 2003 2677 tempore

2018 2288 2067 2316 An.
2088 2286 2136 2316 Ch.
2166 2286 2202 2315 83
