2237 3127
172 292 220 317 An,
238 290 266 316 C.
286 289 348 317 1051

188 2024 311 2047 Exordium,

426 293 499 328 610

424 359 541 393 Datum
564 366 599 388 xl
619 351 681 386 kat.
706 348 830 396 augusti
856 359 913 395 per
927 358 1039 381 manus
1053 344 1126 379 Fre—

377 407 470 442 derici
495 403 615 439 diaconi
634 401 668 436 S.
693 399 883 446 apostolicae
904 395 990 430 sedis
1011 393 1125 428 biblio-

377 454 505 490 thecarii
523 461 553 486 et
567 449 754 488 cancellarii,
770 456 800 482 et
815 446 934 480 domini
952 443 1123 478 Hermanni

376 501 574 539 Coloniensis
600 496 844 544 archiepiscopi,
867 502 897 528 et
919 491 1126 528 archicancel-

376 553 454 595 larii,
481 562 563 585 anno
590 548 710 583 domini
737 546 854 580 Leonis
877 543 921 577 lX
946 554 1043 589 papae
1069 548 1127 574 ter-

376 603 432 640 tio,
460 599 630 634 indictione
652 608 697 630 lv.
832 608 835 611 ·

451 656 513 686 Dat.
532 655 578 685 tlie
597 654 634 683 ⁶22
654 653 718 682 iulii
737 659 813 681 anno
832 648 947 678 Domini
971 647 1052 683 1051,

558 692 658 734 pontif.
682 691 786 721 Leonis
811 698 886 719 anno
908 696 949 718 111.

710 826 797 861 xxi.

379 902 603 938 Monosterium
629 900 832 936 Antialintmi,
852 899 885 930 in
907 896 1035 928 dioecesi
1057 894 1130 927 Clu-

426 955 494 987 sina
514 952 658 996 positum,
681 950 718 982 ab
740 949 825 981 omni
850 945 1047 979 ecclesiastiea
1085 943 1128 975 vel

427 1001 579 1036 saeculari
601 1005 745 1043 potestate
771 997 930 1032 aninumr,
954 995 1075 1037 setisque
1098 993 1129 1024 in

428 1053 513 1085 bonis
535 1062 570 1083 ac
594 1047 761 1094 privilegiis
784 1047 986 1091 confirmatur
1015 1043 1076 1085 (l).

648 1118 864 1151 Stssttttttttmt

383 1185 549 1216 Exordium.
575 1200 614 1205 —
641 1181 850 1212 lllonasterinm
883 1178 1062 1207 Amiatinum
1096 1175 1130 1205 ab

422 1225 500 1254 omni
519 1224 605 1253 etiam
624 1221 786 1261 episcopali
806 1218 1010 1249 iurisdictione
1029 1216 1132 1245 eximi-

423 1269 483 1300 tur3
500 1280 539 1285 —
559 1263 602 1291 Ab
632 1262 711 1291 omni
734 1261 842 1299 pariter
861 1258 956 1288 laicali
981 1260 1132 1295 potestate,

423 1303 569 1338 molestia,
588 1306 642 1331 etc.
659 1318 699 1323 -
715 1300 784 1329 Eius
803 1300 877 1328 bona
902 1297 998 1327 omnia
1019 1297 1130 1324 contir-

423 1347 562 1379 mantur3
601 1346 629 1370 et
659 1340 808 1379 privilegia
848 1338 942 1367 eidem
974 1348 987 1365 a
1013 1335 1132 1372 regibus

424 1388 452 1412 et
473 1381 596 1411 summis
615 1380 801 1419 pontificibus
832 1386 982 1407 concessa.
1006 1392 1044 1396 —
1062 1375 1132 1403 (Ien-

425 1431 492 1451 sura
524 1421 680 1459 apostolica
713 1423 810 1448 eontra
842 1416 1005 1446 molestiam
1038 1415 1132 1443 eidem

426 1462 599 1496 inserentes,
625 1459 700 1489 bona
727 1458 859 1487 eiusdem
878 1456 1060 1489 alienantes,
1090 1453 1132 1482 vel

426 1501 604 1535 auferentes,
632 1499 674 1527 vel
696 1498 831 1527 iniuriam
851 1496 939 1525 ullam
964 1494 1133 1523 inserentes.

425 1557 466 1562 —
486 1539 662 1568 Electionem
685 1537 799 1566 abbatis
823 1536 857 1565 ad
882 1534 1040 1564 monaelios
1072 1533 1134 1561 sine

427 1580 590 1609 interventu
615 1578 741 1607 alicuius
765 1576 906 1615 personae
929 1578 1060 1612 spectare
1079 1576 1135 1601 sta-

427 1619 525 1648 tuitur.
541 1634 580 1640 -
596 1617 702 1647 Solitae
721 1615 872 1646 clausulae
892 1613 1083 1643 execrationis
1110 1616 1136 1641 et

428 1658 651 1697 apprecationis.

389 1725 437 1752 Leo
456 1724 594 1759 episeopus
608 1728 702 1750 servus
719 1727 858 1749 servorum
876 1718 930 1750 Dei,
947 1717 1080 1745 ‘theuzoni
1094 1723 1136 1744 ve-

433 1768 548 1796 nerabili
567 1767 659 1795 abbati
680 1765 770 1794 Sancti
789 1763 953 1795 salvatoris,
975 1763 1028 1790 sito
1048 1762 1075 1789 iu
1096 1768 1137 1788 00-

433 1814 534 1841 mitatu
552 1812 657 1840 Clusino
682 1810 823 1840 territorio
843 1809 933 1836 monte
952 1807 1066 1838 Ammo,
1087 1806 1139 1833 tibi

432 1858 540 1892 tuisque
563 1857 760 1885 successoribus
790 1855 948 1890 perpetuam
974 1852 1002 1879 in
1032 1850 1140 1878 Domino

435 1902 561 1930 satutem.

441 1964 595 2005 Quoniam
607 1975 730 2008 semper
744 1971 816 1996 sunt
831 1959 1044 2002 concedenda,
1059 1970 1140 2005 quae

394 2012 617 2048 rationabiliter
643 2020 672 2045 et
695 2022 834 2055 congrue
856 2022 871 2043 a
904 2009 1049 2042 fidelibus
1085 2019 1140 2053 pe-

395 2070 502 2096 tuntur
528 2061 568 2095 ob
590 2061 787 2095 devotionem
818 2059 858 2105 pii
887 2058 1058 2092 conditoris
1083 2069 1141 2090 no-

396 2111 463 2151 stri,
479 2118 601 2157 oportet
622 2121 679 2144 nos
701 2109 730 2142 in
751 2108 924 2155 privilegiis
948 2105 1142 2152 praestandis

398 2167 533 2193 nostram
557 2158 642 2192 nullo
665 2158 757 2192 modo
779 2158 936 2201 denegare
961 2154 1144 2189 munificen-

397 2208 490 2248 tiam3
509 2208 602 2253 igitur
623 2207 695 2253 quia
719 2215 817 2240 vestra
841 2205 965 2239 dilectio
986 2216 1002 2238 a
1020 2213 1143 2237 nostrae

399 2257 599 2291 sublimitatis
625 2255 799 2301 apostolatu
831 2254 991 2287 humiliter
1013 2252 1144 2298 rogavit,

399 2314 553 2351 quatenus
579 2304 772 2351 praedictum
793 2303 1014 2337 monasterinm
1037 2301 1144 2335 Sancti

400 2354 580 2394 Salvatoris,
603 2353 807 2387 constitutum
836 2352 864 2385 in
889 2351 1146 2397 supranominato

400 2403 548 2437 comitatu
570 2409 600 2436 et
620 2402 788 2445 territorio,
819 2400 990 2447 privilegiis
1017 2407 1146 2445 aposto-

401 2451 476 2485 licae
500 2451 583 2485 sedis
604 2450 779 2489 decoretur,
804 2458 837 2483 ut
858 2449 917 2483 sul)
936 2449 1053 2482 ditione
1070 2448 1146 2481 iuris

401 2507 526 2534 sanctae
547 2507 683 2540 nostrae,
699 2499 748 2533 cui
764 2499 901 2532 Domino
924 2505 1051 2531 auctore
1069 2508 1148 2542 prae-

403 2548 556 2591 sidemus,
582 2548 742 2582 Ecclesiae
776 2547 1006 2585 constitutum,
1035 2545 1152 2579 nullius

405 2597 533 2631 alterins
555 2597 715 2631 Ecclesiae
739 2596 795 2630 iuri
824 2596 869 2629 vel
890 2595 1000 2629 ditioni
1024 2594 1154 2628 submit-

449 2666 489 2701 (t)
505 2666 606 2700 Ughell.
623 2666 680 2694 Ital.
697 2666 756 2693 Sac.
774 2670 838 2693 tom.
856 2673 896 2692 ιιι.

970 288 1160 316 BULLARIUM
1186 286 1351 310 nonnam!

1169 349 1264 375 tatur:
1294 353 1390 387 quare
1426 339 1537 374 vestris
1572 338 1634 384 piis
1668 337 1834 374 desideriis
1865 350 1921 380 pei·

1169 391 1249 424 lianc
1277 398 1413 423 nostram
1437 388 1655 423 aneton-narem
1679 389 1708 421 iil
1736 388 1821 434 qnod
1858 401 1921 432 po-

1168 439 1315 481 stulatis,
1356 438 1490 471 libenter
1524 437 1742 471 concedimus.
1783 436 1823 470 Et
1850 436 1921 469 ideo

1168 487 1336 522 cuiuslibet
1359 486 1517 520 Ecclesiae
1544 486 1738 520 sacerdotem
1768 486 1797 518 iu
1826 497 1922 530 prae-

1169 536 1230 570 l'ato
1252 536 1444 570 monasterio
1471 535 1643 581 quamlibet
1672 534 1921 568 iurisdictionem

1169 585 1215 620 vel
1244 592 1428 632 potestatem
1457 585 1522 619 sive
1553 584 1771 618 auctoritatem
1802 591 1923 629 praeter

1168 634 1253 668 sedis
1280 633 1470 680 apostolicae
1500 633 1680 679 pontificem
1705 633 1820 667 babere
1849 644 1924 678 pro-

1170 683 1337 723 bibemus,
1361 683 1399 716 ita
1424 690 1456 716 ut
1484 682 1541 717 nisi
1565 682 1604 716 ab
1630 681 1742 716 abbate
1770 689 1926 715 monaste-

1169 733 1206 766 rii
1229 731 1370 766 eiusdem
1395 731 1485 766 suerit
1501 731 1659 771 invitatus,
1676 743 1734 765 nec
1756 730 1923 764 missarum

1169 781 1320 816 solemnia
1348 780 1464 814 ibidem
1493 781 1623 815 ommno
1651 780 1810 814 celebrare
1834 791 1925 825 prae-

1169 838 1283 864 sumat.
1309 829 1375 864 Hoc
1402 830 1538 876 denique
1563 830 1621 864 liac
1656 838 1759 863 nostra
1795 836 1925 875 aposto-

1171 880 1227 913 lica
1262 879 1449 913 auctoritate
1488 879 1732 917 constituimus,
1773 885 1805 911 ut
1839 877 1924 912 nulla

1171 929 1229 962 alia
1252 940 1363 973 magna
1386 941 1439 962 sen
1466 940 1557 974 parva
1587 940 1719 974 persona
1747 927 1848 961 eidem
1873 939 1926 961 ve-

1172 978 1301 1012 nerabili
1331 978 1532 1016 monasterio,
1560 977 1625 1011 sive
1664 977 1693 1010 in
1730 976 1827 1011 servis
1855 975 1925 1020 Dei,

1172 1027 1219 1061 vel
1243 1028 1271 1061 in
1309 1026 1442 1065 famulis,
1471 1035 1524 1060 aut
1551 1027 1644 1060 etiam
1674 1027 1704 1060 in
1743 1025 1842 1060 servis
1876 1025 1923 1059 vel

1171 1077 1304 1115 ancillis,
1330 1089 1386 1110 nee
1407 1088 1467 1110 non
1486 1085 1515 1110 et
1539 1076 1567 1109 in
1589 1076 1707 1115 liberis,
1732 1076 1777 1110 vel
1801 1075 1831 1108 in
1851 1087 1928 1109 cun-

1172 1127 1231 1160 ctis
1254 1125 1347 1160 rebus
1369 1125 1407 1159 a‹l
1431 1125 1459 1158 iil
1486 1125 1716 1171 pertinentibus
1732 1152 1740 1167 ,
1782 1124 1927 1158 videlieet

1174 1176 1202 1209 in
1227 1175 1307 1209 casis
1343 1184 1371 1209 et
1396 1174 1663 1221 possessionibus,
1682 1186 1811 1221 quoquo
1830 1173 1925 1211 modo

1173 1225 1308 1271 aliquam
1332 1224 1508 1257 molestiam
1527 1224 1640 1257 inferre
1664 1230 1856 1269 praesumat.
1872 1222 1929 1256 Pa-

1175 1275 1310 1320 riterque
1337 1273 1542 1308 concedimus
1570 1281 1600 1306 et
1627 1274 1852 1307 confirmamus
1879 1271 1928 1305 ei-

1174 1324 1244 1357 dem
1276 1331 1384 1357 sancto
1407 1322 1597 1356 monasterio
1622 1322 1775 1369 primitias
1801 1321 1848 1355 vel
1871 1321 1930 1354 de-

1175 1373 1271 1406 cimas
1293 1372 1330 1405 tle
1364 1372 1430 1406 suis
1459 1371 1651 1409 hominibus,
1679 1372 1743 1405 sive
1771 1370 1810 1404 de
1839 1381 1930 1416 prae-

1175 1422 1370 1467 ceptalibus,
1394 1430 1487 1467 atque
1509 1433 1634 1455 sacrum
1659 1420 1848 1466 baptismum
1884 1418 1927 1452 li-

1175 1480 1282 1504 center
1307 1470 1483 1511 celebrare,
1520 1478 1549 1504 et
1586 1482 1615 1503 m
1651 1469 1782 1504 ecclesia
1817 1467 1927 1503 Sancti

1178 1519 1337 1554 Benedicti
1372 1527 1402 1553 et
1429 1518 1562 1553 Sanctae
1592 1519 1730 1559 Mariae,
1768 1517 1860 1552 sicuti
1898 1517 1926 1551 ei

1176 1580 1361 1603 eoncessum
1379 1578 1422 1601 est
1443 1580 1458 1601 a
1473 1569 1612 1613 partibus
1637 1580 1744 1613 regum
1765 1579 1820 1613 pci-
1843 1578 1930 1613 prae-

1177 1619 1258 1665 cepti
1284 1619 1440 1664 paginam,
1465 1618 1509 1651 vel
1538 1617 1692 1664 quidquid
1717 1616 1833 1651 ibidem
1852 1627 1931 1650 con-

1178 1667 1269 1702 tineri
1294 1667 1428 1711 videtur,
1451 1667 1497 1701 vel
1525 1668 1549 1700 si
1577 1667 1653 1713 quid
1683 1666 1720 1700 ab
1751 1672 1932 1699 antecesso-

1178 1718 1265 1751 ribus
1293 1716 1407 1750 nostris
1430 1716 1630 1762 pontificibus
1652 1715 1781 1753 sanctis,
1819 1713 1932 1748 videli-

1179 1776 1227 1801 cet
1248 1766 1421 1812 Stephano,
1450 1765 1600 1804 Adi-iano,
1617 1765 1746 1807 Ioanne,
1765 1763 1930 1803 Formoso,

1182 1816 1227 1850 vel
1260 1816 1297 1849 ab
1335 1814 1403 1849 aliis
1442 1814 1695 1849 antecessoribus
1730 1812 1933 1860 pontificibus

1180 1866 1281 1899 cidem
1306 1864 1496 1898 monasterio
1519 1875 1705 1898 concessum
1737 1870 1795 1902 est,
1831 1868 1933 1898 totum

1181 1915 1239 1949 lioc
1264 1915 1420 1959 integrum
1444 1912 1616 1960 apostoliea
1639 1911 1822 1947 auctoritate
1845 1910 1934 1944 vobis

1183 1965 1355 2009 vestrisque
1392 1962 1629 1997 successoribus
1667 1960 1874 1996 concedimus
1905 1970 1936 1993 et

1182 2015 1415 2047 confirmamus.
1444 2012 1591 2046 Clirisma
1615 2023 1741 2057 quoque
1773 2018 1804 2044 et
1830 2009 1936 2044 oleum

1182 2072 1324 2096 sanctum
1361 2075 1375 2095 a
1405 2073 1603 2107 quarumque
1626 2059 1766 2094 Ecclesia
1792 2058 1936 2100 voluerit,

1185 2112 1229 2145 vel
1255 2111 1402 2158 potuerit,
1427 2111 1558 2144 licenter
1583 2110 1728 2156 accipiat.
1756 2108 1939 2143 Statuentes

1183 2161 1353 2206 apostolica
1377 2172 1507 2194 censura
1532 2159 1752 2205 praecipimus,
1775 2166 1809 2192 ut
1834 2155 1940 2190 nullus

1185 2210 1259 2249 dux,
1289 2209 1440 2250 marcliio,
1467 2221 1587 2249 comes,
1615 2208 1803 2246 vicecomes,
1832 2205 1942 2240 castal-

1186 2259 1268 2298 ‹lius,
1292 2261 1337 2292 vel
1361 2258 1515 2304 aliquavis
1537 2270 1650 2303 magua
1667 2269 1722 2291 seu
1752 2267 1844 2302 parva
1874 2265 1942 2301 per-

1187 2320 1263 2342 sona
1292 2308 1389 2341 ullum
1419 2307 1598 2340 districtum
1624 2307 1655 2340 in
1679 2304 1840 2352 aliquibus
1866 2303 1943 2338 locis

1190 2357 1287 2401 ipsius
1311 2357 1492 2390 monasterii
1515 2355 1641 2395 babere,
1656 2355 1703 2389 vel
1725 2353 1874 2393 iudicare,
1887 2364 1944 2386 seu

1189 2405 1307 2452 aliquid
1340 2405 1489 2451 placitum
1513 2413 1619 2439 tenere
1646 2403 1780 2442 audeat,
1817 2402 1876 2436 nisi
1905 2401 1944 2435 ab

1192 2455 1291 2500 ipsius
1314 2454 1495 2488 monasterii
1524 2453 1634 2487 abbate
1657 2453 1806 2486 invitatus
1840 2450 1946 2485 fuerit.

1194 2503 1258 2538 llac
1286 2515 1414 2549 quoque
1445 2502 1618 2549 apostolica
1647 2500 1832 2536 auctoritate
1855 2511 1948 2546 prae-

1194 2552 1340 2598 cipiendo
1369 2552 1538 2590 sancimus,
1567 2559 1601 2584 nt
1628 2563 1730 2597 neque
1764 2549 1948 2596 episcopus,

1196 2601 1242 2634 vel
1266 2602 1345 2634 alius
1368 2602 1535 2646 qnisquam
1559 2600 1598 2633 ‹le
1620 2600 1730 2633 ordine
1760 2599 1947 2633 clericorum

1197 2650 1358 2688 ecclesias,
1383 2649 1573 2696 parrochias,
1609 2649 1716 2690 cellas,
1740 2647 1787 2682 vel
1810 2646 1950 2695 praedia,

1946 263 1997 292 An.
2013 265 2043 293 C.
2062 265 2127 294 1051

1970 465 2133 487 monasterium

1950 500 2083 522 Anituttnum
2108 500 2134 522 nl»

1951 536 2009 557 omni
2068 536 2135 558 etium

1951 571 2074 601 upisenpali
2097 571 2136 593 iu-

1951 602 2084 630 risdtetioi'm
2111 613 2136 628 ο-

1951 642 2052 671 ximitur,

1954 862 1987 885 Ab
2014 862 2073 885 omni
2100 870 2140 893 pn·

1954 899 2009 921 riter
2019 897 2092 921 tuin-ti
2099 906 2141 929 pos

1956 937 2047 964 tonate,
2089 942 2140 957 mo-

1955 970 2029 1001 tostin,
2047 973 2092 993 eto.

1961 1461 2015 1485 Eius
2025 1460 2083 1483 boun
2095 1467 2145 1482 om·

1961 1499 1996 1520 niu
2009 1496 2144 1520 confirm-n-

1961 1537 2005 1563 tuq
2030 1535 2052 1554 et
2076 1531 2146 1562 privt-

1962 1572 2019 1601 logi'n
2049 1569 2119 1592 eidem
2137 1575 2148 1590 ι

1962 1606 2051 1636 regibus
2127 1607 2149 1626 et

1962 1643 2057 1665 Summi·
2090 1641 2148 1663 Pon-

1963 1677 2059 1701 ttfictbn·
2093 1683 2149 1698 eon-

1964 1722 2038 1738 cessa.

1967 2118 2063 2140 Censura

1968 2153 2049 2175 :tolita

1968 2189 2092 2211 molestiam
2115 2187 2153 2210 ei-

1968 2226 2017 2248 dem
2051 2223 2153 2246 inferen-

1969 2264 2012 2290 ten,
2024 2259 2080 2282 bona
2093 2259 2154 2281 eius-

1969 2296 2018 2318 dein
2053 2295 2155 2317 alienon-

2090 2123 2151 2146 upo-

2075 2155 2153 2174 contu

1971 2337 2013 2360 xes,
2035 2331 2069 2354 vel
2097 2331 2156 2353 aufe·

1971 2370 2054 2397 rentes,
2068 2366 2101 2388 vel
2115 2367 2154 2388 in-

1971 2403 2048 2424 iuriam
2085 2401 2156 2424 ullam

1971 2438 2100 2460 inferente..
