2237 3127
160 277 200 303 ,tu

163 1168 210 1186 εἰη.
237 1175 261 1185 ·,

240 277 255 301 [ἶ

293 278 341 303 74.ῐὸ

290 1160 340 1185 71]

412 288 482 321 216

366 353 480 389 :nensis
502 349 603 385 martii
625 359 708 382 anno
731 348 812 389 708,
834 343 915 378 sedit
950 343 1109 389 imperan-

365 403 462 439 tribus
485 399 584 447 primo
605 396 788 440 Iustiniauo,
811 406 883 428 mox
906 391 1086 439 Philippico
1100 418 1109 435 ,

364 451 479 487 deinde
505 446 671 483 Anastasio
699 444 800 490 Augg.
833 454 934 478 annos
955 453 1019 482 vn,
1042 440 1109 475 dies

364 514 406 536 xv
429 503 484 543 (vl).
511 497 597 532 Fecit
635 493 862 530 ordinationem
899 502 1018 535 unam,
1049 502 1107 537 qua

363 549 477 585 creavit
500 546 696 594 presbyteros
716 543 838 581 decem,
852 540 1002 575 diaconos
1017 539 1108 578 duos,

362 600 528 646 episcopos
555 607 610 643 per
637 594 757 629 diversa
789 592 858 626 loca
883 601 1017 625 numero
1049 601 1109 623 se-

361 648 487 694 xaginta
524 652 668 692 quatuor.
706 640 794 677 Obiit
815 640 866 675 die
899 651 961 673 vm
987 637 1108 686 aprilis,

362 710 444 732 anno
467 697 551 739 715,
572 692 777 741 sepultusque
798 697 845 725 est
866 687 905 724 ad
921 688 960 723 B.
977 688 1107 723 Petrum

361 744 505 793 sequenti
538 743 589 779 die
627 754 648 776 v
694 740 765 775 idus
795 738 913 775 mensis
952 736 1105 773 eiusdem.

361 795 490 831 Vacavit
512 793 604 829 sedes
625 791 691 826 dies
710 802 764 824 xi„

539 922 575 970 S.
613 917 855 969 GliEssssthJS
890 917 917 965 ΙΙ

649 1001 743 1032 ΡᾹΡΑ
764 1000 820 1030 XCI

405 1066 496 1099 Anno
518 1073 607 1096 aerae
631 1061 743 1094 Christi
768 1070 875 1093 comm.
907 1057 1022 1091 DGCX
1030 1057 1064 1089 V.

365 1131 557 1217 Gregorius
583 1167 611 1202 ll
627 1195 635 1209 ,
663 1166 790 1201 natione
811 1175 972 1207 romanus,
999 1174 1036 1197 ex
1060 1173 1110 1208 pa-

363 1230 408 1256 tre
434 1217 594 1258 Marcello,
629 1229 668 1252 ex
694 1215 827 1250 diacono
861 1212 895 1247 S.
922 1212 962 1246 R.
990 1212 1027 1246 E.
1050 1223 1110 1245 or—

361 1270 487 1305 dinatus
525 1275 572 1302 est
611 1265 749 1314 pontifex
785 1263 835 1298 die
869 1260 1027 1297 dominica
1064 1261 1108 1294 119

362 1320 480 1355 mensis
502 1316 574 1352 maii
601 1327 684 1351 anno
708 1316 791 1357 715,
809 1312 889 1347 sedit
911 1309 1109 1357 temporibus

363 1367 532 1408 Anastasii,
556 1364 739 1404 Theodosii,
766 1362 895 1402 Leonis,
917 1369 1010 1407 atque
1027 1358 1110 1394 Con-

363 1418 490 1453 stantini
535 1413 728 1463 Copronymi
760 1412 975 1457 Augustorum
1010 1420 1110 1443 annos

364 1480 421 1508 xv,
448 1476 575 1501 menses
597 1476 671 1507 viu,
697 1462 764 1497 dies
784 1472 868 1495 xxiv
890 1463 944 1504 (ΕΞ).
966 1458 1110 1499 Quatuor

364 1516 579 1551 ordinationes
614 1513 685 1547 feeit
723 1522 831 1545 mense
865 1507 1059 1555 septembri,
1081 1514 1111 1541 et

365 1578 460 1601 unam
492 1575 598 1598 mense
621 1562 730 1604 iunio,
757 1559 874 1606 quibus
902 1557 1018 1592 creavit
1040 1568 1111 1602 pre-

365 1616 507 1653 sbvteros
534 1613 659 1659 triginta
688 1610 840 1657 quinque,
862 1608 1011 1642 diaconos
1032 1617 1112 1652 qua-

366 1655 566 1700 tuiirdechn,
604 1660 770 1707 episcopos
803 1670 857 1704 per
884 1657 1005 1690 diversa
1043 1655 1110 1689 loca

366 1722 494 1748 centum
530 1719 557 1745 et
593 1708 830 1757 quinquaginta.
866 1705 954 1741 Obiit
987 1705 1038 1738 die
1067 1705 1111 1737 lo

366 1761 516 1798 februarii
544 1771 627 1795 anno
657 1760 739 1798 751,
765 1755 978 1804 postridieque
1004 1752 1114 1799 sepul—

367 1822 417 1847 tus
452 1819 498 1846 est
537 1809 575 1845 ad
600 1809 635 1843 Β.
670 1807 811 1842 Petrum.
854 1803 984 1840 Vaeavit
1022 1802 1113 1837 sedes

369 1873 462 1896 xxxv
486 1862 542 1904 (5).

685 1929 816 1938 ———

740 1986 753 2020 Ι

370 2062 565 2106 Bmzisacium
595 2061 765 2105 episcopum
799 2062 1004 2091 consecratum
1031 2055 1116 2098 lnga-

415 2121 536 2155 lumque
576 2111 652 2143 sedis
698 2108 881 2152 apostolicae
927 2106 1116 2138 declaratum

420 2161 510 2194 mittit
542 2160 584 2193 acl
616 2159 793 2192 catholicam
819 2158 908 2203 fidem
944 2154 1117 2199 infidelibus

414 2209 659 2255 praedicandam
682 2210 743 2251 (A).

407 2280 446 2314 (t)
463 2279 505 2305 Sic
521 2286 613 2305 omnes
628 2278 681 2303 l'ere
701 2277 826 2311 Catalogi.
866 2275 904 2310 (2)
922 2273 1023 2300 Inclusa
1034 2271 1075 2298 die
1087 2271 1114 2297 ll

372 2318 506 2350 februarii,
527 2325 579 2352 qua
599 2317 750 2351 sepulturae
765 2316 857 2342 datum
873 2318 922 2341 est.
958 2313 997 2349 (5)
1017 2312 1059 2339 Sic
1082 2311 1119 2337 le-

371 2360 442 2393 gitur
459 2357 485 2383 in
502 2365 532 2383 111
548 2356 661 2391 Vignolii
673 2355 806 2390 Catalogm
817 2358 842 2382 et
856 2355 941 2381 tribus
951 2354 1006 2380 aliis
1016 2360 1049 2379 ex
1062 2351 1119 2377 Cri-

373 2399 438 2424 ticae
454 2396 615 2423 Baronianae
634 2395 768 2430 praefixis,
785 2395 831 2429 qui
848 2399 935 2421 tamen
954 2391 1119 2419 numeratio-

373 2445 433 2464 nem
444 2437 476 2463 ad
492 2436 561 2463 diem
578 2436 608 2462 18
627 2435 730 2467 martii,
742 2443 793 2470 qua
804 2435 949 2469 Gregorius
960 2433 995 2459 111
1009 2431 1118 2459 ordina-

375 2481 419 2502 tus
443 2479 483 2502 est
496 2496 502 2507 ,
519 2478 729 2510 protraxerunt,
746 2474 862 2501 exclusis
878 2478 965 2501 tamen
982 2471 1119 2500 extremis.

376 2518 414 2551 (li)
431 2516 518 2542 Libuit
534 2515 575 2541 bic
587 2516 702 2542 inserere
721 2516 832 2542 formam
857 2513 1026 2549 professionis
1051 2511 1119 2542 fidei,

375 2561 399 2583 et
429 2555 568 2582 iuramenti
597 2556 623 2582 b.
653 2556 780 2591 Gregorio
805 2554 920 2582 secundo
944 2562 957 2580 a
989 2551 1121 2579 Bonisacio

377 2596 506 2631 praestiti,
524 2595 595 2630 quod
612 2596 654 2622 liic
673 2595 828 2622 Germaniae
846 2593 981 2629 apostolus
1000 2595 1059 2619 ante
1080 2591 1121 2617 sui

375 2636 598 2662 consecrationem
631 2635 738 2670 propria
766 2634 959 2668 subscriptione
988 2631 1121 2658 munitum

378 2684 455 2711 supra
471 2683 570 2710 eorpus
586 2683 608 2701 s.
629 2675 697 2701 l’etri
713 2682 761 2710 pro
778 2681 850 2701 more
875 2672 998 2709 deposuit
1018 2671 1058 2707 (ut
1078 2679 1121 2698 re-

951 288 1136 312 nULLAutUM
1161 287 1322 311 Romanuin

1210 345 1352 382 Gregorius
1370 351 1464 374 servus
1483 349 1621 372 servorum
1639 342 1684 372 Dei
1702 342 1835 372 Bonifaoio

1337 394 1466 430 religioso
1484 392 1644 429 presbytero
1663 387 1707 432 (1)

1199 465 1303 512 Exigit
1325 465 1519 500 manifestata
1548 463 1640 499 nobis
1665 463 1803 509 religiosi
1819 475 1894 510 pro-

1152 515 1244 562 positi
1271 514 1316 549 tui
1345 515 1396 562 pie
1428 514 1458 548 in
1492 513 1619 548 Christo
1652 512 1813 559 flagrantis
1845 513 1895 547 in-

1150 564 1271 607 tentio,
1310 571 1341 598 et
1373 563 1545 611 approbata
1577 562 1789 597 sincerissima
1823 561 1894 596 fidei

1149 621 1220 648 tuae
1237 613 1353 660 perlata
1376 613 1493 653 relatio,
1514 619 1548 646 ut
1562 611 1600 646 ad
1627 611 1895 658 dispensationem

1149 662 1233 698 verbi
1257 662 1366 703 divini,
1382 663 1472 697 cuius
1490 672 1545 708 per
1566 661 1696 707 gratiam
1709 660 1767 695 Dei
1786 672 1892 695 curam

1148 712 1300 758 gerimus,
1318 718 1349 746 te
1367 711 1582 746 comministro
1599 718 1722 745 utamur
1736 709 1897 756 experien-

1148 768 1196 796 tes
1216 760 1358 808 provide,
1386 768 1416 795 te
1443 760 1481 794 ab
1507 759 1636 794 infantia
1665 770 1770 794 sacras
1793 759 1898 793 literas

1148 810 1316 855 didicisse,
1343 817 1572 857 provectusque
1599 808 1738 843 indolem
1760 807 1800 842 ad
1820 819 1897 854 aug-

1150 868 1291 894 mentum
1335 859 1445 894 crediti
1491 858 1622 893 coelitus
1669 857 1776 903 talenti
1820 869 1898 904 pro-

1149 916 1257 956 spectu
1282 908 1379 942 divini
1406 908 1523 943 amoris
1541 907 1721 948 extendere,
1748 906 1899 941 videlicet

1149 990 1199 1017 fert
1215 990 1347 1018 Otlilonus
1362 991 1388 1017 in
1409 990 1466 1017 eius
1487 991 1539 1017 vita
1554 998 1613 1026 cap.
1634 990 1744 1026 llt),qui
1764 998 1822 1017 mos
1843 989 1900 1025 epi-

1148 1037 1291 1064 scoporum
1307 1033 1372 1056 tunc
1390 1033 1456 1063 erat,
1473 1030 1605 1065 similique
1621 1030 1699 1057 modo
1716 1029 1776 1056 fidei
1796 1029 1900 1065 profes-

1149 1069 1265 1101 sionem,
1290 1073 1317 1096 et
1339 1070 1456 1097 solemne
1480 1070 1660 1097 iuramentum
1684 1069 1717 1096 de
1742 1069 1801 1096 fidei
1832 1069 1902 1096 inte-

1148 1109 1254 1143 gritate,
1280 1112 1306 1136 et
1323 1110 1423 1137 unitate
1438 1110 1569 1137 Ecclesiae
1588 1109 1787 1142 conservanda,
1812 1109 1900 1144 deque

1149 1148 1298 1176 obedientia
1332 1150 1458 1184 singulari
1489 1150 1545 1177 sedi
1576 1150 1736 1185 apostolicae
1769 1153 1900 1185 perpetuo

1151 1189 1309 1222 praestanda
1327 1190 1494 1216 emittebant.

1186 1227 1213 1252 In
1244 1228 1349 1255 nomine
1372 1229 1477 1255 Domini
1502 1230 1565 1262 Dei,
1591 1234 1617 1256 et
1645 1230 1792 1257 'salvatoris
1817 1229 1903 1257 nostri

1151 1267 1210 1293 lesu
1226 1266 1333 1299 Christi,
1354 1268 1501 1302 imperante
1526 1268 1633 1295 domino
1649 1269 1736 1296 Leone
1751 1277 1766 1296 a
1785 1270 1840 1296 Deo
1852 1276 1901 1296 co—

1151 1309 1244 1333 ronato
1261 1307 1354 1341 Magno
1375 1307 1552 1342 imperatore,
1577 1316 1646 1336 anno
1662 1311 1738 1336 sexto
1754 1312 1815 1344 post
1833 1316 1902 1336 con-

1150 1347 1266 1373 sulatum
1281 1347 1349 1379 eius,
1369 1348 1415 1374 sed
1431 1351 1457 1374 et
1476 1348 1649 1376 Constantino
1669 1350 1762 1384 Magno
1782 1349 1900 1384 impera-

1152 1391 1209 1413 tore
1228 1386 1285 1413 eius
1305 1386 1356 1413 silio
1369 1406 1377 1418 ‚
1402 1394 1472 1414 anno
1497 1392 1593 1423 quarto
1613 1389 1764 1417 indictionis
1787 1392 1878 1416 sextae
1893 1410 1900 1422 ‚

1151 1426 1277 1460 promitto
1293 1434 1341 1460 ogo
1357 1426 1506 1454 Bonifacius
1521 1428 1604 1462 gratia
1624 1429 1670 1455 Dei
1687 1429 1839 1464 episcopus⁷
1854 1437 1904 1456 vo-

1151 1467 1201 1499 bis,
1217 1465 1295 1492 beato
1313 1467 1390 1493 l'etro
1405 1467 1587 1501 apostolorum
1605 1469 1727 1504 principi,
1748 1469 1903 1504 vicarioque

1152 1510 1197 1533 tuo
1212 1506 1289 1532 beato
1305 1513 1389 1540 papae
1404 1506 1532 1541 Gregorio
1545 1528 1551 1539 ,
1577 1508 1831 1543 successoribusque
1845 1508 1901 1534 eius

1152 1554 1199 1581 per
1215 1546 1329 1577 Patrem,
1347 1548 1372 1571 et
1387 1546 1491 1578 Filium,
1508 1550 1534 1574 ct
1549 1547 1678 1582 Spiritum
1689 1548 1826 1580 Sanctum,
1839 1548 1901 1574 Tri-

1153 1587 1260 1612 nitatem
1276 1586 1488 1620 inseparabilem,
1505 1590 1531 1613 et
1547 1587 1596 1614 hoc
1611 1587 1820 1614 sacratissimum
1838 1595 1902 1614 cor-

1153 1634 1202 1662 pus
1223 1630 1308 1658 tuum,
1326 1634 1367 1652 me
1383 1634 1488 1653 omnem
1501 1626 1589 1658 fidem,
1606 1631 1631 1653 et
1644 1627 1787 1662 puritatem
1803 1630 1903 1653 sanctae

1154 1666 1212 1693 lidei
1227 1666 1369 1693 catholicae
1385 1667 1523 1700 exhibere,
1543 1670 1569 1693 et
1585 1667 1610 1693 in
1627 1668 1727 1694 unitate
1738 1666 1855 1693 eiusdem
1873 1666 1904 1692 fi-

1153 1706 1195 1733 dei
1221 1707 1275 1733 Deo
1296 1709 1422 1741 operante
1438 1707 1597 1741 persistere,
1624 1708 1649 1734 in
1674 1716 1727 1743 qna
1745 1706 1904 1734 christiano-

1154 1753 1215 1772 rum
1238 1745 1310 1772 salus
1329 1753 1387 1772 esse
1413 1747 1469 1772 sine
1493 1746 1574 1773 dubio
1599 1747 1806 1782 comprobatur,
1834 1746 1905 1773 nullo

1154 1785 1234 1813 modo
1250 1793 1291 1812 me
1307 1788 1398 1812 contra
1419 1786 1546 1813 unitatem
1564 1787 1729 1819 communis,
1749 1790 1775 1814 ot
1792 1786 1905 1813 univer-

1155 1826 1215 1852 salis
1231 1825 1360 1851 Ecclesiae
1381 1825 1509 1852 suadente
1528 1827 1652 1861 quopiam
1668 1825 1833 1857 consentire,
1858 1825 1905 1852 sed

1156 1866 1197 1901 (ut
1212 1865 1280 1899 dixi)
1292 1864 1380 1896 sidem,
1397 1868 1423 1892 et
1440 1866 1581 1899 puritatem
1597 1874 1682 1892 meam
1697 1869 1777 1901 atquc
1787 1872 1904 1892 concur-

1154 1913 1215 1933 sum
1234 1905 1291 1937 tibi,
1307 1908 1334 1932 et
1349 1905 1507 1932 utilitatibus
1524 1909 1585 1932 tuac
1604 1905 1744 1936 Ecclesiae,
1762 1905 1803 1931 cui
1820 1912 1835 1931 a
1852 1905 1907 1931 Do-

1157 1946 1227 1972 mino
1247 1945 1301 1971 Deo
1324 1948 1441 1979 potestas
1461 1945 1558 1979 ligandi
1573 1944 1748 1979 solvendique
1767 1944 1826 1970 data
1847 1946 1903 1976 est,

1156 1989 1182 2012 et
1200 1984 1334 2020 praedicto
1356 1984 1454 2010 vicario
1471 1987 1515 2010 tuo
1536 1989 1617 2019 atque
1632 1984 1831 2011 successoribus
1847 1984 1905 2010 eius

1157 2033 1204 2060 per
1219 2025 1310 2052 omnia
1326 2024 1466 2051 exhibere:
1483 2023 1529 2050 sed
1545 2027 1571 2051 et
1587 2024 1608 2050 si
1628 2031 1761 2058 agnovero
1775 2023 1906 2050 antistites

1156 2070 1248 2094 contra
1265 2065 1383 2091 instituta
1401 2064 1508 2098 antiqua
1527 2068 1680 2090 sanctorum
1707 2064 1815 2090 Patrum
1838 2070 1905 2090 con-

1157 2105 1277 2137 versari,
1304 2112 1364 2130 cuni
1384 2105 1422 2130 eis
1441 2104 1538 2130 nullam
1558 2103 1656 2130 habere
1671 2102 1884 2129 communionem
1897 2121 1905 2134 ,

1157 2149 1204 2174 aut
1218 2145 1445 2177 coniunctionem3
1462 2143 1508 2170 sed
1528 2143 1626 2178 magis,
1647 2143 1668 2169 si
1686 2142 1794 2169 valuero
1810 2140 1905 2176 prohi-

1158 2187 1231 2219 bere,
1248 2185 1410 2221 prohibebo:
1433 2185 1456 2211 si
1473 2184 1570 2215 minus,
1588 2183 1699 2210 fideliter
1716 2182 1828 2209 Domino
1847 2189 1906 2208 meo

1158 2225 1303 2263 apostolico
1314 2224 1484 2252 renunciabo.
1502 2222 1579 2256 Quod
1593 2222 1615 2249 si
1627 2221 1710 2258 (quod
1721 2221 1800 2256 absit)
1816 2224 1908 2248 contra

1158 2267 1239 2294 huius
1257 2265 1440 2301 promissionis
1457 2264 1553 2291 seriem
1573 2262 1672 2298 aliquid
1688 2261 1773 2288 facere
1788 2260 1908 2296 quolibet

1159 2306 1237 2334 modo
1261 2306 1304 2333 vel
1321 2305 1458 2332 occasione
1484 2307 1639 2334 tentavero,
1664 2310 1726 2329 reus
1743 2301 1862 2328 inveniar
1881 2300 1907 2327 in

1159 2351 1265 2375 aeterno
1280 2345 1387 2378 iudicio,
1408 2344 1537 2371 ultionem
1555 2342 1671 2370 Ananiae
1683 2362 1690 2375 ,
1715 2345 1742 2369 et
1762 2341 1909 2376 Sapphirae

1159 2387 1303 2417 incurram,
1319 2384 1366 2419 qui
1380 2384 1456 2411 vobis
1468 2383 1547 2410 etiam
1563 2382 1595 2409 de
1610 2382 1691 2409 rebus
1707 2379 1908 2417 propriislfrau-

1160 2425 1220 2452 dem
1244 2424 1345 2456 facere,
1373 2423 1413 2450 vel
1438 2422 1531 2449 salsum
1558 2422 1645 2448 dicere
1670 2420 1905 2457 praesumpserint.

1160 2466 1236 2492 Hunc
1250 2467 1339 2492 autem
1355 2463 1499 2490 indiculum
1520 2462 1681 2489 Sacramenti
1698 2470 1745 2496 ego
1762 2460 1909 2488 Bonisacius

1160 2507 1272 2540 exiguus
1290 2504 1429 2539 episcopus
1445 2510 1524 2529 manu
1548 2500 1656 2537 'propria
1675 2501 1842 2536 subscripsi,
1863 2504 1907 2527 at—

1161 2554 1213 2581 que
1233 2545 1350 2580 positum
1371 2552 1452 2578 supra
1475 2542 1681 2569 sacratissimum
1703 2549 1801 2575 corpus
1820 2544 1907 2571 tuum,

1162 2589 1192 2613 ut
1205 2584 1329 2620 superius
1348 2584 1452 2619 legitur,
1472 2584 1527 2610 Deo
1544 2585 1609 2609 teste
1624 2585 1650 2608 et
1667 2581 1768 2613 iudice,
1787 2580 1907 2615 praestiti

1163 2629 1372 2657 Sacramentum,
1388 2624 1459 2660 quod
1475 2628 1499 2650 et
1515 2630 1673 2650 conservare
1689 2621 1827 2657 promitto.

1198 2667 1237 2705 (l)
1254 2667 1291 2694 Ex
1308 2665 1371 2694 edit.
1393 2665 1464 2692 card.
1482 2663 1600 2691 Caral'ae.

1934 271 1986 298 Au.
2009 270 2036 298 C.

2065 271 2113 297 71¹)

2227 207 2237 904 -„⁴—-—.-—-—-——n-———mm
2228 296 2230 298 ·
2223 119 2237 206 μὴῶι
