2237 3127
52 311 104 338 An.
126 311 154 339 C.
184 313 235 339 oto
1683 322 1753 357 19⁷

260 373 422 410 Ecclesiae
463 375 652 419 catholicae;
685 377 763 413 haec
794 378 862 426 ipsa
884 391 900 414 a
922 380 1012 415 nobis
1031 385 1034 394 ¹
1055 380 1203 423 invidiae,
1230 382 1464 426 contentiones,
1489 383 1721 433 blasphemiae,
1742 400 1799 424 su-

262 425 311 459 liic
339 425 529 472 synodaliter
550 434 654 473 gesta,
688 427 725 462 ad
758 428 1011 464 constituendam
1052 435 1209 481 spicioncs
1227 436 1344 479 malae,
1366 438 1612 476 conflictationes
1633 441 1799 479 hominum

260 474 555 522 defendendamque
599 476 788 513 catholicam
831 477 1008 513 Ecclesiam

897 325 1062 349 MARTINUS
1079 327 1092 350 1
1117 328 1168 351 1³1³.
1826 325 1877 353 An.
1903 328 1930 354 (ζ.
1956 328 2007 355 649

51 429 82 450 De
99 429 170 451 missis
191 430 232 451 lo>

51 466 100 486 anni
143 467 166 488 S.
208 469 232 488 A.

65 503 216 530 apocrisariis¹

50 538 85 566 qui
103 538 177 560 eadem
195 539 232 560 de<

50 576 109 594 ert-tu
133 573 159 594 ad
184 582 232 597 euin

48 608 167 637 perferant.

43 1119 74 1141 De
101 1116 227 1140 obedientia

42 1156 124 1179 eisdem
155 1156 227 1177 omni-

42 1193 106 1215 mode
163 1200 227 1223 prac-

43 1228 127 1251 stando.

41 1526 169 1547 Anthou-tatio
197 1526 223 1548 nd

40 1562 151 1584 loannem.

260 536 318 558 una
342 537 412 559 cum
430 525 581 572 encycliis
612 526 741 567 nostris,
764 534 793 561 ot
808 528 1010 574 synodalibus

259 573 356 608 literis
375 575 518 609 misimus
538 587 591 621 per
608 576 839 623 presbyterum,
868 584 898 611 et
930 589 1009 624 apo-

258 623 433 658 crisiarium
449 632 587 658 nostrum
600 652 608 663 ,
624 625 768 659 abbatem
785 625 1006 667 Theodorum,

256 680 287 706 et
309 674 480 708 monachos
502 673 608 707 Sancti
631 673 800 709 Theodosii
830 675 1006 720 religiosis-

255 722 353 757 simae
389 722 560 757 mansionis
602 722 770 764 Ioannem,
805 724 1003 771 Stephanum

255 771 441 812 Leontium,
460 772 511 818 qui
535 770 753 807 huiuscemodi
773 782 896 807 nosti-ac
929 786 1004 820 apo-

254 820 382 855 stolicae
404 820 523 868 synodo
548 820 774 863 interfuerunt,
797 832 827 857 et
856 835 911 869 per
931 836 1004 870 gra-

253 870 327 904 tiam
350 870 407 904 Dei
428 871 496 917 ipso
511 869 576 904 visu
595 870 792 915 didicerunt,
814 884 895 918 quae
918 873 1003 907 inse-

253 927 321 954 cuta
337 927 409 954 sunt
423 919 540 960 omnia,
555 927 585 954 et
598 920 747 955 canonice
760 920 899 956 definita.
913 921 1002 963 Quae

253 969 321 1016 ipse
340 968 470 1003 firmiter
488 969 686 1010 custodiens,
709 969 858 1005 denuntia
874 983 1001 1018 quoque

251 1018 416 1060 omnibus,
444 1017 497 1066 qui
519 1018 588 1053 istic
609 1027 681 1053 sunt
705 1019 851 1054 fidelibus
874 1021 1000 1065 populis

250 1066 473 1103 inviolabiliter
488 1075 593 1102 tenere
608 1076 641 1103 ut
654 1069 848 1116 propriarum
866 1071 997 1104 salutem

249 1117 437 1152 animarum.
474 1117 677 1165 Quapropter
711 1118 862 1153 testificor
893 1131 997 1154 coram

250 1166 317 1201 Deo
338 1175 369 1202 et
391 1166 461 1201 Iesu
493 1166 634 1209 Christo,
667 1175 697 1202 et
718 1167 829 1202 electis
858 1169 997 1215 angelis,

250 1223 284 1250 ut
305 1216 383 1251 haec
414 1216 615 1261 custodiens,
638 1224 743 1252 amoto
765 1218 850 1252 omni
872 1219 999 1264 praeiu—

249 1265 342 1305 dicio,
365 1265 508 1312 nihilque
524 1265 667 1313 placendi
688 1279 780 1301 causa
797 1267 927 1308 faciens,
943 1268 996 1302 sed

249 1326 287 1349 ex
312 1327 388 1361 pura
414 1315 623 1356 conscientia,
650 1315 858 1362 Evangelium
881 1318 997 1363 gratiae

249 1364 353 1399 tradas
389 1364 553 1405 omnibus,
592 1365 673 1399 sicut
714 1366 878 1411 accepisti,
914 1375 943 1400 ct
980 1379 997 1401 a

249 1414 366 1448 sanctis
386 1413 549 1455 Patribus,
571 1422 631 1449 eta
646 1414 737 1449 nobis
761 1415 848 1461 ipsis,
871 1417 922 1462 qui
947 1428 997 1463 sy-

250 1463 404 1497 nodaliter
413 1463 592 1498 sanctiones
607 1475 715 1497 eorum
727 1465 995 1499 confirmavimus.

250 1511 295 1546 Ne
317 1512 411 1559 igitur
431 1512 598 1547 erubescas
625 1513 839 1548 testimonium
867 1514 994 1548 Domini

250 1562 347 1596 nostri
369 1561 440 1596 Iesu
462 1561 597 1602 Christi,
620 1562 674 1597 sed
693 1562 878 1598 conforteris
898 1564 995 1609 gratia

249 1611 365 1658 ipsius,
387 1618 417 1646 et
435 1622 514 1658 quae
529 1611 654 1646 audiisti
670 1623 686 1646 a
703 1611 795 1647 nobis
810 1624 866 1659 per
880 1613 996 1647 multos

248 1668 354 1701 testes,
373 1660 438 1695 sive
461 1661 745 1696 demonstrationes
766 1673 803 1696 ex
825 1661 996 1707 Scripturis

247 1718 278 1745 et
303 1723 341 1745 ex
370 1710 534 1754 Patribus,
568 1723 602 1745 ea
635 1711 822 1747 commenda
850 1711 995 1746 fidelibus

247 1760 446 1804 hominibus,
468 1760 522 1806 qui
545 1759 649 1794 idonei
673 1768 746 1794 sunt
762 1760 799 1794 ad
814 1760 894 1795 alios
908 1773 995 1807 quo-

247 1821 309 1856 que
340 1809 511 1844 docendos.
548 1809 595 1843 Tu
631 1809 787 1844 collabora
821 1809 994 1855 Evangelio

247 1871 286 1893 ex
307 1858 422 1893 virtute
442 1858 518 1899 Dei,
541 1867 574 1892 ut
595 1858 698 1893 bonus
720 1859 810 1893 mites
831 1867 913 1893 certa
937 1859 994 1893 bo-

247 1920 323 1942 num
357 1916 513 1942 certamen
549 1907 638 1947 fidei,
665 1907 869 1954 apprehende
898 1908 992 1943 vitam

245 1965 403 1992 aeternam
433 1960 490 2001 (a).
531 1956 797 2003 Quandoquidem
831 1957 994 1993 manifeste

246 2018 397 2052 magnum
419 2015 466 2041 est
489 2006 610 2054 pietatis
642 2014 873 2041 sacramentum
909 2007 993 2053 quod

246 2055 478 2090 manifestatum
512 2063 559 2090 est
592 2056 621 2090 in
654 2067 765 2100 carne,
791 2056 992 2091 iustificatum

246 2113 293 2140 est
315 2105 344 2139 in
382 2105 512 2152 spiritu,
534 2105 680 2152 apparuit
701 2105 838 2151 angelis,
863 2106 993 2153 praedi—

245 2162 347 2189 catum
388 2162 434 2189 est
471 2154 635 2201 gentibus,
673 2155 831 2190 eruditum
874 2163 920 2190 cst
961 2156 991 2190 in

246 2203 382 2246 mundo,
405 2212 601 2251 assumptum
624 2212 670 2239 est
689 2204 720 2238 in
735 2205 843 2250 gloria.
861 2205 994 2252 Propter

246 2253 331 2300 quod
353 2254 431 2288 haec
452 2253 547 2293 doce,
567 2261 596 2288 et
617 2253 799 2295 exhortare,
822 2255 993 2290 testificans

246 2314 351 2337 coram
375 2302 441 2338 Deo
461 2315 522 2338 non
538 2303 672 2338 excitare
687 2316 808 2350 pugnas
824 2304 992 2339 verborum

246 2351 365 2399 absque
387 2351 518 2387 utilitate
539 2352 576 2387 ad
598 2352 835 2388 subversionem
852 2353 935 2388 fidei.
959 2354 991 2388 Si

247 2402 317 2448 quis
342 2409 446 2436 autem
469 2401 558 2436 aliter
588 2401 698 2443 docet,
721 2411 751 2438 et
772 2415 833 2437 non
857 2404 993 2450 acquie-

247 2452 307 2485 scit
320 2451 417 2486 sacris
435 2451 634 2486 sermonibus
652 2451 779 2486 Domini
801 2453 899 2487 nostri
922 2452 991 2488 Iesu

247 2499 382 2542 Christi,
405 2507 436 2535 et
456 2501 483 2535 ei
516 2512 596 2547 quae
632 2501 806 2536 secundum
846 2503 990 2549 pietatem

232 2557 294 2585 ‚est
315 2549 496 2592 doctrinae3
528 2550 682 2597 superbus
703 2560 750 2586 est
771 2551 849 2586 nihil
873 2552 992 2596 sciens,

246 2599 301 2633 sed
317 2599 468 2646 languens
481 2599 561 2635 circa
581 2601 796 2647 quaestiones,
818 2609 848 2636 et
873 2614 993 2648 pugnas

245 2648 411 2683 verborum
434 2648 648 2696 importunas,
664 2662 702 2686 ex
719 2650 834 2699 quibus
850 2651 993 2688 oriuntur

278 2709 319 2746 (a)
334 2710 358 2738 l.
375 2710 490 2738 Timoth.
510 2711 537 2739 5.

1053 497 1157 524 mente
1184 499 1423 539 corruptorum,
1454 502 1485 528 et
1506 494 1560 540 qui
1582 496 1710 532 veritate
1731 498 1799 545 pri—

1052 543 1111 576 vati
1138 551 1228 585 sunt,
1260 545 1385 591 reprobi
1408 546 1488 582 eirca
1510 548 1617 591 fidem,
1639 550 1695 585 sed
1718 552 1797 587 ultra

1051 608 1112 630 non
1131 597 1295 642 proficient
1316 602 1367 644 (a).
1391 599 1571 647 Insipientia
1585 603 1670 639 enim
1685 616 1795 640 eorum

1049 650 1213 686 manifesta
1248 652 1306 687 erit
1339 654 1485 689 omnibus
1516 655 1597 690 sicut
1618 666 1648 693 et
1669 657 1796 694 illorum

1047 701 1123 744 fuit3
1147 704 1226 739 idest
1248 706 1372 741 illorum
1395 708 1534 754 quiante
1550 709 1635 757 ipsos
1650 711 1795 758 fuerunt,

1048 756 1276 794 haereticorum
1300 763 1358 805 (b).
1382 761 1470 803 Quos
1504 762 1664 810 devitans,
1697 766 1797 802 caris-

1046 810 1143 850 sime,
1166 825 1315 859 permane
1341 814 1373 849 in
1405 816 1459 856 iis,
1481 829 1562 863 quae
1583 817 1737 861 didicisti,
1763 828 1796 856 et

1045 865 1161 900 credita
1177 875 1250 901 sunt
1266 868 1339 910 tibi,
1355 869 1458 904 sciens
1472 882 1487 904 a
1499 871 1614 918 quibus
1627 872 1792 916 didiceris;

1045 930 1138 954 nemo
1171 922 1381 957 sacerdotium
1404 930 1493 958 tuum
1515 933 1713 962 contemnat:
1736 928 1791 963 sed

1042 971 1142 1008 forma
1177 974 1220 1009 sis
1249 976 1398 1012 omnibus
1429 977 1461 1012 in
1482 989 1645 1022 sermone,
1668 981 1699 1016 in
1721 993 1794 1017 con-

1043 1028 1236 1070 versatione,
1252 1029 1283 1064 in
1298 1030 1483 1074 dilectione,
1506 1032 1536 1067 in
1560 1032 1638 1078 fide,
1663 1034 1695 1070 in
1718 1047 1792 1070 san-

1041 1081 1155 1116 ctitate.
1178 1082 1316 1118 Attende
1337 1084 1475 1127 lectioni,
1497 1086 1718 1134 exhortationi,
1732 1088 1793 1124 do-

1039 1135 1168 1171 ctrinae.
1191 1137 1261 1172 Noli
1280 1139 1438 1185 negligere
1459 1140 1591 1186 gratiam
1613 1154 1693 1189 quae
1714 1143 1791 1180 inte

1039 1197 1102 1230 est,
1137 1202 1217 1236 quae
1244 1191 1313 1227 data
1335 1200 1381 1227 est
1403 1193 1458 1228 tibi
1483 1206 1539 1241 per
1559 1196 1788 1233 sacerdotalem

1039 1241 1240 1288 dignitatem,
1268 1253 1298 1280 et
1333 1246 1527 1283 functionem
1554 1257 1679 1285 nostrae
1710 1263 1790 1298 apo-

1039 1297 1166 1332 stolicae
1200 1299 1292 1341 vicis,
1315 1308 1348 1335 ut
1370 1301 1528 1348 profectus
1546 1310 1619 1338 tuus
1641 1304 1790 1340 omnibus

1039 1351 1224 1386 manifestus
1236 1380 1244 1394 ,
1263 1365 1297 1388 ac
1313 1362 1443 1390 testatus
1458 1355 1516 1396 sit,
1538 1363 1569 1391 et
1586 1365 1658 1393 ante
1673 1370 1786 1394 omnes

1039 1404 1096 1451 ipsi
1131 1405 1215 1448 Deo,
1242 1407 1326 1455 apud
1353 1421 1448 1456 quem
1480 1416 1702 1458 susceptorum
1729 1425 1787 1460 pro

1039 1458 1167 1504 virtute,
1199 1469 1229 1496 et
1255 1462 1369 1508 pietate
1398 1463 1540 1498 laborum
1574 1466 1710 1512 reposita
1741 1474 1790 1501 cst

1037 1512 1141 1558 dignis
1178 1514 1263 1560 laus,
1295 1523 1326 1550 et
1361 1528 1477 1552 corona
1508 1517 1666 1564 iustitiae,
1693 1517 1807 1567 quam'

1038 1567 1148 1602 reddet
1166 1568 1220 1603 tibi
1243 1569 1343 1604 iustus
1365 1570 1468 1612 iudex,
1492 1571 1546 1619 qui
1568 1572 1706 1619 perfecte
1727 1586 1790 1610 ser-

1036 1632 1090 1654 ves
1108 1620 1176 1656 eius
1190 1623 1397 1658 orthodoxam
1420 1624 1535 1668 fidem,
1557 1635 1588 1661 et
1607 1628 1788 1664 mandatum

1037 1683 1184 1723 prompto
1205 1677 1311 1713 animo
1332 1678 1482 1725 impleas,
1504 1680 1534 1714 in
1557 1680 1693 1726 gloriosa
1720 1683 1790 1718 eius

1037 1740 1072 1762 ac
1094 1729 1257 1765 tremenda
1289 1731 1499 1778 apparitione.
1534 1733 1617 1770 Ecce
1654 1747 1728 1771 vero
1756 1737 1787 1771 in

1037 1782 1208 1825 auxilium,
1236 1791 1270 1818 ut
1291 1797 1406 1831 magno
1436 1785 1544 1827 studio,
1567 1799 1603 1822 ac
1624 1788 1692 1824 sine
1724 1789 1788 1825 ullo

1038 1836 1285 1883 impedimento,
1321 1839 1455 1875 charitas
1492 1848 1543 1876 tua
1577 1834 1806 1879 ministerium*

1038 1890 1167 1937 impleat
1182 1903 1198 1926 a
1213 1900 1317 1928 nostra
1336 1894 1504 1940 apostoliea
1523 1896 1708 1932 auctoritate
1729 1897 1786 1932 tibi

1037 1945 1259 1980 commissum:
1283 1947 1397 1982 hortati
1418 1961 1527 1984 sumus
1547 1949 1615 1985 Deo
1636 1950 1788 1987 amabiles

1036 1998 1221 2046 episcopos,
1237 2000 1339 2047 ipsum
1356 2001 1426 2036 dico
1441 2001 1646 2038 Theodorum
1659 2004 1786 2040 Esbun-

1037 2054 1166 2095 tiorum,
1188 2062 1218 2089 et
1239 2054 1414 2090 Antonium
1443 2056 1654 2092 Bacathorum
1675 2058 1786 2093 adesse

1037 2107 1068 2141 in
1084 2108 1242 2150 omnibus,
1257 2121 1292 2144 ac
1309 2122 1365 2157 pro
1381 2109 1499 2145 viribus
1514 2110 1664 2146 inservire
1678 2111 1787 2146 huius-

1038 2161 1122 2196 modi
1154 2162 1307 2210 spirituali
1340 2163 1492 2198 voluntati
1528 2171 1619 2209 tuae,
1651 2165 1786 2212 quibus—

1036 2226 1108 2249 cum
1131 2223 1161 2250 et
1183 2215 1355 2263 Georgium
1378 2217 1528 2252 dilectum
1550 2217 1784 2266 presbyterum,

1036 2277 1067 2304 et
1100 2270 1392 2317 archimandritam,
1432 2279 1463 2307 et
1501 2271 1630 2307 Petrum
1664 2271 1783 2307 Christi

1037 2332 1193 2360 amantem
1224 2324 1420 2361 Adraenscm
1442 2338 1575 2374 nempe,
1598 2339 1634 2362 ac
1655 2326 1785 2361 omnino

1036 2391 1109 2423 eos,
1131 2379 1186 2426 qui
1209 2379 1241 2414 in
1264 2379 1325 2415 illis
1361 2380 1504 2427 partibus
1527 2380 1621 2415 fidem
1642 2380 1703 2415 Dei
1724 2391 1784 2415 ve-

1037 2445 1170 2480 rumque
1203 2433 1306 2469 zelum
1337 2433 1471 2469 habent:
1500 2446 1633 2482 quorum
1662 2445 1784 2469 merces

1036 2487 1170 2535 plurima
1183 2488 1242 2523 erit
1254 2488 1336 2536 apud
1350 2489 1469 2533 Deum,
1487 2501 1559 2524 eum
1572 2487 1660 2523 vobis
1673 2500 1785 2535 prom-

1036 2542 1225 2590 ptitudinem
1247 2544 1362 2585 animi,
1383 2544 1543 2591 studiique
1572 2543 1621 2578 sui
1644 2543 1784 2590 praesti-

1036 2596 1132 2632 terint
1148 2598 1180 2632 in
1199 2598 1286 2634 omni
1300 2598 1498 2641 obedientia,
1519 2606 1550 2634 et
1570 2597 1688 2645 gratiae
1709 2609 1784 2648 per-

1036 2652 1183 2688 sectione.

1069 2712 1119 2751 (a).
1130 2714 1154 2741 ¹.
1171 2714 1285 2742 Timoth.
1303 2714 1330 2742 6.
1368 2713 1407 2751 (ὁ)
1423 2714 1450 2742 2.
1467 2713 1583 2743 Timoth.
1603 2715 1632 2743 5.
