<?xml version="1.0" encoding="UTF-8"?>
<!DOCTYPE html PUBLIC "-//W3C//DTD XHTML 1.0 Transitional//EN"
    "http://www.w3.org/TR/xhtml1/DTD/xhtml1-transitional.dtd">
<html xmlns="http://www.w3.org/1999/xhtml" xml:lang="en" lang="en">
 <head>
  <title>
</title>
<meta http-equiv="Content-Type" content="text/html;charset=utf-8" />
  <meta name='ocr-system' content='tesseract 3.04.00' />
  <meta name='ocr-capabilities' content='ocr_page ocr_carea ocr_par ocr_line ocrx_word'/>
</head>
<body>
  <div class='ocr_page' id='page_1' title='image "./bullarumdiplomat01cath_0323.png"; bbox 0 0 2237 3127; ppageno 0'>
   <div class='ocr_carea' id='block_1_1' title="bbox 58 293 240 321">
    <p class='ocr_par' dir='ltr' id='par_1_1' title="bbox 58 293 240 321">
     <span class='ocr_line' id='line_1_1' title="bbox 58 293 240 321; baseline -0.005 -1"><span class='ocrx_word' id='word_1_1' title='bbox 58 296 107 320; x_wconf 80' lang='lat' dir='ltr'>Au.</span> <span class='ocrx_word' id='word_1_2' title='bbox 131 293 157 320; x_wconf 80' lang='lat' dir='ltr'>C.</span> <span class='ocrx_word' id='word_1_3' title='bbox 189 295 240 321; x_wconf 66' lang='lat'>855,</span> 
     </span>
    </p>
   </div>
   <div class='ocr_carea' id='block_1_2' title="bbox 42 1786 63 1807">
    <p class='ocr_par' dir='ltr' id='par_1_2' title="bbox 42 1786 63 1807">
     <span class='ocr_line' id='line_1_2' title="bbox 42 1786 63 1807; baseline 0 0"><span class='ocrx_word' id='word_1_4' title='bbox 42 1786 63 1807; x_wconf 75' lang='lat' dir='ltr'><strong>M</strong></span> 
     </span>
    </p>
   </div>
   <div class='ocr_carea' id='block_1_3' title="bbox 107 1826 227 1853">
    <p class='ocr_par' dir='ltr' id='par_1_3' title="bbox 107 1826 227 1853">
     <span class='ocr_line' id='line_1_3' title="bbox 107 1826 227 1853; baseline 0.023 -7"><span class='ocrx_word' id='word_1_5' title='bbox 107 1826 227 1853; x_wconf 76' lang='lat' dir='ltr'>praeficiu-</span> 
     </span>
    </p>
   </div>
   <div class='ocr_carea' id='block_1_4' title="bbox 46 1787 230 1844">
    <p class='ocr_par' dir='ltr' id='par_1_4' title="bbox 46 1787 230 1844">
     <span class='ocr_line' id='line_1_4' title="bbox 66 1787 230 1822; baseline 0.012 -15"><span class='ocrx_word' id='word_1_6' title='bbox 66 1787 182 1819; x_wconf 60' lang='lat' dir='ltr'>onaelii‚si</span> <span class='ocrx_word' id='word_1_7' title='bbox 197 1792 230 1822; x_wconf 66' lang='lat' dir='ltr'>ip.</span> 
     </span>
     <span class='ocr_line' id='line_1_5' title="bbox 46 1823 78 1844; baseline 0 0"><span class='ocrx_word' id='word_1_8' title='bbox 46 1823 78 1844; x_wconf 78' lang='lat' dir='ltr'>sis</span> 
     </span>
    </p>
   </div>
   <div class='ocr_carea' id='block_1_5' title="bbox 43 1862 228 1920">
    <p class='ocr_par' dir='ltr' id='par_1_5' title="bbox 43 1862 228 1920">
     <span class='ocr_line' id='line_1_6' title="bbox 44 1862 228 1884; baseline 0.027 -4"><span class='ocrx_word' id='word_1_9' title='bbox 44 1864 79 1881; x_wconf 80' lang='lat' dir='ltr'>int·</span> <span class='ocrx_word' id='word_1_10' title='bbox 92 1868 134 1882; x_wconf 84' lang='lat' dir='ltr'>n‹·u</span> <span class='ocrx_word' id='word_1_11' title='bbox 145 1862 215 1884; x_wconf 66' lang='lat' dir='ltr'>electu</span> <span class='ocrx_word' id='word_1_12' title='bbox 205 1871 228 1884; x_wconf 73' lang='lat' dir='ltr'>us</span> 
     </span>
     <span class='ocr_line' id='line_1_7' title="bbox 43 1898 228 1920; baseline 0.022 -4"><span class='ocrx_word' id='word_1_13' title='bbox 43 1904 91 1918; x_wconf 70' lang='lat' dir='ltr'>(uin</span> <span class='ocrx_word' id='word_1_14' title='bbox 117 1898 228 1920; x_wconf 72' lang='lat' dir='ltr'>ordinario</span> 
     </span>
    </p>
   </div>
   <div class='ocr_carea' id='block_1_6' title="bbox 44 1932 95 1963">
    <p class='ocr_par' dir='ltr' id='par_1_6' title="bbox 44 1932 95 1963">
     <span class='ocr_line' id='line_1_8' title="bbox 44 1932 95 1963; baseline 0.02 -10"><span class='ocrx_word' id='word_1_15' title='bbox 44 1932 95 1963; x_wconf 60' lang='lat' dir='ltr'>lociy</span> 
     </span>
    </p>
   </div>
   <div class='ocr_carea' id='block_1_7' title="bbox 44 1976 63 1990">
    <p class='ocr_par' dir='ltr' id='par_1_7' title="bbox 44 1976 63 1990">
     <span class='ocr_line' id='line_1_9' title="bbox 44 1976 63 1990; baseline 0 0"><span class='ocrx_word' id='word_1_16' title='bbox 44 1976 63 1990; x_wconf 82' lang='lat' dir='ltr'>m</span> 
     </span>
    </p>
   </div>
   <div class='ocr_carea' id='block_1_8' title="bbox 67 1977 139 1991">
    <p class='ocr_par' dir='ltr' id='par_1_8' title="bbox 67 1977 139 1991">
     <span class='ocr_line' id='line_1_10' title="bbox 67 1977 139 1991; baseline 0.014 -1"><span class='ocrx_word' id='word_1_17' title='bbox 67 1977 139 1991; x_wconf 68' lang='lat' dir='ltr'>enselll</span> 
     </span>
    </p>
   </div>
   <div class='ocr_carea' id='block_1_9' title="bbox 44 2005 227 2063">
    <p class='ocr_par' dir='ltr' id='par_1_9' title="bbox 44 2005 227 2063">
     <span class='ocr_line' id='line_1_11' title="bbox 52 2005 219 2036; baseline 0.012 -11"><span class='ocrx_word' id='word_1_18' title='bbox 52 2005 219 2036; x_wconf 71' lang='lat' dir='ltr'>eliiepiseopum</span> 
     </span>
     <span class='ocr_line' id='line_1_12' title="bbox 44 2043 227 2063; baseline 0.005 -1"><span class='ocrx_word' id='word_1_19' title='bbox 44 2049 155 2063; x_wconf 67' lang='lat' dir='ltr'>ret-ursum</span> <span class='ocrx_word' id='word_1_20' title='bbox 190 2043 227 2063; x_wconf 18' lang='lat' dir='ltr'>tia?</span> 
     </span>
    </p>
   </div>
   <div class='ocr_carea' id='block_1_10' title="bbox 43 2078 55 2099">
    <p class='ocr_par' dir='ltr' id='par_1_10' title="bbox 43 2078 55 2099">
     <span class='ocr_line' id='line_1_13' title="bbox 43 2078 55 2099; baseline -0.083 0"><span class='ocrx_word' id='word_1_21' title='bbox 43 2078 55 2099; x_wconf 73' lang='lat' dir='ltr'>l»</span> 
     </span>
    </p>
   </div>
   <div class='ocr_carea' id='block_1_11' title="bbox 43 2489 210 2581">
    <p class='ocr_par' dir='ltr' id='par_1_11' title="bbox 43 2489 197 2581">
     <span class='ocr_line' id='line_1_14' title="bbox 43 2489 108 2510; baseline -0.015 0"><span class='ocrx_word' id='word_1_22' title='bbox 43 2489 108 2510; x_wconf 72' lang='lat' dir='ltr'>ltin-m</span> 
     </span>
     <span class='ocr_line' id='line_1_15' title="bbox 57 2525 210 2555; baseline 0 -9"><span class='ocrx_word' id='word_1_23' title='bbox 57 2525 210 2555; x_wconf 72' lang='lat' dir='ltr'>chit-piscopos</span> 
     </span>
     <span class='ocr_line' id='line_1_16' title="bbox 63 2560 74 2581; baseline 0 0"><span class='ocrx_word' id='word_1_24' title='bbox 63 2560 74 2581; x_wconf 89' lang='lat' dir='ltr'>·l</span> 
     </span>
    </p>
   </div>
   <div class='ocr_carea' id='block_1_12' title="bbox 42 2560 200 2582">
    <p class='ocr_par' dir='ltr' id='par_1_12' title="bbox 42 2560 200 2582">
     <span class='ocr_line' id='line_1_17' title="bbox 42 2560 200 2582; baseline 0.013 -2"><span class='ocrx_word' id='word_1_25' title='bbox 42 2568 60 2580; x_wconf 75' lang='grc' dir='ltr'>ιι</span> <span class='ocrx_word' id='word_1_26' title='bbox 103 2560 162 2582; x_wconf 74' lang='lat' dir='ltr'>solus</span> <span class='ocrx_word' id='word_1_27' title='bbox 190 2569 200 2582; x_wconf 79' lang='lat' dir='ltr'>v</span> 
     </span>
    </p>
   </div>
   <div class='ocr_carea' id='block_1_13' title="bbox 42 2642 87 2663">
    <p class='ocr_par' dir='ltr' id='par_1_13' title="bbox 42 2642 87 2663">
     <span class='ocr_line' id='line_1_18' title="bbox 42 2642 87 2663; baseline 0.022 -10"><span class='ocrx_word' id='word_1_28' title='bbox 42 2642 87 2663; x_wconf 62' lang='lat' dir='ltr'>epis</span> 
     </span>
    </p>
   </div>
   <div class='ocr_carea' id='block_1_14' title="bbox 58 2082 116 2099">
    <p class='ocr_par' dir='ltr' id='par_1_14' title="bbox 58 2082 116 2099">
     <span class='ocr_line' id='line_1_19' title="bbox 58 2082 116 2099; baseline 0 0"><span class='ocrx_word' id='word_1_29' title='bbox 58 2082 116 2099; x_wconf 76' lang='lat' dir='ltr'>eunt.</span> 
     </span>
    </p>
   </div>
   <div class='ocr_carea' id='block_1_15' title="bbox 112 2490 225 2510">
    <p class='ocr_par' dir='ltr' id='par_1_15' title="bbox 112 2490 225 2510">
     <span class='ocr_line' id='line_1_20' title="bbox 112 2490 225 2510; baseline 0 0"><span class='ocrx_word' id='word_1_30' title='bbox 112 2490 169 2510; x_wconf 71' lang='lat' dir='ltr'>ensis</span> <span class='ocrx_word' id='word_1_31' title='bbox 190 2497 225 2510; x_wconf 75' lang='lat' dir='ltr'>nr-</span> 
     </span>
    </p>
   </div>
   <div class='ocr_carea' id='block_1_16' title="bbox 120 1934 226 1957">
    <p class='ocr_par' dir='ltr' id='par_1_16' title="bbox 120 1934 226 1957">
     <span class='ocr_line' id='line_1_21' title="bbox 120 1934 226 1957; baseline 0.019 -2"><span class='ocrx_word' id='word_1_32' title='bbox 120 1934 146 1955; x_wconf 84' lang='lat' dir='ltr'>ad</span> <span class='ocrx_word' id='word_1_33' title='bbox 171 1935 226 1957; x_wconf 77' lang='lat' dir='ltr'>Rhe-</span> 
     </span>
    </p>
   </div>
   <div class='ocr_carea' id='block_1_17' title="bbox 196 1978 228 1992">
    <p class='ocr_par' dir='ltr' id='par_1_17' title="bbox 196 1978 228 1992">
     <span class='ocr_line' id='line_1_22' title="bbox 196 1978 228 1992; baseline 0 0"><span class='ocrx_word' id='word_1_34' title='bbox 196 1978 228 1992; x_wconf 64' lang='lat' dir='ltr'>ar*</span> 
     </span>
    </p>
   </div>
   <div class='ocr_carea' id='block_1_18' title="bbox 205 2561 224 2582">
    <p class='ocr_par' dir='ltr' id='par_1_18' title="bbox 205 2561 224 2582">
     <span class='ocr_line' id='line_1_23' title="bbox 205 2561 224 2582; baseline 0.105 -2"><span class='ocrx_word' id='word_1_35' title='bbox 205 2561 224 2582; x_wconf 64' lang='lat' dir='ltr'>el</span> 
     </span>
    </p>
   </div>
   <div class='ocr_carea' id='block_1_19' title="bbox 71 2598 224 2619">
    <p class='ocr_par' dir='ltr' id='par_1_19' title="bbox 71 2598 224 2619">
     <span class='ocr_line' id='line_1_24' title="bbox 71 2598 224 2619; baseline 0.007 -2"><span class='ocrx_word' id='word_1_36' title='bbox 71 2605 90 2617; x_wconf 92' lang='grc' dir='ltr'>ιι</span> <span class='ocrx_word' id='word_1_37' title='bbox 131 2601 199 2619; x_wconf 71' lang='lat' dir='ltr'>can-kei</span> <span class='ocrx_word' id='word_1_38' title='bbox 208 2598 224 2618; x_wconf 76' lang='lat' dir='ltr'>is</span> 
     </span>
    </p>
   </div>
   <div class='ocr_carea' id='block_1_20' title="bbox 90 2641 214 2662">
    <p class='ocr_par' dir='ltr' id='par_1_20' title="bbox 90 2641 214 2662">
     <span class='ocr_line' id='line_1_25' title="bbox 90 2641 214 2662; baseline 0.009 -9"><span class='ocrx_word' id='word_1_39' title='bbox 90 2641 153 2662; x_wconf 72' lang='lat' dir='ltr'>cupis</span> <span class='ocrx_word' id='word_1_40' title='bbox 193 2641 214 2655; x_wconf 66' lang='lat' dir='ltr'>rc</span> 
     </span>
    </p>
   </div>
   <div class='ocr_carea' id='block_1_21' title="bbox 41 2669 177 2697">
    <p class='ocr_par' dir='ltr' id='par_1_21' title="bbox 41 2669 177 2697">
     <span class='ocr_line' id='line_1_26' title="bbox 41 2669 177 2697; baseline 0.007 -7"><span class='ocrx_word' id='word_1_41' title='bbox 41 2677 88 2697; x_wconf 56' lang='grc' dir='ltr'>ιρι-ιιι</span> <span class='ocrx_word' id='word_1_42' title='bbox 106 2669 177 2691; x_wconf 65' lang='lat' dir='ltr'>adeat.</span> 
     </span>
    </p>
   </div>
   <div class='ocr_carea' id='block_1_22' title="bbox 889 285 1083 305">
    <p class='ocr_par' dir='ltr' id='par_1_22' title="bbox 889 285 1083 305">
     <span class='ocr_line' id='line_1_27' title="bbox 889 285 1083 305; baseline 0 0"><span class='ocrx_word' id='word_1_43' title='bbox 889 285 1083 305; x_wconf 45' lang='lat' dir='ltr'>itt-Ataiittlt‘tki</span> 
     </span>
    </p>
   </div>
   <div class='ocr_carea' id='block_1_23' title="bbox 271 338 1019 380">
    <p class='ocr_par' dir='ltr' id='par_1_23' title="bbox 271 338 1019 380">
     <span class='ocr_line' id='line_1_28' title="bbox 271 338 1019 380; baseline -0.005 -5"><span class='ocrx_word' id='word_1_44' title='bbox 271 340 419 380; x_wconf 82' lang='lat' dir='ltr'>existunt7</span> <span class='ocrx_word' id='word_1_45' title='bbox 432 339 629 374; x_wconf 82' lang='lat' dir='ltr'>atiatbemate</span> <span class='ocrx_word' id='word_1_46' title='bbox 650 338 848 373; x_wconf 79' lang='lat' dir='ltr'>damnantm.</span> <span class='ocrx_word' id='word_1_47' title='bbox 867 340 901 372; x_wconf 53' lang='lat' dir='ltr'>tit</span> <span class='ocrx_word' id='word_1_48' title='bbox 928 348 957 372; x_wconf 81' lang='lat' dir='ltr'>nt</span> <span class='ocrx_word' id='word_1_49' title='bbox 974 352 1019 372; x_wconf 72' lang='lat' dir='ltr'>re-</span> 
     </span>
    </p>
   </div>
   <div class='ocr_carea' id='block_1_24' title="bbox 211 388 1069 2722">
    <p class='ocr_par' dir='ltr' id='par_1_24' title="bbox 259 388 1017 1465">
     <span class='ocr_line' id='line_1_29' title="bbox 270 388 1016 436; baseline -0.004 -12"><span class='ocrx_word' id='word_1_50' title='bbox 270 390 370 436; x_wconf 69' lang='lat' dir='ltr'>ligiosi</span> <span class='ocrx_word' id='word_1_51' title='bbox 398 390 556 436; x_wconf 83' lang='lat' dir='ltr'>principes</span> <span class='ocrx_word' id='word_1_52' title='bbox 577 389 687 423; x_wconf 86' lang='lat' dir='ltr'>abbae</span> <span class='ocrx_word' id='word_1_53' title='bbox 709 388 919 422; x_wconf 75' lang='lat' dir='ltr'>damnationis</span> <span class='ocrx_word' id='word_1_54' title='bbox 942 401 1016 422; x_wconf 86' lang='lat' dir='ltr'>sen-</span> 
     </span>
     <span class='ocr_line' id='line_1_30' title="bbox 270 438 1017 477; baseline -0.003 -4"><span class='ocrx_word' id='word_1_55' title='bbox 270 439 364 473; x_wconf 87' lang='lat' dir='ltr'>tentia</span> <span class='ocrx_word' id='word_1_56' title='bbox 388 447 534 473; x_wconf 89' lang='lat' dir='ltr'>maneant</span> <span class='ocrx_word' id='word_1_57' title='bbox 557 440 725 477; x_wconf 84' lang='lat' dir='ltr'>immunes,</span> <span class='ocrx_word' id='word_1_58' title='bbox 748 438 892 471; x_wconf 86' lang='lat' dir='ltr'>studeant</span> <span class='ocrx_word' id='word_1_59' title='bbox 911 438 1017 472; x_wconf 91' lang='lat' dir='ltr'>omni-</span> 
     </span>
     <span class='ocr_line' id='line_1_31' title="bbox 269 487 1069 533; baseline -0.003 -10"><span class='ocrx_word' id='word_1_60' title='bbox 269 489 327 523; x_wconf 89' lang='lat' dir='ltr'>bus</span> <span class='ocrx_word' id='word_1_61' title='bbox 347 489 449 523; x_wconf 87' lang='lat' dir='ltr'>modis</span> <span class='ocrx_word' id='word_1_62' title='bbox 472 489 552 523; x_wconf 87' lang='lat' dir='ltr'>circa</span> <span class='ocrx_word' id='word_1_63' title='bbox 585 488 810 522; x_wconf 87' lang='lat' dir='ltr'>monasterium</span> <span class='ocrx_word' id='word_1_64' title='bbox 845 487 1069 533; x_wconf 76' lang='lat' dir='ltr'>praefatum</span> 
     </span>
     <span class='ocr_line' id='line_1_32' title="bbox 267 538 1015 585; baseline -0.003 -13"><span class='ocrx_word' id='word_1_65' title='bbox 267 538 430 573; x_wconf 80' lang='lat' dir='ltr'>electionis</span> <span class='ocrx_word' id='word_1_66' title='bbox 454 538 648 585; x_wconf 76' lang='lat' dir='ltr'>privilegium</span> <span class='ocrx_word' id='word_1_67' title='bbox 671 549 793 571; x_wconf 82' lang='lat' dir='ltr'>servare</span> <span class='ocrx_word' id='word_1_68' title='bbox 815 549 941 583; x_wconf 86' lang='lat' dir='ltr'>semper</span> <span class='ocrx_word' id='word_1_69' title='bbox 964 538 1015 571; x_wconf 87' lang='lat' dir='ltr'>in-</span> 
     </span>
     <span class='ocr_line' id='line_1_33' title="bbox 267 586 1014 634; baseline 0 -13"><span class='ocrx_word' id='word_1_70' title='bbox 267 588 432 632; x_wconf 64' lang='lat' dir='ltr'>violatum,</span> <span class='ocrx_word' id='word_1_71' title='bbox 455 588 602 634; x_wconf 86' lang='lat' dir='ltr'>quoniam</span> <span class='ocrx_word' id='word_1_72' title='bbox 626 586 800 621; x_wconf 88' lang='lat' dir='ltr'>seeundum</span> <span class='ocrx_word' id='word_1_73' title='bbox 825 586 885 620; x_wconf 91' lang='lat' dir='ltr'>iam</span> <span class='ocrx_word' id='word_1_74' title='bbox 908 586 983 620; x_wconf 86' lang='lat' dir='ltr'>olim</span> <span class='ocrx_word' id='word_1_75' title='bbox 998 598 1014 621; x_wconf 85' lang='lat' dir='ltr'>a</span> 
     </span>
     <span class='ocr_line' id='line_1_34' title="bbox 266 636 1013 683; baseline -0.003 -12"><span class='ocrx_word' id='word_1_76' title='bbox 266 638 383 672; x_wconf 84' lang='lat' dir='ltr'>sanctis</span> <span class='ocrx_word' id='word_1_77' title='bbox 395 637 706 672; x_wconf 79' lang='lat' dir='ltr'>Patrilmsdelinitam</span> <span class='ocrx_word' id='word_1_78' title='bbox 717 636 1013 683; x_wconf 72' lang='lat' dir='ltr'>promulgationem,</span> 
     </span>
     <span class='ocr_line' id='line_1_35' title="bbox 268 685 1012 732; baseline -0.003 -11"><span class='ocrx_word' id='word_1_79' title='bbox 268 687 426 722; x_wconf 73' lang='lat' dir='ltr'>Ecclesiae</span> <span class='ocrx_word' id='word_1_80' title='bbox 458 686 660 721; x_wconf 82' lang='lat' dir='ltr'>Corbeiensis</span> <span class='ocrx_word' id='word_1_81' title='bbox 694 685 915 732; x_wconf 70' lang='lat' dir='ltr'>praelationem</span> <span class='ocrx_word' id='word_1_82' title='bbox 950 697 1012 719; x_wconf 87' lang='lat' dir='ltr'>non</span> 
     </span>
     <span class='ocr_line' id='line_1_36' title="bbox 268 735 1011 783; baseline -0.003 -13"><span class='ocrx_word' id='word_1_83' title='bbox 268 750 322 783; x_wconf 87' lang='lat' dir='ltr'>per</span> <span class='ocrx_word' id='word_1_84' title='bbox 355 737 527 782; x_wconf 76' lang='lat' dir='ltr'>legitimam</span> <span class='ocrx_word' id='word_1_85' title='bbox 562 735 789 770; x_wconf 82' lang='lat' dir='ltr'>monachornm</span> <span class='ocrx_word' id='word_1_86' title='bbox 829 735 860 768; x_wconf 88' lang='lat' dir='ltr'>in</span> <span class='ocrx_word' id='word_1_87' title='bbox 901 735 1011 769; x_wconf 89' lang='lat' dir='ltr'>eodem</span> 
     </span>
     <span class='ocr_line' id='line_1_37' title="bbox 265 784 1012 828; baseline -0.004 -7"><span class='ocrx_word' id='word_1_88' title='bbox 265 786 418 821; x_wconf 87' lang='lat' dir='ltr'>coenobio</span> <span class='ocrx_word' id='word_1_89' title='bbox 440 785 566 820; x_wconf 86' lang='lat' dir='ltr'>Christo</span> <span class='ocrx_word' id='word_1_90' title='bbox 585 785 786 819; x_wconf 78' lang='lat' dir='ltr'>militantium</span> <span class='ocrx_word' id='word_1_91' title='bbox 809 784 1012 828; x_wconf 78' lang='lat' dir='ltr'>electionem,</span> 
     </span>
     <span class='ocr_line' id='line_1_38' title="bbox 263 834 1011 881; baseline -0.003 -11"><span class='ocrx_word' id='word_1_92' title='bbox 263 835 319 870; x_wconf 86' lang='lat' dir='ltr'>sed</span> <span class='ocrx_word' id='word_1_93' title='bbox 337 843 444 870; x_wconf 85' lang='lat' dir='ltr'>contra</span> <span class='ocrx_word' id='word_1_94' title='bbox 477 835 667 881; x_wconf 73' lang='lat' dir='ltr'>regularem,</span> <span class='ocrx_word' id='word_1_95' title='bbox 700 842 792 881; x_wconf 85' lang='lat' dir='ltr'>atque</span> <span class='ocrx_word' id='word_1_96' title='bbox 827 834 1011 869; x_wconf 88' lang='lat' dir='ltr'>canonicam</span> 
     </span>
     <span class='ocr_line' id='line_1_39' title="bbox 263 883 1010 930; baseline -0.001 -11"><span class='ocrx_word' id='word_1_97' title='bbox 263 885 498 925; x_wconf 86' lang='lat' dir='ltr'>auctoritatem,</span> <span class='ocrx_word' id='word_1_98' title='bbox 521 892 551 919; x_wconf 86' lang='lat' dir='ltr'>et</span> <span class='ocrx_word' id='word_1_99' title='bbox 586 884 728 923; x_wconf 83' lang='lat' dir='ltr'>dantem,</span> <span class='ocrx_word' id='word_1_100' title='bbox 751 892 781 917; x_wconf 84' lang='lat' dir='ltr'>et</span> <span class='ocrx_word' id='word_1_101' title='bbox 802 883 1010 930; x_wconf 82' lang='lat' dir='ltr'>accipientem</span> 
     </span>
     <span class='ocr_line' id='line_1_40' title="bbox 262 934 1012 980; baseline -0.001 -12"><span class='ocrx_word' id='word_1_102' title='bbox 262 947 278 968; x_wconf 87' lang='lat' dir='ltr'>a</span> <span class='ocrx_word' id='word_1_103' title='bbox 300 934 416 969; x_wconf 81' lang='lat' dir='ltr'>Christi</span> <span class='ocrx_word' id='word_1_104' title='bbox 445 946 543 980; x_wconf 74' lang='lat' dir='ltr'>regno</span> <span class='ocrx_word' id='word_1_105' title='bbox 575 941 818 980; x_wconf 86' lang='lat' dir='ltr'>sanctorumque</span> <span class='ocrx_word' id='word_1_106' title='bbox 852 934 1012 968; x_wconf 84' lang='lat' dir='ltr'>consortio</span> 
     </span>
     <span class='ocr_line' id='line_1_41' title="bbox 262 983 1013 1030; baseline -0.001 -11"><span class='ocrx_word' id='word_1_107' title='bbox 262 983 576 1024; x_wconf 71' lang='lat' dir='ltr'>anathematizantes,</span> <span class='ocrx_word' id='word_1_108' title='bbox 601 995 702 1030; x_wconf 79' lang='lat' dir='ltr'>neque</span> <span class='ocrx_word' id='word_1_109' title='bbox 725 983 905 1017; x_wconf 80' lang='lat' dir='ltr'>societatem</span> <span class='ocrx_word' id='word_1_110' title='bbox 929 991 1013 1030; x_wconf 87' lang='lat' dir='ltr'>pote-</span> 
     </span>
     <span class='ocr_line' id='line_1_42' title="bbox 264 1032 1010 1080; baseline 0 -13"><span class='ocrx_word' id='word_1_111' title='bbox 264 1041 334 1068; x_wconf 88' lang='lat' dir='ltr'>runt</span> <span class='ocrx_word' id='word_1_112' title='bbox 374 1033 488 1068; x_wconf 85' lang='lat' dir='ltr'>habete</span> <span class='ocrx_word' id='word_1_113' title='bbox 523 1033 719 1067; x_wconf 81' lang='lat' dir='ltr'>Hierusalem</span> <span class='ocrx_word' id='word_1_114' title='bbox 762 1032 922 1073; x_wconf 86' lang='lat' dir='ltr'>coelestis,</span> <span class='ocrx_word' id='word_1_115' title='bbox 957 1034 1010 1080; x_wconf 86' lang='lat' dir='ltr'>qui</span> 
     </span>
     <span class='ocr_line' id='line_1_43' title="bbox 262 1082 1011 1129; baseline 0.001 -12"><span class='ocrx_word' id='word_1_116' title='bbox 262 1095 328 1117; x_wconf 85' lang='lat' dir='ltr'>eam</span> <span class='ocrx_word' id='word_1_117' title='bbox 364 1083 393 1118; x_wconf 91' lang='lat' dir='ltr'>in</span> <span class='ocrx_word' id='word_1_118' title='bbox 428 1084 519 1117; x_wconf 85' lang='lat' dir='ltr'>terris</span> <span class='ocrx_word' id='word_1_119' title='bbox 552 1083 804 1129; x_wconf 78' lang='lat' dir='ltr'>petegtittautem</span> <span class='ocrx_word' id='word_1_120' title='bbox 839 1082 1011 1118; x_wconf 81' lang='lat' dir='ltr'>dissociare</span> 
     </span>
     <span class='ocr_line' id='line_1_44' title="bbox 262 1132 1010 1174; baseline 0.001 -8"><span class='ocrx_word' id='word_1_121' title='bbox 262 1141 426 1168; x_wconf 84' lang='lat' dir='ltr'>conantur</span> <span class='ocrx_word' id='word_1_122' title='bbox 450 1132 542 1174; x_wconf 71' lang='lat' dir='ltr'>(luod</span> <span class='ocrx_word' id='word_1_123' title='bbox 561 1145 590 1166; x_wconf 87' lang='lat' dir='ltr'>a</span> <span class='ocrx_word' id='word_1_124' title='bbox 581 1145 652 1173; x_wconf 89' lang='lat' dir='ltr'>erc</span> <span class='ocrx_word' id='word_1_125' title='bbox 675 1140 794 1166; x_wconf 73' lang='lat' dir='ltr'>certum</span> <span class='ocrx_word' id='word_1_126' title='bbox 819 1139 866 1166; x_wconf 83' lang='lat' dir='ltr'>est</span> <span class='ocrx_word' id='word_1_127' title='bbox 887 1144 1010 1172; x_wconf 89' lang='lat' dir='ltr'>omnes</span> 
     </span>
     <span class='ocr_line' id='line_1_45' title="bbox 261 1181 1010 1229; baseline -0.001 -12"><span class='ocrx_word' id='word_1_128' title='bbox 261 1182 391 1229; x_wconf 89' lang='lat' dir='ltr'>quinon</span> <span class='ocrx_word' id='word_1_129' title='bbox 409 1191 563 1229; x_wconf 80' lang='lat' dir='ltr'>pastores</span> <span class='ocrx_word' id='word_1_130' title='bbox 579 1195 610 1216; x_wconf 75' lang='lat' dir='ltr'>st</span> <span class='ocrx_word' id='word_1_131' title='bbox 606 1182 634 1216; x_wconf 89' lang='lat' dir='ltr'>d</span> <span class='ocrx_word' id='word_1_132' title='bbox 650 1182 804 1225; x_wconf 83' lang='lat' dir='ltr'>latrones,</span> <span class='ocrx_word' id='word_1_133' title='bbox 822 1194 878 1216; x_wconf 90' lang='lat' dir='ltr'>nec</span> <span class='ocrx_word' id='word_1_134' title='bbox 893 1181 1010 1217; x_wconf 80' lang='lat' dir='ltr'>Christi</span> 
     </span>
     <span class='ocr_line' id='line_1_46' title="bbox 260 1231 1011 1279; baseline 0 -13"><span class='ocrx_word' id='word_1_135' title='bbox 260 1232 409 1275; x_wconf 75' lang='lat' dir='ltr'>vicarios,</span> <span class='ocrx_word' id='word_1_136' title='bbox 431 1232 486 1266; x_wconf 89' lang='lat' dir='ltr'>sed</span> <span class='ocrx_word' id='word_1_137' title='bbox 514 1231 698 1265; x_wconf 73' lang='lat' dir='ltr'>Anti‹tntsti</span> <span class='ocrx_word' id='word_1_138' title='bbox 726 1244 888 1278; x_wconf 58' lang='lat' dir='ltr'>sequacis</span> <span class='ocrx_word' id='word_1_139' title='bbox 915 1244 1011 1279; x_wconf 81' lang='lat' dir='ltr'>supet</span> 
     </span>
     <span class='ocr_line' id='line_1_47' title="bbox 260 1281 1011 1321; baseline 0.001 -6"><span class='ocrx_word' id='word_1_140' title='bbox 260 1294 329 1316; x_wconf 83' lang='lat' dir='ltr'>eain</span> <span class='ocrx_word' id='word_1_141' title='bbox 351 1282 541 1316; x_wconf 84' lang='lat' dir='ltr'>constituete</span> <span class='ocrx_word' id='word_1_142' title='bbox 564 1293 624 1315; x_wconf 88' lang='lat' dir='ltr'>non</span> <span class='ocrx_word' id='word_1_143' title='bbox 655 1290 817 1321; x_wconf 75' lang='lat' dir='ltr'>verentnr,</span> <span class='ocrx_word' id='word_1_144' title='bbox 840 1289 873 1314; x_wconf 93' lang='lat' dir='ltr'>ut</span> <span class='ocrx_word' id='word_1_145' title='bbox 896 1281 1011 1316; x_wconf 85' lang='lat' dir='ltr'>domus</span> 
     </span>
     <span class='ocr_line' id='line_1_48' title="bbox 260 1309 1008 1376; baseline 0.003 -12"><span class='ocrx_word' id='word_1_146' title='bbox 260 1330 318 1365; x_wconf 90' lang='lat' dir='ltr'>Dei</span> <span class='ocrx_word' id='word_1_147' title='bbox 340 1343 404 1366; x_wconf 90' lang='lat' dir='ltr'>non</span> <span class='ocrx_word' id='word_1_148' title='bbox 432 1331 545 1365; x_wconf 89' lang='lat' dir='ltr'>domus</span> <span class='ocrx_word' id='word_1_149' title='bbox 577 1331 750 1375; x_wconf 85' lang='lat' dir='ltr'>orationis,</span> <span class='ocrx_word' id='word_1_150' title='bbox 773 1309 827 1365; x_wconf 74' lang='lat' dir='ltr'>scil</span> <span class='ocrx_word' id='word_1_151' title='bbox 862 1331 1008 1376; x_wconf 87' lang='lat' dir='ltr'>spelunca</span> 
     </span>
     <span class='ocr_line' id='line_1_49' title="bbox 259 1380 1008 1423; baseline 0 -8"><span class='ocrx_word' id='word_1_152' title='bbox 259 1380 414 1415; x_wconf 85' lang='lat' dir='ltr'>latronum</span> <span class='ocrx_word' id='word_1_153' title='bbox 435 1381 562 1420; x_wconf 82' lang='lat' dir='ltr'>existat,</span> <span class='ocrx_word' id='word_1_154' title='bbox 581 1381 682 1415; x_wconf 85' lang='lat' dir='ltr'>necin</span> <span class='ocrx_word' id='word_1_155' title='bbox 707 1393 740 1414; x_wconf 88' lang='lat' dir='ltr'>ea</span> <span class='ocrx_word' id='word_1_156' title='bbox 761 1380 858 1414; x_wconf 85' lang='lat' dir='ltr'>forma</span> <span class='ocrx_word' id='word_1_157' title='bbox 878 1380 1008 1423; x_wconf 76' lang='lat' dir='ltr'>Christi,</span> 
     </span>
     <span class='ocr_line' id='line_1_50' title="bbox 260 1430 930 1465; baseline -0.003 0"><span class='ocrx_word' id='word_1_158' title='bbox 260 1430 315 1465; x_wconf 85' lang='lat' dir='ltr'>sed</span> <span class='ocrx_word' id='word_1_159' title='bbox 337 1430 529 1465; x_wconf 79' lang='lat' dir='ltr'>abominatio</span> <span class='ocrx_word' id='word_1_160' title='bbox 551 1430 754 1464; x_wconf 69' lang='lat' dir='ltr'>desolationis</span> <span class='ocrx_word' id='word_1_161' title='bbox 782 1430 930 1464; x_wconf 90' lang='lat' dir='ltr'>emineat.</span> 
     </span>
    </p>

    <p class='ocr_par' dir='ltr' id='par_1_25' title="bbox 249 1479 1010 2722">
     <span class='ocr_line' id='line_1_51' title="bbox 311 1479 1010 1527; baseline -0.001 -13"><span class='ocrx_word' id='word_1_162' title='bbox 311 1483 365 1514; x_wconf 73' lang='lat'>14.</span> <span class='ocrx_word' id='word_1_163' title='bbox 388 1480 451 1514; x_wconf 67' lang='lat' dir='ltr'>Sed</span> <span class='ocrx_word' id='word_1_164' title='bbox 474 1480 498 1514; x_wconf 89' lang='lat' dir='ltr'>si</span> <span class='ocrx_word' id='word_1_165' title='bbox 530 1480 736 1527; x_wconf 83' lang='lat' dir='ltr'>reipublicae,</span> <span class='ocrx_word' id='word_1_166' title='bbox 760 1488 896 1513; x_wconf 87' lang='lat' dir='ltr'>rectores</span> <span class='ocrx_word' id='word_1_167' title='bbox 929 1479 1010 1513; x_wconf 81' lang='lat' dir='ltr'>divi-</span> 
     </span>
     <span class='ocr_line' id='line_1_52' title="bbox 258 1536 1008 1576; baseline 0.001 -13"><span class='ocrx_word' id='word_1_168' title='bbox 258 1541 368 1564; x_wconf 86' lang='lat' dir='ltr'>norum</span> <span class='ocrx_word' id='word_1_169' title='bbox 389 1537 624 1576; x_wconf 72' lang='lat' dir='ltr'>contemptores</span> <span class='ocrx_word' id='word_1_170' title='bbox 640 1536 891 1575; x_wconf 82' lang='lat' dir='ltr'>praeceptorum,</span> <span class='ocrx_word' id='word_1_171' title='bbox 914 1538 1008 1576; x_wconf 85' lang='lat' dir='ltr'>atquc</span> 
     </span>
     <span class='ocr_line' id='line_1_53' title="bbox 257 1579 1010 1626; baseline 0 -13"><span class='ocrx_word' id='word_1_172' title='bbox 257 1586 395 1614; x_wconf 87' lang='lat' dir='ltr'>nostram</span> <span class='ocrx_word' id='word_1_173' title='bbox 407 1592 502 1626; x_wconf 82' lang='lat' dir='ltr'>supet·</span> <span class='ocrx_word' id='word_1_174' title='bbox 516 1580 572 1613; x_wconf 87' lang='lat' dir='ltr'>hac</span> <span class='ocrx_word' id='word_1_175' title='bbox 590 1592 620 1613; x_wconf 90' lang='lat' dir='ltr'>re</span> <span class='ocrx_word' id='word_1_176' title='bbox 636 1579 857 1613; x_wconf 80' lang='lat' dir='ltr'>decernentem</span> <span class='ocrx_word' id='word_1_177' title='bbox 871 1588 1010 1613; x_wconf 85' lang='lat' dir='ltr'>coutem-</span> 
     </span>
     <span class='ocr_line' id='line_1_54' title="bbox 255 1629 1008 1675; baseline 0.003 -13"><span class='ocrx_word' id='word_1_178' title='bbox 255 1637 366 1664; x_wconf 87' lang='lat' dir='ltr'>nentes</span> <span class='ocrx_word' id='word_1_179' title='bbox 389 1629 616 1669; x_wconf 79' lang='lat' dir='ltr'>auctoritatem,</span> <span class='ocrx_word' id='word_1_180' title='bbox 641 1641 702 1662; x_wconf 87' lang='lat' dir='ltr'>uon</span> <span class='ocrx_word' id='word_1_181' title='bbox 730 1640 823 1675; x_wconf 85' lang='lat' dir='ltr'>quem</span> <span class='ocrx_word' id='word_1_182' title='bbox 855 1629 1008 1674; x_wconf 74' lang='lat' dir='ltr'>regularis</span> 
     </span>
     <span class='ocr_line' id='line_1_55' title="bbox 256 1678 1008 1725; baseline 0 -12"><span class='ocrx_word' id='word_1_183' title='bbox 256 1678 367 1714; x_wconf 83' lang='lat' dir='ltr'>electio</span> <span class='ocrx_word' id='word_1_184' title='bbox 382 1678 569 1721; x_wconf 71' lang='lat' dir='ltr'>deciettiit,</span> <span class='ocrx_word' id='word_1_185' title='bbox 585 1678 638 1713; x_wconf 91' lang='lat' dir='ltr'>sed</span> <span class='ocrx_word' id='word_1_186' title='bbox 656 1691 750 1725; x_wconf 83' lang='lat' dir='ltr'>quem</span> <span class='ocrx_word' id='word_1_187' title='bbox 773 1690 881 1712; x_wconf 85' lang='lat' dir='ltr'>eorum</span> <span class='ocrx_word' id='word_1_188' title='bbox 904 1678 1008 1713; x_wconf 81' lang='lat' dir='ltr'>‹lomi—</span> 
     </span>
     <span class='ocr_line' id='line_1_56' title="bbox 256 1707 1008 1775; baseline 0.001 -13"><span class='ocrx_word' id='word_1_189' title='bbox 256 1729 338 1763; x_wconf 88' lang='lat' dir='ltr'>natio</span> <span class='ocrx_word' id='word_1_190' title='bbox 372 1729 522 1773; x_wconf 79' lang='lat' dir='ltr'>voluerit,</span> <span class='ocrx_word' id='word_1_191' title='bbox 560 1707 603 1762; x_wconf 80' lang='lat' dir='ltr'>illi</span> <span class='ocrx_word' id='word_1_192' title='bbox 631 1728 846 1775; x_wconf 73' lang='lat' dir='ltr'>praeposuerit</span> <span class='ocrx_word' id='word_1_193' title='bbox 872 1740 1008 1774; x_wconf 79' lang='lat' dir='ltr'>congie-</span> 
     </span>
     <span class='ocr_line' id='line_1_57' title="bbox 255 1777 1006 1824; baseline 0 -12"><span class='ocrx_word' id='word_1_194' title='bbox 255 1778 386 1823; x_wconf 80' lang='lat' dir='ltr'>gationi,</span> <span class='ocrx_word' id='word_1_195' title='bbox 404 1778 549 1813; x_wconf 87' lang='lat' dir='ltr'>monachi</span> <span class='ocrx_word' id='word_1_196' title='bbox 573 1778 632 1812; x_wconf 90' lang='lat' dir='ltr'>loci</span> <span class='ocrx_word' id='word_1_197' title='bbox 648 1777 789 1812; x_wconf 83' lang='lat' dir='ltr'>eiusdem</span> <span class='ocrx_word' id='word_1_198' title='bbox 807 1777 1006 1824; x_wconf 80' lang='lat' dir='ltr'>episcopum,</span> 
     </span>
     <span class='ocr_line' id='line_1_58' title="bbox 255 1827 1006 1873; baseline 0 -12"><span class='ocrx_word' id='word_1_199' title='bbox 255 1827 292 1861; x_wconf 86' lang='lat' dir='ltr'>ad</span> <span class='ocrx_word' id='word_1_200' title='bbox 317 1828 407 1862; x_wconf 88' lang='lat' dir='ltr'>cuius</span> <span class='ocrx_word' id='word_1_201' title='bbox 428 1828 595 1862; x_wconf 85' lang='lat' dir='ltr'>dioecesim</span> <span class='ocrx_word' id='word_1_202' title='bbox 613 1827 836 1862; x_wconf 73' lang='lat' dir='ltr'>monasterium</span> <span class='ocrx_word' id='word_1_203' title='bbox 861 1827 1006 1873; x_wconf 87' lang='lat' dir='ltr'>pertinet</span> 
     </span>
     <span class='ocr_line' id='line_1_59' title="bbox 255 1877 1005 1923; baseline 0 -12"><span class='ocrx_word' id='word_1_204' title='bbox 255 1877 439 1921; x_wconf 72' lang='lat' dir='ltr'>obsecrent,</span> <span class='ocrx_word' id='word_1_205' title='bbox 462 1886 493 1911; x_wconf 92' lang='lat' dir='ltr'>ut</span> <span class='ocrx_word' id='word_1_206' title='bbox 520 1886 571 1911; x_wconf 85' lang='lat' dir='ltr'>aut</span> <span class='ocrx_word' id='word_1_207' title='bbox 599 1890 653 1923; x_wconf 82' lang='lat' dir='ltr'>per</span> <span class='ocrx_word' id='word_1_208' title='bbox 677 1877 838 1923; x_wconf 82' lang='lat' dir='ltr'>seipsum,</span> <span class='ocrx_word' id='word_1_209' title='bbox 861 1884 914 1911; x_wconf 89' lang='lat' dir='ltr'>aut</span> <span class='ocrx_word' id='word_1_210' title='bbox 947 1890 1005 1911; x_wconf 89' lang='lat' dir='ltr'>nna</span> 
     </span>
     <span class='ocr_line' id='line_1_60' title="bbox 254 1926 1005 1973; baseline 0.001 -13"><span class='ocrx_word' id='word_1_211' title='bbox 254 1939 326 1961; x_wconf 90' lang='lat' dir='ltr'>cum</span> <span class='ocrx_word' id='word_1_212' title='bbox 349 1927 395 1962; x_wconf 88' lang='lat' dir='ltr'>eis</span> <span class='ocrx_word' id='word_1_213' title='bbox 417 1927 454 1961; x_wconf 88' lang='lat' dir='ltr'>ad</span> <span class='ocrx_word' id='word_1_214' title='bbox 483 1927 755 1973; x_wconf 85' lang='lat' dir='ltr'>archiepiscopum</span> <span class='ocrx_word' id='word_1_215' title='bbox 792 1926 1005 1961; x_wconf 72' lang='lat' dir='ltr'>Rliemensem</span> 
     </span>
     <span class='ocr_line' id='line_1_61' title="bbox 255 1976 1007 2023; baseline 0.001 -13"><span class='ocrx_word' id='word_1_216' title='bbox 255 1976 407 2021; x_wconf 84' lang='lat' dir='ltr'>reserant,</span> <span class='ocrx_word' id='word_1_217' title='bbox 433 1984 527 2023; x_wconf 81' lang='lat' dir='ltr'>atque</span> <span class='ocrx_word' id='word_1_218' title='bbox 557 1976 647 2011; x_wconf 87' lang='lat' dir='ltr'>simul</span> <span class='ocrx_word' id='word_1_219' title='bbox 683 1977 856 2023; x_wconf 83' lang='lat' dir='ltr'>principem</span> <span class='ocrx_word' id='word_1_220' title='bbox 891 1989 1007 2011; x_wconf 78' lang='lat' dir='ltr'>conve-</span> 
     </span>
     <span class='ocr_line' id='line_1_62' title="bbox 254 2026 1006 2073; baseline 0.001 -13"><span class='ocrx_word' id='word_1_221' title='bbox 254 2026 357 2068; x_wconf 88' lang='lat' dir='ltr'>niant,</span> <span class='ocrx_word' id='word_1_222' title='bbox 379 2035 410 2061; x_wconf 90' lang='lat' dir='ltr'>et</span> <span class='ocrx_word' id='word_1_223' title='bbox 430 2038 502 2061; x_wconf 89' lang='lat' dir='ltr'>eum</span> <span class='ocrx_word' id='word_1_224' title='bbox 526 2039 620 2073; x_wconf 87' lang='lat' dir='ltr'>super</span> <span class='ocrx_word' id='word_1_225' title='bbox 643 2026 900 2072; x_wconf 72' lang='lat' dir='ltr'>transgressionis</span> <span class='ocrx_word' id='word_1_226' title='bbox 932 2039 1006 2061; x_wconf 87' lang='lat' dir='ltr'>suae</span> 
     </span>
     <span class='ocr_line' id='line_1_63' title="bbox 255 2076 1006 2123; baseline 0 -13"><span class='ocrx_word' id='word_1_227' title='bbox 255 2076 392 2123; x_wconf 81' lang='lat' dir='ltr'>pericula</span> <span class='ocrx_word' id='word_1_228' title='bbox 414 2083 646 2110; x_wconf 86' lang='lat' dir='ltr'>commoneant.</span> <span class='ocrx_word' id='word_1_229' title='bbox 669 2076 762 2117; x_wconf 80' lang='lat' dir='ltr'>Quod</span> <span class='ocrx_word' id='word_1_230' title='bbox 785 2076 809 2109; x_wconf 90' lang='lat' dir='ltr'>si</span> <span class='ocrx_word' id='word_1_231' title='bbox 834 2076 1006 2123; x_wconf 78' lang='lat' dir='ltr'>episeopus</span> 
     </span>
     <span class='ocr_line' id='line_1_64' title="bbox 254 2125 1006 2173; baseline 0.001 -14"><span class='ocrx_word' id='word_1_232' title='bbox 254 2125 410 2161; x_wconf 89' lang='lat' dir='ltr'>dioecesis</span> <span class='ocrx_word' id='word_1_233' title='bbox 432 2126 513 2161; x_wconf 92' lang='lat' dir='ltr'>illius</span> <span class='ocrx_word' id='word_1_234' title='bbox 540 2135 591 2160; x_wconf 84' lang='lat' dir='ltr'>aut</span> <span class='ocrx_word' id='word_1_235' title='bbox 614 2134 742 2173; x_wconf 85' lang='lat' dir='ltr'>propter</span> <span class='ocrx_word' id='word_1_236' title='bbox 764 2126 924 2166; x_wconf 84' lang='lat' dir='ltr'>timorem,</span> <span class='ocrx_word' id='word_1_237' title='bbox 955 2135 1006 2160; x_wconf 85' lang='lat' dir='ltr'>aut</span> 
     </span>
     <span class='ocr_line' id='line_1_65' title="bbox 255 2174 1004 2223; baseline 0.001 -14"><span class='ocrx_word' id='word_1_238' title='bbox 255 2174 391 2210; x_wconf 85' lang='lat' dir='ltr'>savorem</span> <span class='ocrx_word' id='word_1_239' title='bbox 412 2176 581 2223; x_wconf 89' lang='lat' dir='ltr'>principis,</span> <span class='ocrx_word' id='word_1_240' title='bbox 599 2183 652 2210; x_wconf 86' lang='lat' dir='ltr'>aut</span> <span class='ocrx_word' id='word_1_241' title='bbox 675 2184 803 2223; x_wconf 85' lang='lat' dir='ltr'>propter</span> <span class='ocrx_word' id='word_1_242' title='bbox 825 2175 1004 2222; x_wconf 87' lang='lat' dir='ltr'>impruden-</span> 
     </span>
     <span class='ocr_line' id='line_1_66' title="bbox 255 2225 1004 2272; baseline 0.003 -14"><span class='ocrx_word' id='word_1_243' title='bbox 255 2225 346 2267; x_wconf 82' lang='lat' dir='ltr'>tiam,</span> <span class='ocrx_word' id='word_1_244' title='bbox 368 2227 414 2259; x_wconf 90' lang='lat' dir='ltr'>vel</span> <span class='ocrx_word' id='word_1_245' title='bbox 446 2226 608 2271; x_wconf 88' lang='lat' dir='ltr'>pastoralis</span> <span class='ocrx_word' id='word_1_246' title='bbox 641 2238 733 2260; x_wconf 82' lang='lat' dir='ltr'>curae</span> <span class='ocrx_word' id='word_1_247' title='bbox 762 2226 1004 2272; x_wconf 75' lang='lat' dir='ltr'>negligentiam,</span> 
     </span>
     <span class='ocr_line' id='line_1_67' title="bbox 254 2274 1005 2320; baseline 0.004 -13"><span class='ocrx_word' id='word_1_248' title='bbox 254 2274 334 2309; x_wconf 86' lang='lat' dir='ltr'>serre</span> <span class='ocrx_word' id='word_1_249' title='bbox 360 2276 512 2310; x_wconf 82' lang='lat' dir='ltr'>auxilium</span> <span class='ocrx_word' id='word_1_250' title='bbox 535 2275 581 2310; x_wconf 88' lang='lat' dir='ltr'>vel</span> <span class='ocrx_word' id='word_1_251' title='bbox 610 2275 761 2320; x_wconf 75' lang='lat' dir='ltr'>noluerit,</span> <span class='ocrx_word' id='word_1_252' title='bbox 785 2276 830 2310; x_wconf 64' lang='lat' dir='ltr'>iel</span> <span class='ocrx_word' id='word_1_253' title='bbox 859 2284 1005 2311; x_wconf 88' lang='lat' dir='ltr'>contem-</span> 
     </span>
     <span class='ocr_line' id='line_1_68' title="bbox 254 2303 1004 2379; baseline 0.004 -22"><span class='ocrx_word' id='word_1_254' title='bbox 254 2324 368 2370; x_wconf 85' lang='lat' dir='ltr'>pserit‚</span> <span class='ocrx_word' id='word_1_255' title='bbox 392 2325 501 2359; x_wconf 75' lang='lat' dir='ltr'>iratres</span> <span class='ocrx_word' id='word_1_256' title='bbox 525 2337 579 2372; x_wconf 84' lang='lat' dir='ltr'>per</span> <span class='ocrx_word' id='word_1_257' title='bbox 602 2325 724 2379; x_wconf 83' lang='lat' dir='ltr'>seipsos</span> <span class='ocrx_word' id='word_1_258' title='bbox 752 2303 925 2372; x_wconf 62' lang='lat' dir='ltr'>praefatum</span> <span class='ocrx_word' id='word_1_259' title='bbox 953 2338 1004 2360; x_wconf 80' lang='grc' dir='ltr'>ιιι-</span> 
     </span>
     <span class='ocr_line' id='line_1_69' title="bbox 253 2373 1004 2430; baseline 0 -23"><span class='ocrx_word' id='word_1_260' title='bbox 253 2373 512 2421; x_wconf 81' lang='lat' dir='ltr'>cliiepiscopum,</span> <span class='ocrx_word' id='word_1_261' title='bbox 540 2382 571 2409; x_wconf 91' lang='lat' dir='ltr'>et</span> <span class='ocrx_word' id='word_1_262' title='bbox 592 2386 712 2409; x_wconf 83' lang='lat' dir='ltr'>vicinos</span> <span class='ocrx_word' id='word_1_263' title='bbox 746 2375 1004 2430; x_wconf 77' lang='lat' dir='ltr'>archiepiscopos</span> 
     </span>
     <span class='ocr_line' id='line_1_70' title="bbox 252 2423 1004 2464; baseline 0.003 -7"><span class='ocrx_word' id='word_1_264' title='bbox 252 2423 386 2464; x_wconf 83' lang='lat' dir='ltr'>adeant,</span> <span class='ocrx_word' id='word_1_265' title='bbox 402 2432 431 2458; x_wconf 89' lang='lat' dir='ltr'>ct</span> <span class='ocrx_word' id='word_1_266' title='bbox 454 2424 694 2458; x_wconf 82' lang='lat' dir='ltr'>necessitudinis</span> <span class='ocrx_word' id='word_1_267' title='bbox 716 2437 790 2459; x_wconf 80' lang='lat' dir='ltr'>suae</span> <span class='ocrx_word' id='word_1_268' title='bbox 813 2437 939 2459; x_wconf 84' lang='lat' dir='ltr'>causam</span> <span class='ocrx_word' id='word_1_269' title='bbox 958 2425 1004 2459; x_wconf 88' lang='lat' dir='ltr'>eis</span> 
     </span>
     <span class='ocr_line' id='line_1_71' title="bbox 251 2472 1001 2520; baseline 0.004 -15"><span class='ocrx_word' id='word_1_270' title='bbox 251 2472 467 2513; x_wconf 76' lang='lat' dir='ltr'>manifestent</span> <span class='ocrx_word' id='word_1_271' title='bbox 502 2482 599 2520; x_wconf 81' lang='lat' dir='ltr'>utque</span> <span class='ocrx_word' id='word_1_272' title='bbox 633 2473 692 2508; x_wconf 87' lang='lat' dir='ltr'>sibi</span> <span class='ocrx_word' id='word_1_273' title='bbox 721 2474 820 2508; x_wconf 86' lang='lat' dir='ltr'>serant</span> <span class='ocrx_word' id='word_1_274' title='bbox 852 2475 1001 2509; x_wconf 78' lang='lat' dir='ltr'>auxilium</span> 
     </span>
     <span class='ocr_line' id='line_1_72' title="bbox 251 2523 1003 2571; baseline 0.004 -16"><span class='ocrx_word' id='word_1_275' title='bbox 251 2523 443 2569; x_wconf 83' lang='lat' dir='ltr'>supplicent.</span> <span class='ocrx_word' id='word_1_276' title='bbox 460 2523 727 2570; x_wconf 83' lang='lat' dir='ltr'>Archiepiscopus</span> <span class='ocrx_word' id='word_1_277' title='bbox 745 2532 848 2558; x_wconf 88' lang='lat' dir='ltr'>autem</span> <span class='ocrx_word' id='word_1_278' title='bbox 872 2524 942 2560; x_wconf 90' lang='lat' dir='ltr'>vel</span> <span class='ocrx_word' id='word_1_279' title='bbox 936 2536 1003 2571; x_wconf 85' lang='lat' dir='ltr'>ipse</span> 
     </span>
     <span class='ocr_line' id='line_1_73' title="bbox 211 2571 1003 2647; baseline 0.005 -42.207"><span class='ocrx_word' id='word_1_280' title='bbox 211 2571 356 2647; x_wconf 42' lang='lat' dir='ltr'>sotus,</span> <span class='ocrx_word' id='word_1_281' title='bbox 391 2572 439 2607; x_wconf 90' lang='lat' dir='ltr'>vel</span> <span class='ocrx_word' id='word_1_282' title='bbox 473 2585 545 2607; x_wconf 89' lang='lat' dir='ltr'>cum</span> <span class='ocrx_word' id='word_1_283' title='bbox 581 2573 710 2607; x_wconf 84' lang='lat' dir='ltr'>caeteris</span> <span class='ocrx_word' id='word_1_284' title='bbox 744 2573 902 2621; x_wconf 89' lang='lat' dir='ltr'>episcopis</span> <span class='ocrx_word' id='word_1_285' title='bbox 929 2586 1003 2609; x_wconf 87' lang='lat' dir='ltr'>suae</span> 
     </span>
     <span class='ocr_line' id='line_1_74' title="bbox 219 2621 1003 2670; baseline 0.005 -16.165"><span class='ocrx_word' id='word_1_286' title='bbox 219 2621 434 2656; x_wconf 86' lang='lat' dir='ltr'>dioeceseos</span> <span class='ocrx_word' id='word_1_287' title='bbox 454 2635 484 2656; x_wconf 83' lang='lat' dir='ltr'>re</span> <span class='ocrx_word' id='word_1_288' title='bbox 487 2635 523 2667; x_wconf 70' lang='lat' dir='ltr'>gt</span> <span class='ocrx_word' id='word_1_289' title='bbox 528 2635 556 2656; x_wconf 91' lang='lat' dir='ltr'>m</span> <span class='ocrx_word' id='word_1_290' title='bbox 573 2622 697 2662; x_wconf 86' lang='lat' dir='ltr'>adeant,</span> <span class='ocrx_word' id='word_1_291' title='bbox 713 2631 744 2657; x_wconf 87' lang='lat' dir='ltr'>et</span> <span class='ocrx_word' id='word_1_292' title='bbox 762 2636 857 2670; x_wconf 87' lang='lat' dir='ltr'>super</span> <span class='ocrx_word' id='word_1_293' title='bbox 872 2624 1003 2658; x_wconf 85' lang='lat' dir='ltr'>electio-</span> 
     </span>
     <span class='ocr_line' id='line_1_75' title="bbox 249 2671 1002 2722; baseline 0.007 -18"><span class='ocrx_word' id='word_1_294' title='bbox 249 2682 289 2706; x_wconf 84' lang='lat' dir='ltr'>ne</span> <span class='ocrx_word' id='word_1_295' title='bbox 311 2671 424 2708; x_wconf 80' lang='lat' dir='ltr'>violata</span> <span class='ocrx_word' id='word_1_296' title='bbox 447 2684 521 2707; x_wconf 86' lang='lat' dir='ltr'>etun</span> <span class='ocrx_word' id='word_1_297' title='bbox 550 2681 790 2718; x_wconf 79' lang='lat' dir='ltr'>commoneant,</span> <span class='ocrx_word' id='word_1_298' title='bbox 813 2682 909 2722; x_wconf 86' lang='lat' dir='ltr'>utque</span> <span class='ocrx_word' id='word_1_299' title='bbox 930 2686 1002 2709; x_wconf 88' lang='lat' dir='ltr'>cor-</span> 
     </span>
    </p>
   </div>
   <div class='ocr_carea' id='block_1_25' title="bbox 1108 277 1755 309">
    <p class='ocr_par' dir='ltr' id='par_1_26' title="bbox 1108 277 1755 309">
     <span class='ocr_line' id='line_1_76' title="bbox 1108 277 1755 309; baseline 0.005 -4"><span class='ocrx_word' id='word_1_300' title='bbox 1108 285 1141 305; x_wconf 78' lang='grc' dir='ltr'>ιιι</span> <span class='ocrx_word' id='word_1_301' title='bbox 1169 285 1217 306; x_wconf 66' lang='lat' dir='ltr'>rr.</span> <span class='ocrx_word' id='word_1_302' title='bbox 1692 277 1755 309; x_wconf 75' lang='lat'>501</span> 
     </span>
    </p>
   </div>
   <div class='ocr_carea' id='block_1_26' title="bbox 1061 339 1810 388">
    <p class='ocr_par' dir='ltr' id='par_1_27' title="bbox 1061 339 1810 388">
     <span class='ocr_line' id='line_1_77' title="bbox 1061 339 1810 388; baseline 0.007 -17"><span class='ocrx_word' id='word_1_303' title='bbox 1061 339 1161 382; x_wconf 59' lang='lat' dir='ltr'>rigere</span> <span class='ocrx_word' id='word_1_304' title='bbox 1183 339 1328 385; x_wconf 73' lang='lat' dir='ltr'>dignetur</span> <span class='ocrx_word' id='word_1_305' title='bbox 1351 348 1378 373; x_wconf 72' lang='lat' dir='ltr'>et</span> <span class='ocrx_word' id='word_1_306' title='bbox 1404 340 1506 374; x_wconf 76' lang='lat' dir='ltr'>terbis</span> <span class='ocrx_word' id='word_1_307' title='bbox 1528 342 1676 381; x_wconf 73' lang='lat' dir='ltr'>suadere,</span> <span class='ocrx_word' id='word_1_308' title='bbox 1699 351 1730 376; x_wconf 76' lang='lat' dir='ltr'>et</span> <span class='ocrx_word' id='word_1_309' title='bbox 1746 356 1810 388; x_wconf 73' lang='lat' dir='ltr'>pre-</span> 
     </span>
    </p>
   </div>
   <div class='ocr_carea' id='block_1_27' title="bbox 1059 388 1911 432">
    <p class='ocr_par' dir='ltr' id='par_1_28' title="bbox 1059 388 1911 432">
     <span class='ocr_line' id='line_1_78' title="bbox 1059 388 1911 432; baseline 0.007 -11"><span class='ocrx_word' id='word_1_310' title='bbox 1059 388 1149 421; x_wconf 68' lang='lat' dir='ltr'>cibus</span> <span class='ocrx_word' id='word_1_311' title='bbox 1164 388 1328 423; x_wconf 87' lang='lat' dir='ltr'>obsecrare</span> <span class='ocrx_word' id='word_1_312' title='bbox 1343 402 1404 423; x_wconf 90' lang='lat' dir='ltr'>uon</span> <span class='ocrx_word' id='word_1_313' title='bbox 1421 389 1583 425; x_wconf 78' lang='lat' dir='ltr'>desistant.</span> <span class='ocrx_word' id='word_1_314' title='bbox 1598 390 1689 432; x_wconf 80' lang='lat' dir='ltr'>Quod</span> <span class='ocrx_word' id='word_1_315' title='bbox 1714 392 1739 426; x_wconf 83' lang='lat' dir='ltr'>si</span> <span class='ocrx_word' id='word_1_316' title='bbox 1757 405 1810 427; x_wconf 88' lang='lat' dir='ltr'>eos</span> <span class='ocrx_word' id='word_1_317' title='bbox 1838 410 1859 431; x_wconf 67' lang='lat'>:3</span> <span class='ocrx_word' id='word_1_318' title='bbox 1889 418 1911 430; x_wconf 55' lang='lat' dir='ltr'>ff</span> 
     </span>
    </p>
   </div>
   <div class='ocr_carea' id='block_1_28' title="bbox 1058 438 1808 487">
    <p class='ocr_par' dir='ltr' id='par_1_29' title="bbox 1058 438 1808 487">
     <span class='ocr_line' id='line_1_79' title="bbox 1058 438 1808 487; baseline 0.005 -16"><span class='ocrx_word' id='word_1_319' title='bbox 1058 438 1166 471; x_wconf 81' lang='lat' dir='ltr'>audire</span> <span class='ocrx_word' id='word_1_320' title='bbox 1189 439 1430 485; x_wconf 69' lang='lat' dir='ltr'>contempserit,</span> <span class='ocrx_word' id='word_1_321' title='bbox 1449 452 1506 474; x_wconf 89' lang='lat' dir='ltr'>nec</span> <span class='ocrx_word' id='word_1_322' title='bbox 1522 441 1639 487; x_wconf 84' lang='lat' dir='ltr'>peccati</span> <span class='ocrx_word' id='word_1_323' title='bbox 1655 442 1701 474; x_wconf 90' lang='lat' dir='ltr'>sui</span> <span class='ocrx_word' id='word_1_324' title='bbox 1718 442 1808 476; x_wconf 91' lang='lat' dir='ltr'>corri-</span> 
     </span>
    </p>
   </div>
   <div class='ocr_carea' id='block_1_29' title="bbox 1058 487 1849 534">
    <p class='ocr_par' dir='ltr' id='par_1_30' title="bbox 1058 487 1849 534">
     <span class='ocr_line' id='line_1_80' title="bbox 1058 487 1849 534; baseline 0.008 -14.164"><span class='ocrx_word' id='word_1_325' title='bbox 1058 499 1095 527; x_wconf 61' lang='lat' dir='ltr'>ee</span> <span class='ocrx_word' id='word_1_326' title='bbox 1101 500 1131 521; x_wconf 91' lang='lat' dir='ltr'>re</span> <span class='ocrx_word' id='word_1_327' title='bbox 1147 487 1271 534; x_wconf 89' lang='lat' dir='ltr'>culpam</span> <span class='ocrx_word' id='word_1_328' title='bbox 1290 488 1450 529; x_wconf 86' lang='lat' dir='ltr'>maluerit,</span> <span class='ocrx_word' id='word_1_329' title='bbox 1472 490 1810 527; x_wconf 81' lang='lat' dir='ltr'>excommunicationis</span> <span class='ocrx_word' id='word_1_330' title='bbox 1838 491 1849 503; x_wconf 72' lang='lat'>¹&#39;</span> 
     </span>
    </p>
   </div>
   <div class='ocr_carea' id='block_1_30' title="bbox 1055 536 1843 686">
    <p class='ocr_par' dir='ltr' id='par_1_31' title="bbox 1056 536 1808 684">
     <span class='ocr_line' id='line_1_81' title="bbox 1056 536 1808 587; baseline 0.008 -18"><span class='ocrx_word' id='word_1_331' title='bbox 1056 536 1246 582; x_wconf 87' lang='lat' dir='ltr'>apostolicae</span> <span class='ocrx_word' id='word_1_332' title='bbox 1269 538 1455 572; x_wconf 84' lang='lat' dir='ltr'>sententiam</span> <span class='ocrx_word' id='word_1_333' title='bbox 1479 539 1646 574; x_wconf 89' lang='lat' dir='ltr'>damnatus</span> <span class='ocrx_word' id='word_1_334' title='bbox 1666 541 1808 587; x_wconf 85' lang='lat' dir='ltr'>excipiat.</span> 
     </span>
     <span class='ocr_line' id='line_1_82' title="bbox 1056 584 1808 644; baseline 0.009 -26.009"><span class='ocrx_word' id='word_1_335' title='bbox 1056 584 1089 618; x_wconf 82' lang='lat' dir='ltr'>Si</span> <span class='ocrx_word' id='word_1_336' title='bbox 1114 598 1185 620; x_wconf 85' lang='lat' dir='ltr'>veto</span> <span class='ocrx_word' id='word_1_337' title='bbox 1204 586 1251 620; x_wconf 91' lang='lat' dir='ltr'>vel</span> <span class='ocrx_word' id='word_1_338' title='bbox 1271 587 1440 634; x_wconf 85' lang='lat' dir='ltr'>episcopus</span> <span class='ocrx_word' id='word_1_339' title='bbox 1458 588 1548 623; x_wconf 90' lang='lat' dir='ltr'>cuius</span> <span class='ocrx_word' id='word_1_340' title='bbox 1568 590 1730 644; x_wconf 84' lang='lat' dir='ltr'>parrochia</span> <span class='ocrx_word' id='word_1_341' title='bbox 1750 599 1808 631; x_wconf 87' lang='lat' dir='ltr'>est</span> 
     </span>
     <span class='ocr_line' id='line_1_83' title="bbox 1055 635 1843 686; baseline 0.008 -18.008"><span class='ocrx_word' id='word_1_342' title='bbox 1055 643 1107 669; x_wconf 87' lang='lat' dir='ltr'>aut</span> <span class='ocrx_word' id='word_1_343' title='bbox 1129 635 1388 684; x_wconf 83' lang='lat' dir='ltr'>archiepiscopus</span> <span class='ocrx_word' id='word_1_344' title='bbox 1410 645 1463 671; x_wconf 89' lang='lat' dir='ltr'>aut</span> <span class='ocrx_word' id='word_1_345' title='bbox 1486 639 1599 673; x_wconf 91' lang='lat' dir='ltr'>caeteri</span> <span class='ocrx_word' id='word_1_346' title='bbox 1620 640 1843 686; x_wconf 81' lang='lat' dir='ltr'>suflraganei</span> 
     </span>
    </p>
   </div>
   <div class='ocr_carea' id='block_1_31' title="bbox 1056 685 1938 733">
    <p class='ocr_par' dir='ltr' id='par_1_32' title="bbox 1056 685 1938 733">
     <span class='ocr_line' id='line_1_84' title="bbox 1056 685 1938 733; baseline 0.008 -16"><span class='ocrx_word' id='word_1_347' title='bbox 1056 685 1250 731; x_wconf 77' lang='lat' dir='ltr'>negligentes</span> <span class='ocrx_word' id='word_1_348' title='bbox 1281 698 1378 733; x_wconf 87' lang='lat' dir='ltr'>super</span> <span class='ocrx_word' id='word_1_349' title='bbox 1410 686 1469 721; x_wconf 90' lang='lat' dir='ltr'>hoc</span> <span class='ocrx_word' id='word_1_350' title='bbox 1496 687 1629 729; x_wconf 86' lang='lat' dir='ltr'>suerint,</span> <span class='ocrx_word' id='word_1_351' title='bbox 1652 697 1705 723; x_wconf 87' lang='lat' dir='ltr'>aut</span> <span class='ocrx_word' id='word_1_352' title='bbox 1725 701 1809 724; x_wconf 91' lang='lat' dir='ltr'>con-</span> <span class='ocrx_word' id='word_1_353' title='bbox 1840 699 1938 718; x_wconf 58' lang='grc' dir='ltr'>νήει-οι</span> 
     </span>
    </p>
   </div>
   <div class='ocr_carea' id='block_1_32' title="bbox 1056 716 1890 826">
    <p class='ocr_par' dir='ltr' id='par_1_33' title="bbox 1056 716 1890 826">
     <span class='ocr_line' id='line_1_85' title="bbox 1056 716 1877 790; baseline 0.01 -23"><span class='ocrx_word' id='word_1_354' title='bbox 1056 735 1256 788; x_wconf 77' lang='lat' dir='ltr'>tempseiint</span> <span class='ocrx_word' id='word_1_355' title='bbox 1281 743 1332 770; x_wconf 91' lang='lat' dir='ltr'>aut</span> <span class='ocrx_word' id='word_1_356' title='bbox 1355 736 1477 770; x_wconf 90' lang='lat' dir='ltr'>irritum</span> <span class='ocrx_word' id='word_1_357' title='bbox 1498 716 1661 778; x_wconf 82' lang='lat' dir='ltr'>duxeriiit,</span> <span class='ocrx_word' id='word_1_358' title='bbox 1684 739 1809 774; x_wconf 85' lang='lat' dir='ltr'>damna·</span> <span class='ocrx_word' id='word_1_359' title='bbox 1840 741 1877 790; x_wconf 31' lang='lat' dir='ltr'>&#39;rw</span> 
     </span>
     <span class='ocr_line' id='line_1_86' title="bbox 1056 784 1890 826; baseline 0.011 -10"><span class='ocrx_word' id='word_1_360' title='bbox 1056 784 1150 817; x_wconf 84' lang='lat' dir='ltr'>tionis</span> <span class='ocrx_word' id='word_1_361' title='bbox 1171 785 1262 818; x_wconf 86' lang='lat' dir='ltr'>euius</span> <span class='ocrx_word' id='word_1_362' title='bbox 1285 786 1458 820; x_wconf 86' lang='lat' dir='ltr'>sententiae</span> <span class='ocrx_word' id='word_1_363' title='bbox 1480 794 1646 822; x_wconf 88' lang='lat' dir='ltr'>teneantur</span> <span class='ocrx_word' id='word_1_364' title='bbox 1667 788 1807 826; x_wconf 82' lang='lat' dir='ltr'>obnoxii.</span> <span class='ocrx_word' id='word_1_365' title='bbox 1840 814 1890 825; x_wconf 58' lang='lat' dir='ltr'>...m</span> 
     </span>
    </p>
   </div>
   <div class='ocr_carea' id='block_1_33' title="bbox 1049 834 1808 1677">
    <p class='ocr_par' dir='ltr' id='par_1_34' title="bbox 1053 834 1808 1227">
     <span class='ocr_line' id='line_1_87' title="bbox 1055 834 1806 889; baseline 0.011 -23"><span class='ocrx_word' id='word_1_366' title='bbox 1055 845 1117 867; x_wconf 90' lang='lat' dir='ltr'>non</span> <span class='ocrx_word' id='word_1_367' title='bbox 1153 834 1308 889; x_wconf 76' lang='lat' dir='ltr'>ignorant.</span> <span class='ocrx_word' id='word_1_368' title='bbox 1346 834 1426 869; x_wconf 85' lang='lat' dir='ltr'>Dicit</span> <span class='ocrx_word' id='word_1_369' title='bbox 1454 836 1536 870; x_wconf 90' lang='lat' dir='ltr'>enim</span> <span class='ocrx_word' id='word_1_370' title='bbox 1573 836 1747 884; x_wconf 79' lang='lat' dir='ltr'>Propheta:</span> <span class='ocrx_word' id='word_1_371' title='bbox 1771 839 1806 874; x_wconf 89' lang='lat' dir='ltr'>Si</span> 
     </span>
     <span class='ocr_line' id='line_1_88' title="bbox 1054 884 1807 933; baseline 0.009 -17"><span class='ocrx_word' id='word_1_372' title='bbox 1054 894 1116 917; x_wconf 92' lang='lat' dir='ltr'>non</span> <span class='ocrx_word' id='word_1_373' title='bbox 1126 884 1362 918; x_wconf 78' lang='lat' dir='ltr'>annuntiaveris</span> <span class='ocrx_word' id='word_1_374' title='bbox 1378 885 1485 932; x_wconf 89' lang='lat' dir='ltr'>iniquo</span> <span class='ocrx_word' id='word_1_375' title='bbox 1498 886 1693 933; x_wconf 86' lang='lat' dir='ltr'>iniquitatem</span> <span class='ocrx_word' id='word_1_376' title='bbox 1705 900 1807 930; x_wconf 80' lang='lat' dir='ltr'>suam,</span> 
     </span>
     <span class='ocr_line' id='line_1_89' title="bbox 1053 933 1806 984; baseline 0.008 -18"><span class='ocrx_word' id='word_1_377' title='bbox 1053 933 1239 978; x_wconf 78' lang='lat' dir='ltr'>sanguinem</span> <span class='ocrx_word' id='word_1_378' title='bbox 1256 934 1324 968; x_wconf 90' lang='lat' dir='ltr'>eius</span> <span class='ocrx_word' id='word_1_379' title='bbox 1343 933 1382 968; x_wconf 89' lang='lat' dir='ltr'>de</span> <span class='ocrx_word' id='word_1_380' title='bbox 1403 947 1496 968; x_wconf 87' lang='lat' dir='ltr'>manu</span> <span class='ocrx_word' id='word_1_381' title='bbox 1512 943 1562 970; x_wconf 86' lang='lat' dir='ltr'>tua</span> <span class='ocrx_word' id='word_1_382' title='bbox 1578 937 1734 984; x_wconf 86' lang='lat' dir='ltr'>requiram</span> <span class='ocrx_word' id='word_1_383' title='bbox 1753 940 1782 981; x_wconf 86' lang='lat' dir='ltr'>(a</span> <span class='ocrx_word' id='word_1_384' title='bbox 1763 941 1806 982; x_wconf 90' lang='grc' dir='ltr'>α.)</span> 
     </span>
     <span class='ocr_line' id='line_1_90' title="bbox 1054 982 1807 1022; baseline 0.008 -6"><span class='ocrx_word' id='word_1_385' title='bbox 1054 982 1145 1017; x_wconf 88' lang='lat' dir='ltr'>Unde</span> <span class='ocrx_word' id='word_1_386' title='bbox 1172 983 1316 1018; x_wconf 73' lang='lat' dir='ltr'>noterint</span> <span class='ocrx_word' id='word_1_387' title='bbox 1343 995 1376 1018; x_wconf 89' lang='lat' dir='ltr'>se</span> <span class='ocrx_word' id='word_1_388' title='bbox 1399 984 1510 1018; x_wconf 88' lang='lat' dir='ltr'>eodem</span> <span class='ocrx_word' id='word_1_389' title='bbox 1538 985 1711 1021; x_wconf 83' lang='lat' dir='ltr'>vincendos</span> <span class='ocrx_word' id='word_1_390' title='bbox 1733 1000 1807 1022; x_wconf 84' lang='lat' dir='ltr'>ana-</span> 
     </span>
     <span class='ocr_line' id='line_1_91' title="bbox 1053 1032 1806 1082; baseline 0.008 -16"><span class='ocrx_word' id='word_1_391' title='bbox 1053 1032 1208 1073; x_wconf 86' lang='lat' dir='ltr'>themate</span> <span class='ocrx_word' id='word_1_392' title='bbox 1231 1033 1255 1067; x_wconf 91' lang='lat' dir='ltr'>si</span> <span class='ocrx_word' id='word_1_393' title='bbox 1280 1033 1477 1080; x_wconf 79' lang='lat' dir='ltr'>neglexerint</span> <span class='ocrx_word' id='word_1_394' title='bbox 1499 1047 1556 1081; x_wconf 90' lang='lat' dir='ltr'>pro</span> <span class='ocrx_word' id='word_1_395' title='bbox 1578 1048 1672 1082; x_wconf 77' lang='lat' dir='ltr'>grege</span> <span class='ocrx_word' id='word_1_396' title='bbox 1694 1036 1806 1071; x_wconf 90' lang='lat' dir='ltr'>domi-</span> 
     </span>
     <span class='ocr_line' id='line_1_92' title="bbox 1053 1061 1808 1130; baseline 0.009 -15"><span class='ocrx_word' id='word_1_397' title='bbox 1053 1082 1124 1117; x_wconf 90' lang='lat' dir='ltr'>nico</span> <span class='ocrx_word' id='word_1_398' title='bbox 1153 1061 1339 1130; x_wconf 53' lang='lat' dir='ltr'>pastorali?</span> <span class='ocrx_word' id='word_1_399' title='bbox 1342 1095 1436 1118; x_wconf 86' lang='lat' dir='ltr'>curae</span> <span class='ocrx_word' id='word_1_400' title='bbox 1457 1084 1692 1121; x_wconf 86' lang='lat' dir='ltr'>solicitudinem</span> <span class='ocrx_word' id='word_1_401' title='bbox 1717 1086 1808 1122; x_wconf 91' lang='lat' dir='ltr'>adhi-</span> 
     </span>
     <span class='ocr_line' id='line_1_93' title="bbox 1053 1131 1137 1167; baseline 0.012 -2"><span class='ocrx_word' id='word_1_402' title='bbox 1053 1131 1137 1167; x_wconf 84' lang='lat' dir='ltr'>bere.</span> 
     </span>
     <span class='ocr_line' id='line_1_94' title="bbox 1246 1182 1610 1227; baseline 0 -8"><span class='ocrx_word' id='word_1_403' title='bbox 1246 1186 1270 1226; x_wconf 52' lang='grc' dir='ltr'>ἦ·</span> <span class='ocrx_word' id='word_1_404' title='bbox 1292 1182 1564 1221; x_wconf 82' lang='lat' dir='ltr'>BENEDICTUS</span> <span class='ocrx_word' id='word_1_405' title='bbox 1587 1187 1610 1227; x_wconf 91' lang='lat'>†</span> 
     </span>
    </p>

    <p class='ocr_par' dir='ltr' id='par_1_35' title="bbox 1049 1230 1808 1677">
     <span class='ocr_line' id='line_1_95' title="bbox 1100 1230 1806 1279; baseline 0.008 -14"><span class='ocrx_word' id='word_1_406' title='bbox 1100 1230 1260 1278; x_wconf 84' lang='lat' dir='ltr'>Scriptum</span> <span class='ocrx_word' id='word_1_407' title='bbox 1271 1244 1326 1279; x_wconf 85' lang='lat' dir='ltr'>per</span> <span class='ocrx_word' id='word_1_408' title='bbox 1335 1245 1462 1267; x_wconf 89' lang='lat' dir='ltr'>manum</span> <span class='ocrx_word' id='word_1_409' title='bbox 1472 1233 1660 1268; x_wconf 88' lang='lat' dir='ltr'>Theodorici</span> <span class='ocrx_word' id='word_1_410' title='bbox 1671 1236 1806 1272; x_wconf 88' lang='lat' dir='ltr'>scrinia-</span> 
     </span>
     <span class='ocr_line' id='line_1_96' title="bbox 1053 1281 1806 1323; baseline 0.009 -9"><span class='ocrx_word' id='word_1_411' title='bbox 1053 1281 1088 1314; x_wconf 89' lang='lat' dir='ltr'>rii</span> <span class='ocrx_word' id='word_1_412' title='bbox 1101 1284 1144 1323; x_wconf 83' lang='lat' dir='ltr'>(l)</span> <span class='ocrx_word' id='word_1_413' title='bbox 1169 1290 1295 1316; x_wconf 79' lang='lat' dir='ltr'>sanctae</span> <span class='ocrx_word' id='word_1_414' title='bbox 1312 1294 1458 1317; x_wconf 82' lang='lat' dir='ltr'>romanae</span> <span class='ocrx_word' id='word_1_415' title='bbox 1474 1282 1634 1318; x_wconf 71' lang='lat' dir='ltr'>Ecclesiae</span> <span class='ocrx_word' id='word_1_416' title='bbox 1651 1284 1680 1318; x_wconf 89' lang='lat' dir='ltr'>in</span> <span class='ocrx_word' id='word_1_417' title='bbox 1698 1298 1806 1321; x_wconf 86' lang='lat' dir='ltr'>mense</span> 
     </span>
     <span class='ocr_line' id='line_1_97' title="bbox 1051 1330 1804 1380; baseline 0.007 -16"><span class='ocrx_word' id='word_1_418' title='bbox 1051 1330 1205 1372; x_wconf 77' lang='lat' dir='ltr'>octobrio</span> <span class='ocrx_word' id='word_1_419' title='bbox 1218 1331 1390 1366; x_wconf 84' lang='lat' dir='ltr'>indictione</span> <span class='ocrx_word' id='word_1_420' title='bbox 1404 1341 1523 1379; x_wconf 88' lang='lat' dir='ltr'>quarta.</span> <span class='ocrx_word' id='word_1_421' title='bbox 1538 1332 1780 1380; x_wconf 78' lang='lat' dir='ltr'>Benev⁶2.alete(</span> <span class='ocrx_word' id='word_1_422' title='bbox 1783 1340 1804 1376; x_wconf 83' lang='grc'>).</span> 
     </span>
     <span class='ocr_line' id='line_1_98' title="bbox 1051 1380 1808 1432; baseline 0.008 -18.072"><span class='ocrx_word' id='word_1_423' title='bbox 1051 1380 1165 1415; x_wconf 77' lang='lat' dir='ltr'>Actum</span> <span class='ocrx_word' id='word_1_424' title='bbox 1182 1381 1272 1415; x_wconf 87' lang='lat' dir='ltr'>nonis</span> <span class='ocrx_word' id='word_1_425' title='bbox 1287 1381 1426 1416; x_wconf 87' lang='lat' dir='ltr'>octobris</span> <span class='ocrx_word' id='word_1_426' title='bbox 1437 1394 1492 1429; x_wconf 87' lang='lat' dir='ltr'>per</span> <span class='ocrx_word' id='word_1_427' title='bbox 1507 1395 1634 1417; x_wconf 89' lang='lat' dir='ltr'>manum</span> <span class='ocrx_word' id='word_1_428' title='bbox 1648 1383 1808 1432; x_wconf 87' lang='lat' dir='ltr'>Theophi-</span> 
     </span>
     <span class='ocr_line' id='line_1_99' title="bbox 1052 1430 1806 1479; baseline 0.005 -16"><span class='ocrx_word' id='word_1_429' title='bbox 1052 1430 1076 1463; x_wconf 65' lang='lat' dir='ltr'>la*</span> <span class='ocrx_word' id='word_1_430' title='bbox 1070 1431 1120 1464; x_wconf 86' lang='lat' dir='ltr'>.cti</span> <span class='ocrx_word' id='word_1_431' title='bbox 1138 1431 1348 1465; x_wconf 74' lang='lat' dir='ltr'>Stcundicerii</span> <span class='ocrx_word' id='word_1_432' title='bbox 1364 1439 1490 1465; x_wconf 86' lang='lat' dir='ltr'>sanctae</span> <span class='ocrx_word' id='word_1_433' title='bbox 1504 1431 1587 1466; x_wconf 82' lang='lat' dir='ltr'>sedis</span> <span class='ocrx_word' id='word_1_434' title='bbox 1602 1435 1806 1479; x_wconf 81' lang='lat' dir='ltr'>apostolicae⁷</span> 
     </span>
     <span class='ocr_line' id='line_1_100' title="bbox 1052 1479 1806 1527; baseline 0.008 -14"><span class='ocrx_word' id='word_1_435' title='bbox 1052 1479 1228 1526; x_wconf 77' lang='lat' dir='ltr'>imperante</span> <span class='ocrx_word' id='word_1_436' title='bbox 1256 1480 1293 1514; x_wconf 93' lang='lat' dir='ltr'>D.</span> <span class='ocrx_word' id='word_1_437' title='bbox 1324 1480 1466 1527; x_wconf 87' lang='lat' dir='ltr'>piissimo</span> <span class='ocrx_word' id='word_1_438' title='bbox 1493 1481 1639 1527; x_wconf 78' lang='lat' dir='ltr'>Angusto</span> <span class='ocrx_word' id='word_1_439' title='bbox 1662 1483 1806 1519; x_wconf 88' lang='lat' dir='ltr'>Hlotario</span> 
     </span>
     <span class='ocr_line' id='line_1_101' title="bbox 1050 1529 1806 1579; baseline 0.008 -16"><span class='ocrx_word' id='word_1_440' title='bbox 1050 1542 1064 1563; x_wconf 90' lang='grc' dir='ltr'>ιι</span> <span class='ocrx_word' id='word_1_441' title='bbox 1083 1529 1211 1564; x_wconf 81' lang='lat' dir='ltr'>domino</span> <span class='ocrx_word' id='word_1_442' title='bbox 1227 1538 1377 1565; x_wconf 86' lang='lat' dir='ltr'>coronato</span> <span class='ocrx_word' id='word_1_443' title='bbox 1394 1530 1583 1577; x_wconf 89' lang='lat' dir='ltr'>imperatore</span> <span class='ocrx_word' id='word_1_444' title='bbox 1598 1532 1712 1579; x_wconf 77' lang='lat' dir='ltr'>Magno</span> <span class='ocrx_word' id='word_1_445' title='bbox 1722 1546 1806 1569; x_wconf 89' lang='lat' dir='ltr'>anno</span> 
     </span>
     <span class='ocr_line' id='line_1_102' title="bbox 1051 1580 1804 1626; baseline 0.007 -13"><span class='ocrx_word' id='word_1_446' title='bbox 1051 1588 1200 1613; x_wconf 68' lang='lat' dir='ltr'>xxxtxet</span> <span class='ocrx_word' id='word_1_447' title='bbox 1217 1589 1286 1626; x_wconf 90' lang='lat' dir='ltr'>post</span> <span class='ocrx_word' id='word_1_448' title='bbox 1302 1580 1443 1614; x_wconf 89' lang='lat' dir='ltr'>eiusdem</span> <span class='ocrx_word' id='word_1_449' title='bbox 1457 1592 1574 1614; x_wconf 88' lang='lat' dir='ltr'>annum</span> <span class='ocrx_word' id='word_1_450' title='bbox 1596 1595 1703 1617; x_wconf 82' lang='lat' dir='ltr'>xxxix</span> <span class='ocrx_word' id='word_1_451' title='bbox 1719 1611 1727 1626; x_wconf 89' lang='lat'>,</span> <span class='ocrx_word' id='word_1_452' title='bbox 1750 1585 1804 1618; x_wconf 89' lang='lat' dir='ltr'>sed</span> 
     </span>
     <span class='ocr_line' id='line_1_103' title="bbox 1049 1629 1805 1677; baseline 0.007 -14"><span class='ocrx_word' id='word_1_453' title='bbox 1049 1637 1079 1663; x_wconf 81' lang='lat' dir='ltr'>et</span> <span class='ocrx_word' id='word_1_454' title='bbox 1094 1629 1273 1664; x_wconf 68' lang='lat' dir='ltr'>Illudoxieo</span> <span class='ocrx_word' id='word_1_455' title='bbox 1289 1641 1369 1664; x_wconf 91' lang='lat' dir='ltr'>novo</span> <span class='ocrx_word' id='word_1_456' title='bbox 1385 1630 1460 1677; x_wconf 87' lang='lat' dir='ltr'>imp.</span> <span class='ocrx_word' id='word_1_457' title='bbox 1479 1630 1548 1665; x_wconf 90' lang='lat' dir='ltr'>eius</span> <span class='ocrx_word' id='word_1_458' title='bbox 1564 1630 1630 1665; x_wconf 89' lang='lat' dir='ltr'>filio</span> <span class='ocrx_word' id='word_1_459' title='bbox 1643 1645 1726 1666; x_wconf 87' lang='lat' dir='ltr'>anno</span> <span class='ocrx_word' id='word_1_460' title='bbox 1746 1646 1805 1668; x_wconf 85' lang='lat' dir='ltr'>vn.</span> 
     </span>
    </p>
   </div>
   <div class='ocr_carea' id='block_1_34' title="bbox 1105 1687 1747 1767">
    <p class='ocr_par' dir='ltr' id='par_1_36' title="bbox 1105 1687 1747 1767">
     <span class='ocr_line' id='line_1_104' title="bbox 1105 1687 1747 1728; baseline 0.006 -12"><span class='ocrx_word' id='word_1_461' title='bbox 1105 1687 1166 1717; x_wconf 86' lang='lat' dir='ltr'>Dat.</span> <span class='ocrx_word' id='word_1_462' title='bbox 1186 1688 1232 1717; x_wconf 80' lang='lat' dir='ltr'>die</span> <span class='ocrx_word' id='word_1_463' title='bbox 1257 1688 1271 1716; x_wconf 80' lang='lat'><em>7</em></span> <span class='ocrx_word' id='word_1_464' title='bbox 1295 1687 1424 1717; x_wconf 76' lang='lat' dir='ltr'>octobris</span> <span class='ocrx_word' id='word_1_465' title='bbox 1448 1697 1523 1717; x_wconf 85' lang='lat' dir='ltr'>anno</span> <span class='ocrx_word' id='word_1_466' title='bbox 1546 1688 1661 1719; x_wconf 90' lang='lat' dir='ltr'>Domini</span> <span class='ocrx_word' id='word_1_467' title='bbox 1680 1690 1747 1728; x_wconf 89' lang='lat'>855,</span> 
     </span>
     <span class='ocr_line' id='line_1_105' title="bbox 1225 1727 1629 1767; baseline 0.008 -12"><span class='ocrx_word' id='word_1_468' title='bbox 1225 1728 1327 1767; x_wconf 85' lang='lat' dir='ltr'>pontif.</span> <span class='ocrx_word' id='word_1_469' title='bbox 1346 1727 1495 1757; x_wconf 77' lang='lat' dir='ltr'>Benedicti</span> <span class='ocrx_word' id='word_1_470' title='bbox 1515 1738 1590 1758; x_wconf 90' lang='lat' dir='ltr'>anno</span> <span class='ocrx_word' id='word_1_471' title='bbox 1610 1737 1629 1758; x_wconf 93' lang='lat'>1</span> 
     </span>
    </p>
   </div>
   <div class='ocr_carea' id='block_1_35' title="bbox 1402 1811 1455 1845">
    <p class='ocr_par' dir='ltr' id='par_1_37' title="bbox 1402 1811 1455 1845">
     <span class='ocr_line' id='line_1_106' title="bbox 1402 1811 1455 1845; baseline 0 0"><span class='ocrx_word' id='word_1_472' title='bbox 1402 1811 1455 1845; x_wconf 87' lang='grc' dir='ltr'><strong>ΙΙΙ.</strong></span> 
     </span>
    </p>
   </div>
   <div class='ocr_carea' id='block_1_36' title="bbox 1098 1870 1749 1965">
    <p class='ocr_par' dir='ltr' id='par_1_38' title="bbox 1098 1870 1749 1965">
     <span class='ocr_line' id='line_1_107' title="bbox 1200 1870 1652 1915; baseline 0 -12"><span class='ocrx_word' id='word_1_473' title='bbox 1200 1870 1400 1915; x_wconf 74' lang='lat' dir='ltr'>Confirmatio</span> <span class='ocrx_word' id='word_1_474' title='bbox 1418 1871 1652 1915; x_wconf 69' lang='lat' dir='ltr'>privi&#39;leqioram</span> 
     </span>
     <span class='ocr_line' id='line_1_108' title="bbox 1098 1921 1749 1965; baseline 0.003 -13"><span class='ocrx_word' id='word_1_475' title='bbox 1098 1921 1276 1954; x_wconf 67' lang='lat' dir='ltr'>azonastm&#39;i</span> <span class='ocrx_word' id='word_1_476' title='bbox 1301 1922 1336 1954; x_wconf 78' lang='lat' dir='ltr'>S.</span> <span class='ocrx_word' id='word_1_477' title='bbox 1376 1921 1520 1965; x_wconf 66' lang='lat' dir='ltr'>Dionysii</span> <span class='ocrx_word' id='word_1_478' title='bbox 1544 1921 1574 1954; x_wconf 80' lang='lat' dir='ltr'>in</span> <span class='ocrx_word' id='word_1_479' title='bbox 1603 1921 1749 1954; x_wconf 80' lang='lat' dir='ltr'>Francia.</span> 
     </span>
    </p>
   </div>
   <div class='ocr_carea' id='block_1_37' title="bbox 1320 1981 1534 2011">
    <p class='ocr_par' dir='ltr' id='par_1_39' title="bbox 1320 1981 1534 2011">
     <span class='ocr_line' id='line_1_109' title="bbox 1320 1981 1534 2011; baseline -0.005 0"><span class='ocrx_word' id='word_1_480' title='bbox 1320 1981 1534 2011; x_wconf 73' lang='lat' dir='ltr'>SUMMARIUM</span> 
     </span>
    </p>
   </div>
   <div class='ocr_carea' id='block_1_38' title="bbox 1047 2034 1801 2474">
    <p class='ocr_par' dir='ltr' id='par_1_40' title="bbox 1048 2034 1799 2185">
     <span class='ocr_line' id='line_1_110' title="bbox 1048 2034 1799 2065; baseline 0.003 -2"><span class='ocrx_word' id='word_1_481' title='bbox 1048 2035 1140 2064; x_wconf 84' lang='lat' dir='ltr'>Causa</span> <span class='ocrx_word' id='word_1_482' title='bbox 1167 2034 1378 2064; x_wconf 81' lang='lat' dir='ltr'>concessionis.</span> <span class='ocrx_word' id='word_1_483' title='bbox 1407 2052 1446 2056; x_wconf 97' lang='lat'><strong>—</strong></span> <span class='ocrx_word' id='word_1_484' title='bbox 1472 2034 1550 2064; x_wconf 88' lang='lat' dir='ltr'>Bona</span> <span class='ocrx_word' id='word_1_485' title='bbox 1575 2036 1745 2065; x_wconf 87' lang='lat' dir='ltr'>monasterii</span> <span class='ocrx_word' id='word_1_486' title='bbox 1769 2035 1799 2065; x_wconf 87' lang='lat' dir='ltr'>iu</span> 
     </span>
     <span class='ocr_line' id='line_1_111' title="bbox 1089 2075 1799 2113; baseline 0.006 -12"><span class='ocrx_word' id='word_1_487' title='bbox 1089 2076 1306 2113; x_wconf 82' lang='lat' dir='ltr'>possessionem</span> <span class='ocrx_word' id='word_1_488' title='bbox 1327 2075 1440 2105; x_wconf 86' lang='lat' dir='ltr'>abbatis</span> <span class='ocrx_word' id='word_1_489' title='bbox 1469 2075 1533 2105; x_wconf 86' lang='lat' dir='ltr'>sine</span> <span class='ocrx_word' id='word_1_490' title='bbox 1555 2076 1681 2105; x_wconf 87' lang='lat' dir='ltr'>alicuius</span> <span class='ocrx_word' id='word_1_491' title='bbox 1705 2076 1799 2105; x_wconf 87' lang='lat' dir='ltr'>mole-</span> 
     </span>
     <span class='ocr_line' id='line_1_112' title="bbox 1088 2115 1799 2146; baseline 0.004 -3"><span class='ocrx_word' id='word_1_492' title='bbox 1088 2116 1141 2144; x_wconf 74' lang='lat' dir='ltr'>stia</span> <span class='ocrx_word' id='word_1_493' title='bbox 1161 2116 1379 2145; x_wconf 78' lang='lat' dir='ltr'>confirimmtur.</span> <span class='ocrx_word' id='word_1_494' title='bbox 1392 2132 1431 2137; x_wconf 90' lang='lat'><em>-</em></span> <span class='ocrx_word' id='word_1_495' title='bbox 1442 2115 1603 2145; x_wconf 80' lang='lat' dir='ltr'>Anathema</span> <span class='ocrx_word' id='word_1_496' title='bbox 1615 2120 1716 2145; x_wconf 87' lang='lat' dir='ltr'>contra</span> <span class='ocrx_word' id='word_1_497' title='bbox 1727 2116 1799 2146; x_wconf 86' lang='lat' dir='ltr'>haee</span> 
     </span>
     <span class='ocr_line' id='line_1_113' title="bbox 1088 2155 1315 2185; baseline 0.004 -2"><span class='ocrx_word' id='word_1_498' title='bbox 1088 2155 1315 2185; x_wconf 82' lang='lat' dir='ltr'>inobservantes.</span> 
     </span>
    </p>

    <p class='ocr_par' dir='ltr' id='par_1_41' title="bbox 1047 2212 1801 2474">
     <span class='ocr_line' id='line_1_114' title="bbox 1047 2212 1799 2248; baseline 0.001 -8"><span class='ocrx_word' id='word_1_499' title='bbox 1047 2213 1202 2241; x_wconf 79' lang='lat' dir='ltr'>Benedictus</span> <span class='ocrx_word' id='word_1_500' title='bbox 1227 2212 1366 2248; x_wconf 81' lang='lat' dir='ltr'>episcopus</span> <span class='ocrx_word' id='word_1_501' title='bbox 1386 2220 1480 2241; x_wconf 83' lang='lat' dir='ltr'>servus</span> <span class='ocrx_word' id='word_1_502' title='bbox 1499 2220 1638 2242; x_wconf 77' lang='lat' dir='ltr'>servorum</span> <span class='ocrx_word' id='word_1_503' title='bbox 1662 2213 1707 2241; x_wconf 77' lang='lat' dir='ltr'>Dei</span> <span class='ocrx_word' id='word_1_504' title='bbox 1738 2213 1799 2241; x_wconf 75' lang='lat' dir='ltr'>Blu-</span> 
     </span>
     <span class='ocr_line' id='line_1_115' title="bbox 1091 2258 1800 2287; baseline 0.001 -2"><span class='ocrx_word' id='word_1_505' title='bbox 1091 2258 1182 2286; x_wconf 86' lang='lat' dir='ltr'>dovico</span> <span class='ocrx_word' id='word_1_506' title='bbox 1196 2258 1288 2286; x_wconf 78' lang='lat' dir='ltr'>abbati</span> <span class='ocrx_word' id='word_1_507' title='bbox 1300 2258 1463 2286; x_wconf 74' lang='lat' dir='ltr'>venerabilis</span> <span class='ocrx_word' id='word_1_508' title='bbox 1473 2259 1632 2287; x_wconf 81' lang='lat' dir='ltr'>monasterii</span> <span class='ocrx_word' id='word_1_509' title='bbox 1643 2259 1800 2287; x_wconf 80' lang='lat' dir='ltr'>sanctorum</span> 
     </span>
     <span class='ocr_line' id='line_1_116' title="bbox 1090 2303 1801 2337; baseline 0.001 -7"><span class='ocrx_word' id='word_1_510' title='bbox 1090 2305 1244 2337; x_wconf 79' lang='lat' dir='ltr'>martyrum</span> <span class='ocrx_word' id='word_1_511' title='bbox 1258 2303 1386 2337; x_wconf 80' lang='lat' dir='ltr'>Dionysii,</span> <span class='ocrx_word' id='word_1_512' title='bbox 1404 2303 1516 2336; x_wconf 78' lang='lat' dir='ltr'>Rustici.</span> <span class='ocrx_word' id='word_1_513' title='bbox 1537 2305 1564 2332; x_wconf 86' lang='lat' dir='ltr'>et</span> <span class='ocrx_word' id='word_1_514' title='bbox 1583 2303 1740 2337; x_wconf 79' lang='lat' dir='ltr'>Eleutherii,</span> <span class='ocrx_word' id='word_1_515' title='bbox 1755 2304 1801 2331; x_wconf 86' lang='lat' dir='ltr'>ubi</span> 
     </span>
     <span class='ocr_line' id='line_1_117' title="bbox 1091 2349 1801 2384; baseline 0.001 -8"><span class='ocrx_word' id='word_1_516' title='bbox 1091 2355 1182 2376; x_wconf 84' lang='lat' dir='ltr'>eorum</span> <span class='ocrx_word' id='word_1_517' title='bbox 1205 2355 1293 2376; x_wconf 73' lang='lat' dir='ltr'>saora-</span> <span class='ocrx_word' id='word_1_518' title='bbox 1308 2355 1420 2383; x_wconf 78' lang='lat' dir='ltr'>corpora</span> <span class='ocrx_word' id='word_1_519' title='bbox 1450 2349 1623 2384; x_wconf 78' lang='lat' dir='ltr'>requiescunt</span> <span class='ocrx_word' id='word_1_520' title='bbox 1638 2370 1645 2382; x_wconf 91' lang='lat'>,</span> <span class='ocrx_word' id='word_1_521' title='bbox 1675 2350 1703 2377; x_wconf 84' lang='lat' dir='ltr'>et</span> <span class='ocrx_word' id='word_1_522' title='bbox 1729 2349 1801 2377; x_wconf 83' lang='lat' dir='ltr'>omni</span> 
     </span>
     <span class='ocr_line' id='line_1_118' title="bbox 1091 2393 1800 2430; baseline 0 -9"><span class='ocrx_word' id='word_1_523' title='bbox 1091 2393 1295 2429; x_wconf 78' lang='lat' dir='ltr'>congregationi</span> <span class='ocrx_word' id='word_1_524' title='bbox 1311 2393 1429 2421; x_wconf 84' lang='lat' dir='ltr'>fidelium</span> <span class='ocrx_word' id='word_1_525' title='bbox 1447 2394 1647 2427; x_wconf 77' lang='lat' dir='ltr'>monachorum,</span> <span class='ocrx_word' id='word_1_526' title='bbox 1664 2400 1800 2430; x_wconf 81' lang='lat' dir='ltr'>quaecum</span> 
     </span>
     <span class='ocr_line' id='line_1_119' title="bbox 1091 2438 1800 2474; baseline 0 -8"><span class='ocrx_word' id='word_1_527' title='bbox 1091 2446 1121 2466; x_wconf 86' lang='lat' dir='ltr'>eo</span> <span class='ocrx_word' id='word_1_528' title='bbox 1140 2440 1192 2471; x_wconf 87' lang='lat' dir='ltr'>est,</span> <span class='ocrx_word' id='word_1_529' title='bbox 1204 2445 1258 2474; x_wconf 78' lang='lat' dir='ltr'>pax</span> <span class='ocrx_word' id='word_1_530' title='bbox 1271 2445 1286 2466; x_wconf 85' lang='lat' dir='ltr'>a</span> <span class='ocrx_word' id='word_1_531' title='bbox 1296 2438 1347 2467; x_wconf 87' lang='lat' dir='ltr'>Deo</span> <span class='ocrx_word' id='word_1_532' title='bbox 1358 2439 1437 2467; x_wconf 80' lang='lat' dir='ltr'>Patre</span> <span class='ocrx_word' id='word_1_533' title='bbox 1450 2440 1477 2467; x_wconf 88' lang='lat' dir='ltr'>et</span> <span class='ocrx_word' id='word_1_534' title='bbox 1489 2438 1597 2467; x_wconf 87' lang='lat' dir='ltr'>Domino</span> <span class='ocrx_word' id='word_1_535' title='bbox 1610 2439 1669 2467; x_wconf 79' lang='lat' dir='ltr'>lesu</span> <span class='ocrx_word' id='word_1_536' title='bbox 1684 2439 1800 2467; x_wconf 86' lang='lat' dir='ltr'>Christo.</span> 
     </span>
    </p>
   </div>
   <div class='ocr_carea' id='block_1_39' title="bbox 1047 2492 1800 2649">
    <p class='ocr_par' dir='ltr' id='par_1_42' title="bbox 1047 2492 1800 2649">
     <span class='ocr_line' id='line_1_120' title="bbox 1096 2492 1797 2539; baseline 0 -12"><span class='ocrx_word' id='word_1_537' title='bbox 1096 2493 1207 2535; x_wconf 85' lang='lat' dir='ltr'>Questi</span> <span class='ocrx_word' id='word_1_538' title='bbox 1223 2493 1309 2534; x_wconf 84' lang='lat' dir='ltr'>estis,</span> <span class='ocrx_word' id='word_1_539' title='bbox 1329 2493 1382 2527; x_wconf 85' lang='lat' dir='ltr'>filii</span> <span class='ocrx_word' id='word_1_540' title='bbox 1397 2494 1458 2527; x_wconf 91' lang='lat' dir='ltr'>mci</span> <span class='ocrx_word' id='word_1_541' title='bbox 1472 2492 1637 2537; x_wconf 89' lang='lat' dir='ltr'>carissimi,</span> <span class='ocrx_word' id='word_1_542' title='bbox 1656 2492 1742 2539; x_wconf 88' lang='lat' dir='ltr'>qnod</span> <span class='ocrx_word' id='word_1_543' title='bbox 1766 2492 1797 2527; x_wconf 90' lang='lat' dir='ltr'>in</span> 
     </span>
     <span class='ocr_line' id='line_1_121' title="bbox 1047 2542 1799 2590; baseline 0 -13"><span class='ocrx_word' id='word_1_544' title='bbox 1047 2544 1156 2587; x_wconf 86' lang='lat' dir='ltr'>terris,</span> <span class='ocrx_word' id='word_1_545' title='bbox 1179 2555 1257 2589; x_wconf 86' lang='lat' dir='ltr'>quas</span> <span class='ocrx_word' id='word_1_546' title='bbox 1272 2543 1356 2590; x_wconf 88' lang='lat' dir='ltr'>apud</span> <span class='ocrx_word' id='word_1_547' title='bbox 1376 2543 1497 2589; x_wconf 74' lang='lat' dir='ltr'>Anglos</span> <span class='ocrx_word' id='word_1_548' title='bbox 1518 2542 1660 2577; x_wconf 79' lang='lat' dir='ltr'>Saxones</span> <span class='ocrx_word' id='word_1_549' title='bbox 1683 2542 1799 2577; x_wconf 86' lang='lat' dir='ltr'>habere</span> 
     </span>
     <span class='ocr_line' id='line_1_122' title="bbox 1084 2613 1800 2649; baseline 0 -9"><span class='ocrx_word' id='word_1_550' title='bbox 1084 2614 1123 2649; x_wconf 67' lang='lat'>(³)</span> <span class='ocrx_word' id='word_1_551' title='bbox 1140 2615 1168 2640; x_wconf 86' lang='lat' dir='ltr'>ln</span> <span class='ocrx_word' id='word_1_552' title='bbox 1184 2614 1247 2641; x_wconf 87' lang='lat' dir='ltr'>edit.</span> <span class='ocrx_word' id='word_1_553' title='bbox 1260 2614 1353 2641; x_wconf 85' lang='lat' dir='ltr'>Conc.:</span> <span class='ocrx_word' id='word_1_554' title='bbox 1364 2616 1499 2640; x_wconf 69' lang='lat' dir='ltr'>notar-iic!</span> <span class='ocrx_word' id='word_1_555' title='bbox 1510 2616 1660 2640; x_wconf 75' lang='lat' dir='ltr'>scriniarii.</span> <span class='ocrx_word' id='word_1_556' title='bbox 1691 2613 1800 2648; x_wconf 72' lang='lat' dir='ltr'>(2)1tuc</span> 
     </span>
    </p>
   </div>
   <div class='ocr_carea' id='block_1_40' title="bbox 1048 2649 1800 2722">
    <p class='ocr_par' dir='ltr' id='par_1_43' title="bbox 1048 2649 1800 2722">
     <span class='ocr_line' id='line_1_123' title="bbox 1048 2649 1800 2684; baseline 0.003 -8"><span class='ocrx_word' id='word_1_557' title='bbox 1048 2658 1132 2684; x_wconf 80' lang='lat' dir='ltr'>usque</span> <span class='ocrx_word' id='word_1_558' title='bbox 1149 2650 1302 2682; x_wconf 77' lang='lat' dir='ltr'>Darlwrius3</span> <span class='ocrx_word' id='word_1_559' title='bbox 1319 2653 1422 2676; x_wconf 81' lang='lat' dir='ltr'>caetera</span> <span class='ocrx_word' id='word_1_560' title='bbox 1440 2649 1464 2674; x_wconf 91' lang='lat' dir='ltr'>in</span> <span class='ocrx_word' id='word_1_561' title='bbox 1481 2649 1545 2676; x_wconf 73' lang='lat' dir='ltr'>edit.</span> <span class='ocrx_word' id='word_1_562' title='bbox 1563 2649 1664 2677; x_wconf 84' lang='lat' dir='ltr'>Concil.</span> <span class='ocrx_word' id='word_1_563' title='bbox 1682 2649 1732 2677; x_wconf 87' lang='lat' dir='ltr'>loc.</span> <span class='ocrx_word' id='word_1_564' title='bbox 1753 2656 1800 2679; x_wconf 81' lang='lat' dir='ltr'>Su-</span> 
     </span>
     <span class='ocr_line' id='line_1_124' title="bbox 1048 2686 1497 2722; baseline -0.002 -9"><span class='ocrx_word' id='word_1_565' title='bbox 1048 2686 1141 2721; x_wconf 80' lang='lat' dir='ltr'>pracit.</span> <span class='ocrx_word' id='word_1_566' title='bbox 1180 2686 1219 2722; x_wconf 76' lang='lat' dir='ltr'>(a)</span> <span class='ocrx_word' id='word_1_567' title='bbox 1236 2686 1330 2713; x_wconf 75' lang='lat' dir='ltr'>Ezeclt.</span> <span class='ocrx_word' id='word_1_568' title='bbox 1348 2693 1388 2713; x_wconf 87' lang='grc' dir='ltr'>ιιι.</span> <span class='ocrx_word' id='word_1_569' title='bbox 1410 2686 1435 2711; x_wconf 78' lang='lat'>5.</span> <span class='ocrx_word' id='word_1_570' title='bbox 1453 2686 1497 2712; x_wconf 82' lang='lat'>55.</span> 
     </span>
    </p>
   </div>
   <div class='ocr_carea' id='block_1_41' title="bbox 1353 1778 1513 1786">
    <p class='ocr_par' dir='ltr' id='par_1_44' title="bbox 1353 1778 1513 1786">
     <span class='ocr_line' id='line_1_125' title="bbox 1353 1778 1513 1786; baseline 0 0"><span class='ocrx_word' id='word_1_571' title='bbox 1353 1778 1513 1786; x_wconf 95' lang='lat' dir='ltr'> </span> 
     </span>
    </p>
   </div>
  </div>
 </body>
</html>
