2237 3127
65 309 118 345 Au.
139 313 170 345 C.
197 315 248 344 495

259 392 264 410 ι
322 381 379 415 40.
405 377 474 415 Nec
493 391 574 436 opus
594 377 652 414 fuit
671 391 752 415 nova
779 380 900 428 synodo
917 407 925 421 ,
952 392 1025 415 cum

76 433 134 462 Ρη·
152 432 248 454 =¹⁸¹¹¹=¹·-
271 432 387 465 veteris
408 429 567 464 constituti
601 429 792 465 sufficienter
822 429 900 464 haec
926 429 1024 464 forma

65 471 95 491 tio
83 477 120 490 οιη
119 477 145 490 ἰιι
175 470 213 490 -lct

65 512 87 526 111
81 513 108 526 1111
127 504 148 525 ,1
150 504 199 526 ,11111
213 505 248 526 111
223 473 509 535 “praescriberem
524 491 583 514 nec
598 491 679 527 opus
690 479 759 524 fuit,
767 478 884 514 utbaec
896 478 1023 514 scienda

63 541 140 562 ιῑιωηι.
158 548 192 569 μ
197 548 233 561 soe
236 528 412 564 -Orientis
434 529 592 577 episcopis
614 529 783 570 intimaret
810 540 891 575 quos
912 529 1025 576 expul-

63 583 112 637 1111151
139 576 246 663 (11Ι1Γ1111111Ι1“1ζ’
270 579 393 614 sionem
424 578 663 633 catholicorum,
682 589 762 624 quae
795 578 999 624 agebantur
992 590 1021 612 in

90 643 136 664 ni«.
161 647 215 665 mm
271 640 365 663 causa
388 628 473 669 fidei,
485 640 548 662 non
572 628 731 674 ignorasse
749 627 949 662 manifestum
965 635 1022 669 est,

63 680 140 700 ·¹‘¹¹¹¹¹·
165 685 202 700 ¹¹¹
199 679 246 736 ¹¹2⁰
271 685 302 712 et
327 676 591 713 communicando
618 676 785 711 haereticis
818 676 998 722 subrogatis
1014 704 1023 721 ‚

62 721 213 773 pun!
238 727 352 773 ⁴‚facto
383 727 433 761 tali
467 726 664 761 consensisse
695 738 759 760 non
791 704 936 760 dubiumv
952 734 1022 767 est,

62 796 175 819 «4..qu
271 777 363 812 etiam
386 788 458 811 cum
485 783 631 810 externae
657 775 890 810 communionis
904 775 1023 810 effectis

271 838 330 861 nec
351 825 490 873 potuisse
504 852 514 869 ,
532 837 590 859 uec
609 824 757 859 debuisse
778 824 864 859 sedis
894 832 1024 871 aposto-

271 875 350 909 licae
378 874 454 909 scita
488 874 623 908 tractari.
656 874 738 908 Ecce
772 882 969 919 agnoverunt
990 874 1020 908 in

270 935 380 958 eorum
397 923 603 970 professione,
619 923 673 971 qui
689 923 943 957 constantissime
957 935 1024 969 per-

269 972 434 1013 durarunt,
444 972 527 1021 quod
537 972 911 1019 fidei700mmunionique
921 973 1023 1007 catho-

271 1022 352 1058 licae
373 1022 552 1057 deberetur.
566 1022 647 1057 Ecce
664 1030 860 1068 agnoverunt
872 1022 1023 1069 quemad-

270 1072 399 1107 modum
421 1071 564 1108 atalibus
577 1071 772 1112 recedendo,
790 1071 888 1106 immo
907 1071 1022 1106 talibus

270 1131 379 1157 contra
407 1122 565 1157 moliendo
585 1149 593 1162 ,
612 1134 628 1156 a
651 1121 713 1156 fide
734 1129 765 1156 et
793 1122 1021 1156 commuuione

269 1171 425 1206 catholica
452 1171 584 1207 deviarit
604 1171 734 1206 Acatius
748 1198 757 1215 ,
779 1183 878 1218 seque
906 1171 1022 1218 pariter

271 1234 342 1256 cum
357 1221 482 1266 eodem,
496 1221 593 1256 errori
607 1221 816 1256 subdiderint.
832 1220 914 1255 Ecce
929 1233 1022 1267 agno-

270 1278 385 1306 verunt
405 1283 499 1318 quam
526 1270 617 1306 iustis
638 1283 675 1305 ex
697 1271 812 1311 causis,
831 1278 862 1304 et
881 1283 936 1317 pro
959 1271 1020 1305 lide

271 1328 302 1355 et
324 1320 550 1356 communione
576 1320 731 1356 catholica
767 1328 860 1367 atque
890 1328 1022 1367 aposto-

271 1370 331 1405 lica
353 1370 425 1414 (cui,
447 1379 478 1405 et
498 1370 541 1405 illi
557 1370 609 1418 qui
628 1370 658 1404 in
674 1382 708 1404 ea
727 1370 928 1417 perstiterant
949 1382 1019 1404 con

269 1419 436 1466 gruebant,
460 1427 491 1454 et
512 1421 565 1467 qui
590 1432 645 1467 pro
664 1419 821 1454 stantibus
841 1419 1019 1460 obviabant,

271 1470 310 1503 ab
331 1469 441 1504 eadem
468 1469 665 1504 docebantur
691 1468 785 1503 alieni
803 1472 812 1512 )
835 1468 920 1503 sedis
941 1481 1020 1516 apo-

256 1518 398 1554 stolicae
424 1519 608 1554 auctoritate
635 1519 675 1553 sit
701 1525 841 1553 remotus
862 1518 992 1553 Acatius
1011 1546 1019 1560 ,

255 1568 306 1603 'ad
341 1568 434 1604 cuius
475 1569 645 1616 praecipue
683 1576 815 1603 vocatus
853 1580 985 1603 examen
1011 1596 1018 1609 ,

269 1618 316 1653 vel
342 1618 474 1659 venire,
496 1618 544 1653 vel
572 1619 696 1652 mittere
723 1630 786 1652 non
812 1618 957 1658 curavit,
986 1626 1019 1652 ut

268 1680 302 1702 se
347 1667 386 1703 de
429 1667 479 1703 his
520 1667 688 1709 omnibus,
737 1674 772 1702 ut
816 1667 1018 1706 confidebat

268 1717 442 1753 absolveret
459 1745 468 1763 ‚
502 1718 634 1765 eiusque
670 1716 787 1765 pariter
825 1709 1019 1764 quicumque.

268 1767 441 1815 complices
473 1767 667 1811 extiterunt,
689 1775 783 1814 atque
805 1767 843 1801 ab
871 1767 920 1801 ill-a
952 1779 1020 1801 me-

269 1817 327 1852 rito
357 1829 430 1852 cum
463 1817 513 1852 his
551 1816 778 1852 communione
804 1816 981 1860 discretus,
1003 1829 1018 1850 a

267 1878 329 1913 qua
357 1879 390 1901 se
416 1867 485 1913 ipse
514 1867 651 1913 primum
686 1878 758 1900 cum
785 1866 851 1901 suis
886 1878 1019 1900 consor-

267 1916 351 1951 tibus
375 1916 538 1951 catholicis
567 1914 771 1963 pontificibus
809 1914 1018 1962 discrepando

266 1966 469 2012 cognoscitur
481 1977 652 2012 separasse.
672 1964 808 2012 lureque
829 1965 1016 1999 sententiam

269 2014 320 2050 ille
342 2014 552 2050 damnationis
575 2015 707 2060 excepit,
735 2015 914 2061 caeterique
935 2027 1019 2049 con-

267 2072 369 2100 sortes
399 2077 471 2099 eum
499 2065 566 2099 suis
591 2064 793 2099 consortibus
814 2064 1019 2110 promulgan-

267 2114 351 2155 dam,
373 2115 426 2161 qui
449 2113 536 2149 solus
558 2126 612 2160 pro
634 2113 782 2148 omnibus
803 2114 869 2148 suis
890 2126 1020 2148 consor-

268 2163 353 2199 tibus
387 2165 418 2198 in
453 2163 676 2198 communione
699 2175 732 2198 se
754 2163 904 2198 recidisse
923 2163 1019 2210 perfi-

267 2213 363 2258 diae,
385 2213 422 2248 ad
450 2213 652 2260 apostolicam
680 2213 786 2247 sedem
815 2213 919 2248 missis
947 2213 1019 2247 lite-

267 2263 309 2297 ris
330 2272 376 2298 est
404 2263 575 2310 professus.
598 2261 657 2297 Cui
681 2262 802 2307 Acatio,
823 2262 849 2297 si
873 2275 1017 2297 commu-

266 2311 445 2347 nicaverant
470 2311 638 2347 orientales
659 2312 798 2359 episcopi
816 2340 823 2353 ,
850 2320 1017 2359 antequam

267 2361 330 2397 buc
350 2361 490 2403 referret,
512 2362 578 2409 pari
602 2361 710 2408 utique
731 2370 817 2396 reatu
837 2362 904 2396 sine
921 2361 1017 2396 dubio

268 2411 441 2459 probantur
458 2411 586 2454 involvi,
600 2411 730 2458 iureque
745 2424 800 2458 per
819 2411 906 2446 illum
922 2419 1018 2446 trans-

266 2461 436 2507 gressionis
461 2460 649 2495 sententiam
673 2469 881 2508 susceperunt
901 2488 909 2503 ,
938 2469 1018 2495 tam-

267 2522 359 2558 quam
374 2510 444 2545 sacti
456 2523 528 2545 cum
544 2510 655 2545 eodem
666 2510 899 2545 communionis
920 2518 1018 2545 exter

267 2572 325 2595 uae
329 2560 513 2615 ,quiuttique
524 2572 585 2595 non
597 2559 718 2595 consuli
729 2568 1018 2607 tamquamnostrae

266 2609 680 2654 communionisliomines,
698 2609 757 2644 iam
773 2609 947 2653 deberent,
962 2609 1016 2644 sed

267 2669 416 2706 tanquam
441 2659 471 2694 in
499 2659 658 2694 consortio
682 2659 786 2706 positi,
809 2660 838 2694 in
863 2659 1019 2694 contrario

267 2709 404 2744 refutari.
422 2708 455 2744 Si
471 2721 544 2744 v'eto
556 2720 619 2743 non
634 2709 943 2745 communicaverant
960 2721 1020 2744 an—

343 2765 603 2797 Bu11.R0m.V0l
628 2765 675 2808 15‘
698 2781 711 2785 -
749 2765 809 2805 16

865 324 890 348 S.
919 324 1105 349 GELASIUSI
1135 325 1182 348 ΡΙ).

1689 317 1754 349 Ι191

1067 387 1194 427 tequam
1207 380 1336 415 Acatius
1348 380 1410 414 huc
1421 379 1566 425 referret,
1581 390 1611 417 et
1638 382 1819 416 communi-

1067 437 1188 464 cantem
1212 438 1319 465 notare
1341 429 1539 476 debuerant,
1561 438 1592 465 et
1615 431 1672 478 ipsi
1696 431 1734 465 de
1765 444 1819 466 co-

1067 479 1138 514 dem
1163 480 1266 526 potius
1289 479 1351 514 huc
1378 480 1492 514 referre
1508 507 1517 524 ,
1551 489 1644 528 atque
1667 481 1818 527 apostoli-

1065 541 1119 563 cae
1142 529 1226 563 sedis
1242 530 1350 575 vigore
1374 530 1571 576 perculsum,
1596 530 1707 565 merito
1730 543 1818 564 com-

1066 578 1235 624 probaret,
1267 591 1402 625 cumque
1437 591 1470 613 ca
1509 579 1583 614 sede
1622 580 1818 626 apostolica,

1064 628 1223 675 tantisque
1244 628 1306 662 illis
1328 628 1491 663 catholicis
1519 629 1722 675 pontificibus
1757 642 1818 663 ma-

1064 677 1113 722 gis
1135 685 1240 712 tenere
1274 678 1486 712 concordiam.
1515 678 1578 713 Sed
1602 679 1673 725 quia
1701 678 1740 713 ab
1775 679 1817 712 il—

1066 726 1166 760 lorum
1201 727 1349 761 societate
1386 727 1614 766 desciverant,
1643 737 1673 762 et
1706 740 1814 762 eorum

1064 776 1301 810 successoribus
1336 777 1571 812 communicare
1606 777 1816 823 delegerant,

1065 824 1136 859 ideo
1162 838 1232 859 cum
1262 825 1336 860 sede
1362 826 1533 873 apostolica
1573 826 1704 861 minime
1739 839 1816 861 con—

1064 874 1228 920 gruebant,
1252 875 1324 922 quia
1347 876 1375 909 in
1400 883 1515 909 sortem
1532 876 1708 910 reciderant
1726 889 1816 923 prae-

1064 924 1245 959 varicatoris
1280 925 1404 965 Acatii,
1432 934 1461 959 et
1484 924 1568 959 illius
1595 937 1627 959 sc
1656 925 1723 959 sine
1756 926 1816 959 du—

1064 972 1115 1007 bio
1137 973 1363 1020 praevidebant
1390 974 1543 1008 sententia
1585 983 1816 1021 consequenter

1063 1023 1204 1069 astringi.
1228 1022 1278 1057 Ob
1301 1024 1361 1058 hoe
1382 1036 1453 1058 eum
1471 1023 1568 1057 videri
1587 1023 1734 1058 uolebant
1749 1037 1817 1059 csse

1064 1071 1272 1113 damnatum,
1294 1074 1366 1120 quia
1390 1085 1423 1108 se
1450 1073 1684 1119 cognoscebant
1712 1074 1741 1108 iu
1765 1087 1817 1108 ea-

1064 1121 1134 1156 dem
1167 1123 1435 1169 praevaricatione
1469 1123 1662 1167 damnatos,
1688 1123 1717 1157 in
1754 1136 1815 1171 qua

1064 1171 1156 1206 bodie
1177 1184 1303 1219 quoque
1330 1185 1457 1207 manere
1477 1172 1659 1220 persistunt.
1683 1172 1745 1208 Sed
1770 1174 1816 1207 si-

1063 1230 1115 1256 cut
1140 1221 1159 1255 ii
1179 1222 1273 1256 simili
1289 1223 1467 1257 conditione
1492 1223 1664 1263 constricti,
1679 1223 1816 1269 compli-

1063 1283 1130 1305 cem
1153 1284 1245 1306 suum
1266 1285 1326 1306 non
1352 1280 1484 1319 possunt
1507 1271 1644 1307 iudicare
1663 1284 1724 1306 nou
1750 1285 1816 1306 ture

1062 1320 1258 1363 damnatum,
1281 1334 1384 1369 neque
1409 1334 1495 1356 reum
1524 1329 1657 1377 possunt
1682 1334 1813 1377 compe-

1062 1378 1163 1405 tenter
1189 1371 1363 1415 absolvere,
1386 1372 1431 1406 sic
1459 1372 1511 1405 illo
1545 1371 1625 1405 ittstt
1656 1372 1814 1426 praeturi-

1062 1428 1165 1455 catore
1187 1420 1356 1459 damnato,
1385 1421 1442 1467 ipsi
1466 1433 1591 1468 quoque
1612 1423 1683 1475 pari
1712 1421 1815 1455 iacent

1062 1469 1264 1505 damnatione
1293 1471 1456 1516 prostrati
1480 1483 1582 1517 neque
1612 1472 1669 1516 ipsi
1699 1471 1815 1516 nsipi-

1062 1527 1187 1554 scentes
1225 1528 1372 1567 poterunt
1404 1532 1532 1566 prorsus
1567 1519 1696 1553 disolii.
1733 1519 1813 1561 Quia

1062 1569 1142 1603 sicut
1166 1583 1220 1616 per
1243 1582 1339 1604 unum
1369 1570 1582 1613 scribentem,
1606 1582 1714 1603 eorum
1745 1582 1815 1603 om-

1062 1619 1150 1653 nium
1175 1619 1295 1665 vulgata
1323 1619 1582 1665 transgressione,
1599 1619 1650 1665 qui
1675 1619 1704 1652 in
1728 1631 1815 1653 eam-

1062 1668 1133 1703 dem
1169 1669 1318 1716 pertidiae
1360 1669 1534 1703 reciderant
1561 1669 1740 1709 actionem3
1769 1668 1814 1703 sic

1063 1719 1092 1752 iu
1116 1731 1190 1758 uno,
1214 1719 1388 1764 eodemque
1412 1718 1463 1765 qui
1489 1731 1544 1765 pro
1562 1717 1712 1752 omnibus
1739 1719 1814 1752 scri-

1063 1776 1166 1814 pserat
1183 1796 1190 1806 ,
1210 1768 1257 1801 vel
1281 1768 1450 1802 scribendo
1477 1768 1618 1801 omnium
1634 1767 1816 1814 prodiderat

1062 1817 1250 1861 voluntates7
1275 1817 1524 1863 transgressione
1547 1817 1666 1864 punita,
1696 1817 1812 1863 pariter

1062 1879 1209 1914 quoque,
1234 1880 1305 1901 cum
1335 1867 1445 1901 eodem
1463 1894 1471 1907 ,
1494 1867 1541 1901 vel
1570 1867 1601 1900 in
1631 1866 1741 1900 eodem
1766 1874 1813 1901 est

1061 1917 1251 1963 complicum
1275 1917 1481 1963 transgressio
1493 1916 1599 1963 punita
1612 1924 1809 1951 cunctorum.

1111 1970 1168 2000 41.
1197 1966 1285 2008 Quae
1308 1976 1411 2001 tamen
1432 1966 1584 2001 sententia
1613 1966 1643 1999 in
1667 1966 1810 2000 Acatium

1062 2015 1226 2051 destinata.
1254 2016 1310 2051 etsi
1335 2016 1462 2051 nomine
1481 2015 1699 2050 tantummodo
1722 2028 1813 2062 prae-

1061 2066 1139 2100 sulis
1160 2066 1322 2112 apostolici
1343 2093 1352 2110 ,
1388 2066 1477 2100 cuius
1499 2073 1563 2099 erat
1587 2065 1693 2111 utique
1723 2073 1812 2111 pote-

1061 2116 1149 2149 statis
1173 2116 1339 2161 legitimae,
1364 2115 1513 2162 probatur
1534 2127 1602 2149 esse
1624 2114 1810 2161 deprompta

1061 2165 1230 2211 praecipue
1265 2178 1336 2199 cuni
1361 2173 1481 2199 secreto
1504 2163 1662 2210 dirigenda
1687 2164 1811 2198 videre-

1062 2223 1135 2258 tur,
1158 2227 1197 2249 ne
1224 2214 1377 2249 custodiis
1401 2214 1516 2261 ubique
1547 2214 1720 2261 praetensis
1742 2214 1811 2247 dis-

1062 2264 1174 2310 positio
1196 2264 1351 2304 salutaris,
1371 2264 1563 2311 quibuslibet
1578 2263 1812 2298 difficultatibus

1062 2314 1210 2361 impedita
1228 2342 1235 2351 ,
1251 2315 1460 2348 necessarium
1486 2313 1601 2348 habere
1621 2325 1682 2347 nen
1706 2321 1812 2360 posset

1061 2364 1230 2404 effectum;
1254 2373 1357 2398 tamen
1390 2364 1461 2410 quia
1484 2362 1667 2397 orthodoxis
1690 2362 1808 2409 ubique

1061 2413 1202 2456 deiectis,
1222 2422 1251 2448 et
1265 2413 1430 2448 haereticis
1445 2412 1674 2453 tantummodo,
1691 2424 1811 2447 eorum·

1060 2476 1121 2510 que
1149 2463 1371 2503 consortibus,
1394 2463 1451 2496 iam
1476 2462 1592 2497 relictis
1616 2462 1645 2495 in
1681 2461 1811 2496 Oriente

1061 2513 1204 2548 catholici
1235 2513 1399 2560 pontifices
1419 2540 1427 2551 ,
1454 2521 1506 2547 aut
1535 2512 1651 2546 residui
1681 2511 1810 2545 o'nnino

1062 2576 1122 2597 non
1151 2570 1254 2597 essent
1271 2591 1278 2603 ,
1302 2571 1353 2596 aut
1375 2562 1492 2596 nullam
1515 2569 1659 2607 gererent
1681 2561 1811 2595 liberta-

1062 2621 1122 2647 tem
1139 2640 1148 2656 ,
1172 2612 1379 2659 plurimorum
1409 2612 1439 2645 in
1466 2611 1553 2645 ltalia
1585 2611 1809 2645 catholicorum

1061 2662 1262 2708 ‹cogregatio
1284 2661 1480 2696 sacerdotum
1497 2688 1504 2699 ,
1532 2659 1757 2695 rationabiliter
1780 2660 1810 2694 in

1063 2713 1207 2748 leatium
1230 2711 1415 2747 sententiam
1444 2710 1590 2757 coguovit
1615 2710 1710 2745 fuisse
1732 2721 1812 2757 pro-

1846 300 1897 328 An.
1920 301 1948 328 C.
1975 302 2026 328 497»

1881 1969 1902 1990 lu
1922 1970 2022 1992 Aeolium

1840 2004 1883 2026 lata
1918 2010 2025 2030 sententia

1859 2041 2003 2070 plurimorum

1841 2076 1914 2099 ltaliae

1942 2088 2022 2103 SilL'Cl'-

1839 2112 1913 2137 dotum
1932 2126 2026 2147 conpre-

1841 2156 1929 2179 galion-3

1840 2188 1889 2212 buta
1908 2191 1955 2213 suit.

1968 2163 2024 2184 pro-
