2237 3127
113 307 164 336 An.
180 308 210 338 C.
228 307 297 337 10t5

142 547 284 570 confirmatio

108 584 215 607 honorum

124 620 281 644 monasterium

140 657 264 681 huiusmodi

120 694 279 726 pertinentium
290 711 296 723 ,

111 738 160 753 tum
204 730 295 752 decreto

109 769 248 791 omnimodae
272 779 297 792 e-

109 806 242 835 xemptionis
270 805 296 828 ab

111 845 198 862 externa

136 876 263 906 quietudine

133 919 278 942 quacumque.

137 1024 276 1046 Enumeratio

105 1059 146 1083 dd.
163 1059 270 1083 bonorum

948 317 1135 342 GREGORIUS
1158 318 1190 340 Vl
1214 317 1262 340 PP.

323 381 412 410 turae
434 373 575 409 utilitatis
602 373 740 409 fructum
763 373 935 422 plurimum
963 373 1077 418 valere,

322 423 411 471 quod
432 433 540 459 contra
563 424 796 459 infestationem
815 422 1032 471 tyrannorum,
1047 430 1078 457 et

323 473 540 518 quorumlibet
562 486 729 521 pravorum
754 474 919 508 hominum
943 473 1009 507 iure
1038 473 1078 506 ri-

323 523 440 558 dentur
461 523 587 558 habere.
611 523 710 569 Igitur
735 523 920 558 auctoritate
942 530 1077 569 aposto-

322 573 381 608 lica
408 573 630 608 constituimus
660 572 852 607 defensionis
876 572 1074 619 privilegium

323 622 363 658 de
397 622 544 657 omnibus
579 622 672 656 rebus
707 622 858 669 praedicti
893 622 1073 656 monasterii

322 681 479 719 quatenus
506 671 684 718 praedictae
713 684 761 706 res
782 671 888 718 quiete
912 679 1074 714 maneant,

323 732 353 757 et
389 720 533 755 monachi
570 719 637 754 Deo
670 721 843 755 servientes
877 733 988 755 secure
1022 732 1074 755 eas

323 771 525 818 possideant,
561 769 620 804 hoc
655 778 702 804 est
740 770 845 817 ipsum
880 770 1072 816 praedictum

260 842 294 858 -,
321 820 548 855 monasterium
587 818 728 866 undique
762 819 1017 863 circumdatum,
1043 826 1073 853 et

321 869 546 904 reaedificatum
573 868 602 902 in
627 868 785 914 integrum
813 881 885 903 cum
910 868 1015 909 cellis,
1043 877 1073 903 et

319 919 452 953 caeteris
480 918 624 953 ecclesiis
657 919 740 960 suis,
770 930 825 952 seu
854 917 1012 958 curtibus,
1042 926 1072 952 et

319 967 448 1007 fundis,
476 976 506 1003 et
541 967 709 1002 casalibus:
744 967 888 1002 videlicet
910 975 1072 1002 monaste—

319 1018 402 1052 rium
425 1017 531 1052 Sancti
554 1017 670 1061 Sergii,
686 1017 770 1064 <prod
792 1026 994 1064 nuncupatur
1009 1016 1072 1051 Ca-

321 1068 471 1111 nelicum⁷
492 1068 588 1102 situm
612 1067 732 1101 Romae
755 1068 884 1113 regione
908 1075 1016 1113 quarta
1040 1067 1070 1101 in

317 1116 472 1158 Suburra,
495 1129 565 1152 cum
588 1116 720 1152 ecclesia
746 1117 881 1152 Sanctae
908 1116 1070 1151 Eusemiae

319 1167 404 1202 iuxta
431 1179 464 1202 se
486 1167 633 1214 positam,
666 1175 695 1201 et
730 1179 801 1201 cum
833 1166 982 1201 omnibus
1004 1166 1070 1201 suis

319 1217 517 1263 pertinentiis
557 1217 640 1251 intus
680 1224 710 1251 et
751 1216 839 1251 soris:
878 1224 908 1251 et
946 1216 1069 1263 plebem

318 1266 426 1301 Sancti
441 1266 629 1306 Constantii,
645 1274 675 1300 et
690 1265 797 1301 Sancti
815 1266 936 1305 Rufini,
950 1274 979 1300 ct
993 1265 1071 1300 San-

318 1317 358 1351 cti
386 1316 513 1350 Martini
547 1328 618 1350 cum
654 1316 801 1350 omnibns
828 1328 936 1350 eorum
971 1316 1071 1362 perti-

317 1366 447 1401 nentiis:
482 1374 512 1401 et
540 1365 706 1400 ecclesiam
738 1366 846 1400 Sancti
881 1365 1011 1405 Instini‚
1039 1373 1070 1400 et

319 1415 518 1450 medietatem
543 1415 649 1450 Sancti
680 1414 791 1449 Iuliani
825 1415 855 1449 in
889 1414 1007 1449 casale:
1040 1424 1069 1449 et

316 1465 480 1500 ecclesiam
510 1464 616 1499 Sancti
650 1464 796 1499 Andreae
828 1465 858 1498 in
883 1463 1015 1510 Ripula;
1039 1472 1069 1499 et

316 1515 480 1549 ecclesiam
503 1514 611 1549 Sancti
634 1514 798 1548 Benedicti
822 1515 852 1548 in
881 1514 1067 1548 Albutiano:

315 1572 347 1599 et
363 1564 529 1599 ecclesiam
551 1564 658 1599 Sancti
679 1563 856 1606 Benedicti,
871 1576 950 1609 qnae
970 1564 1068 1610 posita

315 1622 363 1649 est
385 1614 415 1648 in
443 1614 605 1661 Agilioue:
629 1622 659 1648 et
686 1613 850 1649 ecclesiam
873 1613 981 1648 Sancti
1003 1613 1068 1648 Be—

315 1664 434 1699 nedicti
454 1664 485 1699 iu
508 1663 600 1698 Petra
620 1663 769 1698 Valliola:
794 1676 852 1698 nec
879 1675 940 1697 non
963 1664 1067 1698 eccle-

313 1714 392 1749 siam
419 1713 555 1749 Sanctae
587 1713 703 1748 Mariae
737 1713 767 1748 in
797 1712 957 1760 praedicto
985 1714 1068 1759 Agi-

313 1763 419 1809 lione,
449 1771 480 1798 et
512 1771 635 1797 caetera
669 1763 797 1802 omnia,
834 1774 915 1809 quae
950 1763 1066 1797 ibidem

313 1812 430 1848 habere
451 1812 590 1847 videtur:
613 1812 771 1859 simulque
790 1812 956 1847 ecclesiam
985 1811 1068 1846 San-

315 1863 356 1897 cti
371 1862 467 1898 Marci
491 1862 623 1909 positam
647 1861 707 1896 snb
727 1862 885 1909 papiano:
914 1870 944 1895 et
966 1862 1068 1896 eccle-

314 1912 394 1946 siam
428 1911 537 1947 Sancti
577 1911 727 1958 Sylrestri
764 1912 793 1945 in
835 1911 1000 1945 Marcella:
1037 1920 1068 1946 et

313 1961 481 1996 ecclesiam
523 1960 630 1995 Sancti
671 1961 816 1995 Andreae
856 1960 988 2006 apostoli
1036 1961 1066 1995 in

314 2010 420 2046 Colle:
461 2018 491 2045 et
532 2009 697 2045 ecclesiam
735 2010 841 2044 Sancti
881 2010 993 2055 Angeli
1035 2010 1066 2044 in

313 2060 439 2102 Aliano,
462 2068 493 2095 et
516 2072 608 2094 unani
626 2060 801 2106 portionem
820 2060 970 2094 ecclesiae
986 2059 1066 2094 San-

313 2111 356 2145 cti
380 2110 464 2145 Petri
488 2110 517 2144 in
541 2108 692 2144 Cesiano:
728 2117 758 2144 et
788 2109 954 2144 ecclesiam
983 2109 1066 2144 San-

313 2160 354 2195 cti
389 2159 541 2208 Sylvestri
581 2159 611 2193 in
646 2158 801 2193 Petriolo:
839 2167 869 2193 et
902 2159 1065 2193 ecclesiam

313 2209 421 2244 Sancti
449 2209 526 2244 Sixti
566 2208 598 2242 in
625 2208 804 2243 Coloniola:
837 2216 868 2243 et
901 2209 1064 2243 ecclesiam

313 2259 420 2294 Sancti
453 2258 537 2293 Petri
573 2258 604 2292 in
641 2259 790 2293 comitatu
824 2258 1012 2297 Assisinato,
1036 2259 1064 2293 in

313 2308 397 2354 loco,
424 2309 477 2356 qui
506 2316 635 2342 vocatur
659 2308 863 2343 Petroniano:
888 2308 1065 2355 pariterque

313 2359 480 2393 ecclesiam
512 2357 618 2392 Sancti
641 2357 727 2392 Petri
754 2358 836 2405 apud
872 2357 1010 2392 Mentem
1035 2359 1064 2392 in

314 2408 383 2454 ipso
416 2407 582 2442 comitatu:
616 2416 646 2442 et
680 2407 878 2442 medietatem
913 2408 1065 2442 ecclesiae

313 2457 423 2492 Sancti
444 2457 559 2492 Donati
583 2457 622 2491 de
645 2456 732 2491 Valle
750 2457 861 2491 Pontis
883 2457 968 2491 iuxta
985 2456 1064 2491 Ciri

314 2507 433 2548 tellam,
450 2519 522 2541 cum
553 2506 702 2541 omnibus
728 2519 837 2541 eorum
868 2507 1065 2553 pertinentiis

314 2564 345 2591 et
365 2556 562 2595 adiacentiis;
588 2568 645 2590 nec
667 2568 729 2590 non
752 2565 872 2590 curtem
892 2559 930 2591 de
954 2556 1066 2591 Petro-

314 2606 422 2649 niano,
443 2614 473 2640 et
496 2605 534 2640 de
555 2605 704 2643 petriolo,
725 2613 755 2640 et
776 2615 918 2652 quartam
945 2616 1063 2651 partem

314 2655 353 2690 de
376 2655 504 2690 castello
526 2655 565 2689 de
580 2655 804 2690 Ranucredulo
819 2668 889 2690 cnm
916 2655 1064 2689 omnibus

313 2716 424 2742 eorum
443 2705 659 2754 pertinentiis,
691 2713 723 2741 et
748 2713 870 2742 curtem
893 2705 932 2741 de
951 2704 1063 2741 Casale

1757 306 1819 338 571

1121 385 1194 407 cum
1217 384 1273 407 sua
1298 370 1497 418 pertinentia.
1522 369 1759 406 Confirmamus
1781 370 1875 404 etiam

1120 422 1179 469 ipsi
1201 421 1393 456 monasterio
1410 420 1517 456 Sancti
1538 420 1624 455 Petri
1648 432 1768 454 massas
1783 419 1874 464 1111115,

1120 484 1225 512 unam,
1248 484 1328 518 qnae
1353 479 1481 505 iocatur
1503 470 1652 513 Casalini,
1680 478 1710 504 et
1731 470 1873 513 alteiam,

1118 534 1198 576 qnae
1221 520 1581 560 1οοῑ11111Ρο51110,011111
1601 519 1754 559 ecclesiis,
1781 520 1872 563 ersis,

1120 571 1227 614 vineis,
1240 570 1374 617 campis,
1389 569 1499 610 hortis,
1510 568 1773 604 montibuscnltis
1784 582 1800 603 t
1805 578 1812 602 t
1823 570 1873 603 in-

1117 620 1223 661 cultis,
1234 620 1321 654 siliis
1336 629 1366 654 et
1388 619 1555 654 arboribus
1571 618 1744 666 pomiferis,
1759 626 1788 653 ct
1807 619 1871 653 sin-

1116 670 1251 714 ctiseris,
1274 677 1304 704 et
1326 669 1547 709 infructiferis,
1570 669 1751 715 aquimolis,
1766 681 1870 714 aqua-

1116 732 1183 753 rum
1208 719 1408 758 decursibus,
1431 718 1478 753 vel
1506 731 1578 753 cum
1607 718 1755 752 omnibus
1781 718 1870 752 adia-

1115 769 1238 808 centiis,
1272 781 1308 803 ac
1337 768 1535 815 pertinentiis
1566 779 1674 802 earum
1711 768 1869 802 territorio

1115 818 1269 852 Perusino
1305 818 1426 865 positis.
1454 817 1555 852 Immo
1590 826 1694 852 autem
1722 817 1870 852 concedi-

1115 880 1184 902 mus
1206 876 1236 902 et
1251 868 1476 902 confirmanius
1500 866 1586 902 robis
1604 866 1769 902 ecclesiam
1786 867 1868 901 San-

1098 926 1181 952 *ctae
1207 917 1322 951 Mariae
1358 917 1387 951 in
1420 917 1612 956 petiniano,
1639 925 1669 951 et
1703 916 1867 951 ecclesiam

1113 966 1220 1001 Sancti
1249 965 1422 1001 Clementis
1445 967 1473 1000 in
1500 966 1578 1013 Ripa
1607 966 1762 1010 fluminis,
1782 966 1869 1012 posi-

1114 1025 1174 1050 tam
1223 1028 1295 1051 cum
1331 1016 1481 1051 omnibus
1515 1028 1622 1050 earum
1669 1016 1868 1062 pertinentiis

1112 1078 1148 1100 ac
1175 1065 1374 1106 adiacentiis,
1408 1074 1610 1112 caeterasque
1637 1073 1735 1100 terras
1768 1066 1868 1100 cultis

1112 1124 1143 1150 et
1171 1116 1326 1159 incultas,
1353 1128 1460 1150 serros
1486 1128 1633 1163 quoque,
1662 1123 1693 1150 et
1719 1116 1866 1171 ancillas,

1114 1165 1159 1199 iel
1183 1178 1288 1207 omne,
1311 1165 1396 1212 quod
1424 1165 1486 1200 dici
1514 1175 1544 1200 et
1572 1164 1728 1199 nominari
1753 1173 1866 1212 potest

1112 1215 1214 1250 eidem
1240 1215 1408 1250 venerabili
1434 1215 1624 1250 monasterio
1652 1215 1827 1262 pertinent
1833 1229 1865 1259 5,

1111 1266 1177 1299 sive
1214 1265 1370 1312 quidquid
1408 1265 1437 1299 in
1478 1264 1583 1300 futuro
1616 1276 1631 1298 a
1671 1264 1797 1310 regibus
1835 1272 1865 1300 et

1111 1314 1260 1358 ducibus,
1289 1315 1334 1349 rel
1357 1327 1373 1349 a
1402 1314 1540 1361 qnalibet
1564 1326 1696 1362 persona
1723 1314 1863 1349 fidelium

1113 1364 1229 1398 ibidem
1253 1376 1439 1398 concessum
1462 1373 1492 1398 et
1515 1364 1654 1398 oblatum
1683 1363 1788 1408 fuerit,
1813 1377 1866 1398 no-

1110 1424 1170 1448 stra
1200 1414 1383 1448 auctoritate
1420 1413 1553 1448 liberum
1581 1421 1611 1448 et
1644 1425 1791 1448 securum
1827 1414 1866 1448 ab

1111 1463 1195 1497 omni
1219 1471 1366 1497 extranea
1385 1471 1537 1510 potestate
1562 1472 1753 1510 permaneat.
1771 1462 1865 1498 Unde

1112 1513 1267 1554 volumus,
1292 1520 1324 1547 ut
1349 1512 1457 1547 nullus
1485 1525 1549 1553 rex,
1577 1513 1683 1548 nullus
1712 1513 1865 1555 marchio,

1111 1563 1217 1597 nullus
1232 1563 1392 1610 princeps,
1413 1562 1518 1597 nullus
1534 1563 1608 1603 dux,
1624 1562 1730 1597 nullus
1745 1563 1865 1598 archie-

1111 1613 1275 1660 piscopus,
1298 1614 1402 1647 nullus
1420 1613 1601 1660 episcopus,
1620 1612 1728 1648 nullus
1746 1624 1864 1657 comes,

1110 1675 1167 1697 nec
1195 1663 1390 1703 iiceconies,
1414 1675 1521 1717 neque
1557 1662 1619 1697 ulla
1647 1674 1757 1709 magna
1791 1675 1865 1709 par-

1111 1725 1209 1759 vaque
1244 1724 1378 1759 persona
1413 1725 1442 1745 111
1471 1724 1533 1756 eis,
1560 1724 1641 1759 quae
1663 1724 1757 1759 supra
1781 1713 1864 1747 dicta

1109 1770 1194 1806 sunt⁷
1218 1770 1404 1809 potestatem
1427 1769 1581 1806 exerceat,
1603 1769 1657 1797 aut
1676 1762 1738 1796 vim
1761 1761 1864 1797 facere

1111 1820 1303 1858 praesumam
1327 1811 1372 1845 vel
1404 1820 1509 1845 contra
1533 1811 1594 1846 hoc
1620 1820 1761 1846 nostium
1793 1812 1864 1858 pri-

1111 1862 1256 1908 vilegium
1278 1860 1398 1907 aliquid
1414 1860 1610 1896 adversitatis
1631 1873 1722 1907 agere
1738 1862 1861 1896 audeat.

1109 1911 1149 1945 Et
1171 1922 1282 1946 omnes
1303 1911 1481 1957 episcopos,
1504 1919 1709 1958 caeterosque
1731 1911 1863 1946 clericos

1109 1962 1140 1994 in
1174 1960 1311 2007 praefato
1338 1961 1550 2001 monasterio,
1587 1968 1617 1995 et
1650 1961 1681 1995 in
1714 1961 1863 1995 omnibns

1109 2012 1174 2045 suis
1195 2010 1348 2044 ditionem
1382 2010 1555 2058 quamlibet
1588 2010 1716 2051 habere,
1744 2023 1779 2045 ac
1806 2023 1863 2045 au-

1109 2060 1282 2094 ctoritatem
1301 2069 1424 2107 praeter
1445 2060 1551 2094 sedem
1567 2060 1771 2108 apostolicam
1788 2072 1863 2107 pro-

1108 2110 1271 2150 liibemus;
1295 2122 1353 2144 nec
1375 2109 1541 2144 missarum
1562 2110 1792 2144 solemnitatem
1808 2110 1864 2144 ibi-
1914 2121 1918 2141 i

1108 2159 1180 2194 dem
1202 2159 1359 2206 quispiam
1391 2167 1572 2206 praesumat
1603 2159 1774 2198 celebrare,
1802 2160 1860 2194 nisi

1107 2222 1123 2243 a
1140 2208 1227 2243 vobis
1247 2209 1420 2256 vestrisque
1435 2209 1676 2244 successoribus
1693 2209 1862 2244 abbatibus

1108 2259 1199 2293 suerit
1228 2259 1385 2293 invitatus
1415 2259 1560 2293 Romano
1587 2267 1691 2294 autem
1720 2259 1861 2306 pontifici
1895 2288 1941 2308 :0-

1110 2308 1288 2354 praedictus
1322 2309 1410 2343 locus
1443 2309 1482 2343 sit
1519 2321 1646 2356 semper
1681 2308 1861 2349 subiectus,

1107 2359 1200 2405 eique
1218 2358 1360 2393 serviens
1382 2358 1519 2399 obediat,
1547 2366 1577 2393 et
1599 2358 1659 2393 sub
1683 2358 1769 2392 nullo
1788 2359 1862 2393 alte-

1106 2408 1171 2442 rius
1195 2408 1261 2442 iure
1283 2408 1331 2442 vel
1356 2416 1507 2455 potestate
1531 2409 1693 2442 consistat.
1721 2408 1809 2442 &blm
1805 2416 1861 2442 tes

1107 2469 1180 2492 vero
1195 2457 1337 2492 eiusdem
1360 2458 1420 2492 loci
1445 2457 1641 2498 moderandi,
1664 2466 1758 2504 atque
1781 2470 1823 2492 or
1829 2458 1862 2491 li-

1107 2507 1200 2541 nandi
1222 2520 1269 2550 ea,
1292 2519 1372 2554 qnae
1387 2507 1562 2542 necessaria
1581 2506 1708 2548 suerint,
1725 2506 1861 2541 habeant

1107 2565 1310 2603 potestatem,
1337 2565 1368 2591 et
1396 2569 1457 2591 non
1486 2557 1623 2591 audeant
1644 2556 1859 2601 confundere,

1105 2618 1162 2640 seu
1184 2606 1348 2653 dissipare,
1377 2618 1499 2641 necnon
1527 2606 1675 2649 vendere,
1697 2618 1753 2641 seu
1776 2619 1856 2653 quo-
1896 2636 1929 2655 Π

1106 2655 1183 2690 libet
1208 2656 1303 2691 modo
1326 2656 1461 2691 alienare
1488 2668 1543 2697 ea,
1571 2668 1652 2703 quae
1674 2656 1859 2691 monasterii

1105 2718 1174 2741 esse
1200 2705 1358 2752 videntur,
1380 2705 1442 2742 nisi
1457 2705 1495 2742 ad
1518 2705 1686 2742 utilitatem
1707 2713 1740 2741 et
1762 2706 1860 2741 hono-

1900 307 1953 334 An.
1972 307 1998 333 C.
2019 307 2088 335 tor'ffi

1915 832 2059 854 Confirmatio

1928 869 2050 890 suturarum

1900 913 1987 935 qnnqne
2015 905 2086 927 ‹hvm-

1899 943 1993 963 tionum.

1899 2475 1993 2498 Atinios
2059 2484 2086 2497 ne

1895 2507 1946 2537 qnid
1992 2507 2085 2530 'fundit-e

1894 2545 1929 2561 ,1111
1991 2546 2085 2560 :ilunare

1895 2571 1922 2591 de
1950 2579 1977 2591 m
1983 2579 2014 2591 1.1
2020 2573 2084 2591 ‹ti-rii

1895 2602 1922 2623 1·
1927 2603 1945 2623 ni
1976 2604 2031 2654 ΙΪ11151
2058 2603 2083 2623 111

1934 2643 1950 2654 ι
2030 2634 2082 2655 521.-

1894 2665 1938 2687 late
1936 2673 1961 2686 ni
1966 2683 1971 2693 ‚
1976 2642 2024 2694 Πιμτι1
2028 2674 2048 2687 ss
2052 2666 2085 2688 int

1894 2697 2035 2719 decernitur.
