2237 3127
104 222 157 253 An.
178 225 208 254 C.
237 226 290 255 878

318 320 463 359 repertus
491 325 553 347 non
583 313 690 353 suerin
719 321 806 353 tuuc,
829 313 853 347 si
874 313 951 347 alter
967 314 1005 348 de
1021 314 1068 348 al-

318 370 382 396 tera
405 362 544 396 Ecclesia
578 364 729 397 canonice
757 363 970 409 providendus
1005 372 1066 405 (θεῖ,

314 422 471 446 consensu
496 419 612 456 tamen⁷
634 421 664 447 et
680 413 837 446 voluntate
852 412 950 458 ipsius
965 412 1065 458 plebis

313 472 374 494 non
400 461 456 495 nisi
480 470 570 496 antea
593 461 714 495 electus
738 460 900 495 ordinetur
922 462 1061 496 antistes.

96 510 186 534 3¹0⁰¹¹¹⁵
228 520 281 535 vero
310 508 414 556 Atque
437 510 469 544 in
497 510 545 544 his
569 511 711 556 partibus
747 510 842 553 mala,
867 511 1060 556 molestaque

308 559 537 593 consuetudine
565 572 579 593 a
608 559 796 605 quibusdam
833 571 937 593 sacras
976 559 1060 604 leg-:es

95 547 128 569 nit
143 546 201 570 liber
213 555 225 570 ι
243 556 281 570 cu-

95 582 224 614 iuscumque
241 583 280 606 l'u—
308 607 313 612 ,

93 619 185 643 ιῃυΙιια.

301 864 395 897 quam
410 853 601 887 conditionis
615 852 683 896 suit,
702 853 741 886 ita
756 853 863 895 etiam,
875 862 903 886 et
921 853 983 892 ille,
999 854 1049 887 cui

299 900 337 934 ad
363 901 422 936 hoc
445 902 580 936 oflicium
604 902 845 947 suscipiendum
868 914 988 936 moram
1005 905 1049 947 (Ι)

296 949 433 995 dignitas
456 951 681 996 stiffi-agaverit,
705 950 823 984 nullius
845 950 899 984 viri
924 951 1048 986 vinculo

295 999 495 1044 postmodum
525 1008 667 1034 teneatur
693 1000 852 1039 asti·ictiis;
883 1001 957 1046 quia
987 1001 1047 1035 liii-

296 1059 386 1083 inana
411 1049 478 1094 lege
505 1061 568 1083 non
596 1049 690 1083 debet
712 1049 836 1092 arctari⁷
871 1061 965 1095 quem
997 1050 1046 1084 di-

291 1097 360 1131 vina
383 1098 482 1143 gratia
502 1098 537 1132 ad
563 1107 678 1133 tantam
702 1098 782 1132 sacri
802 1097 923 1132 ordiiiis
945 1099 1045 1145 digni-

289 1152 382 1180 tatem
406 1147 579 1194 provehere
594 1148 718 1192 dignata
742 1155 799 1181 est.
823 1147 1042 1194 praecipimus

288 1195 394 1235 etiam,
430 1206 462 1230 ut
490 1197 519 1230 in
548 1197 697 1231 omnibus
725 1196 896 1230 mobilibus
917 1205 947 1230 ct
976 1198 1041 1231 im-

288 1244 472 1293 mobilibus,
502 1245 659 1292 rebusque
682 1253 808 1280 sanctae
835 1254 906 1280 tuae
933 1246 1041 1281 Eccle⁴

288 1293 353 1328 siae
396 1294 649 1340 pertinentibus,
697 1294 877 1329 hominibus
912 1308 1038 1342 quoquc

287 1343 451 1390 utriusque
473 1356 568 1378 sexus
584 1352 643 1378 tam
660 1343 776 1386 liberis,
799 1356 893 1390 quain
921 1347 1035 1385 sertis,

284 1391 400 1426 nullam
428 1406 444 1427 a
467 1405 595 1439 quoque
617 1393 881 1435 contrarietatem,
909 1402 961 1427 aut
978 1393 1037 1428 for-

283 1440 370 1485 tiam,
393 1441 510 1475 nullam
536 1442 727 1484 violentiam,
762 1450 815 1475 aut
840 1442 1032 1477 invasionum

279 1488 399 1536 absque
422 1490 511 1536 legali
535 1491 657 1525 calculo
687 1490 824 1536 patiaris
854 1490 1033 1526 Confirma-

280 1550 352 1573 mus
373 1539 466 1573 etiam
486 1548 612 1575 sanctae
639 1539 800 1573 Ecclesiae
826 1548 894 1574 tuae
933 1552 1032 1575 xeno-

278 1587 427 1622 dochium
451 1588 616 1623 fundatum
641 1589 719 1622 iutra
748 1588 948 1623 Ticiuensein
979 1591 1031 1624 ci-

279 1637 403 1671 vitatem
427 1637 510 1672 iuxta
538 1638 703 1672 ecclesiam
735 1637 868 1672 Sanctae
896 1638 1028 1680 Mariae,

276 1698 356 1731 qnae
384 1686 499 1721 dicitur
529 1687 655 1726 Minor,
690 1686 774 1733 quod
812 1687 895 1720 lilius
924 1696 1029 1723 noster

275 1734 360 1769 dom.
384 1734 518 1770 Carolus
545 1737 715 1783 imperator
737 1735 900 1781 Augustus
923 1737 1027 1772 eidem

276 1783 448 1828 Ecclesiae3
470 1797 487 1819 a
513 1797 575 1832 qua
603 1786 718 1819 iniuste
740 1786 936 1819 subtractum
963 1785 1028 1820 fue-

274 1841 330 1872 rat,
358 1833 499 1879 legaliter
521 1846 576 1880 pei·
603 1834 759 1881 praecepti
793 1834 840 1867 sui
877 1834 1023 1880 paginam

273 1882 438 1917 restituere
453 1886 585 1926 curavit,
609 1891 642 1917 ut
663 1883 723 1917 sub
742 1883 821 1923 iure,
844 1894 880 1917 ac
903 1883 1023 1919 ditione

271 1938 333 1975 tua,
357 1940 547 1980 tuorumque
573 1944 793 1966 successorum
822 1932 890 1966 sine
917 1932 1021 1979 aliqua

270 1981 478 2026 refragatione
514 1981 739 2028 perpetualiter
776 1989 915 2015 mancat:
956 1982 1023 2016 im-

268 2031 454 2064 munitatem
482 2031 575 2065 etiam
599 2030 699 2077 ipsius
725 2029 885 2064 Ecclesiae
905 2042 1021 2065 secun-

268 2078 343 2113 dum
368 2079 542 2124 imperialia
566 2087 732 2126 praecepta
767 2079 954 2123 statuimus,
989 2089 1020 2115 et

267 2127 326 2162 hoc
360 2136 468 2163 nostro
501 2128 675 2175 apostolico
709 2128 872 2175 privilegio
907 2128 1019 2163 incon-

265 2189 389 2211 cussam
412 2177 620 2224 stabilemque
647 2189 773 2212 manere
799 2177 956 2212 iubemus.
983 2178 1016 2213 Si

264 2226 335 2272 quis
356 2234 460 2261 autem
488 2226 655 2261 temerario
681 2238 759 2260 ausu
789 2235 897 2260 contra
922 2226 1016 2262 huius

264 2283 388 2310 nostrae
422 2275 613 2321 apostolicae
642 2276 871 2322 praeceptionis
901 2277 1013 2310 scriem

263 2325 313 2370 pie
344 2336 361 2358 a
396 2324 508 2365 nobis,
537 2333 567 2359 et
599 2325 751 2359 canonice
786 2325 1012 2371 promulgatam

262 2373 369 2407 venire
385 2400 393 2414 ‚
428 2385 583 2419 agereque
620 2373 805 2413 tentaverit,
828 2381 858 2407 et
884 2374 988 2408 onmia
1003 2401 1013 2419 ,

260 2434 340 2467 quae
368 2423 515 2469 superius
542 2431 654 2457 statuta
682 2431 767 2466 sunt,
795 2431 866 2456 tuae
888 2431 1013 2458 sauctae

258 2470 419 2505 Ecclesiae
455 2472 516 2505 fine
551 2482 642 2506 tenus
677 2484 740 2506 non
780 2471 1011 2512 observaverit,

258 2520 337 2554 sciat
359 2533 392 2554 se
418 2520 548 2555 Domini
573 2520 671 2555 nostri
692 2521 905 2568 apostolerum
930 2522 1011 2567 prin-

256 2569 337 2616 cipis
362 2568 446 2603 Petri
474 2569 684 2604 anathematis
711 2570 849 2609 vinculo.
870 2569 1011 2604 innoda-

291 2624 331 2660 (¹)
349 2625 411 2658 Leqe
428 2633 543 2653 morum.

333 2669 410 2699 Ball.
429 2669 507 2700 Rom.
536 2670 590 2700 Vol.
612 2669 636 2700 I.

81 1194 139 1216 Bona
156 1194 183 1217 ad
209 1195 264 1218 hauc

111 1230 233 1254 Ecclesiam

78 1267 203 1294 spectantia
230 1267 264 1290 li-

76 1301 128 1324 bcra
161 1303 206 1326 sint
237 1303 263 1326 ab

77 1338 136 1360 omni
154 1339 175 1362 vi
191 1342 236 1362 etc.

70 1535 105 1558 Illi
132 1536 256 1560 confirma-

70 1575 106 1594 tur
153 1573 255 1595 xenodo-

71 1609 143 1632 chium
160 1611 183 1632 S.
207 1612 256 1633 Ma—

69 1645 115 1668 riae
138 1646 161 1668 in
187 1646 254 1668 'rici-

67 1688 118 1703 nen.
151 1682 251 1705 civitate.

61 2037 190 2060 Immunitas
208 2039 246 2061 Pa-

59 2073 118 2102 pinu.
167 2073 246 2097 Eccle—

59 2115 114 2131 sine.

57 2226 132 2249 Dirum
150 2229 243 2251 anaihe-

56 2270 91 2284 ma
108 2268 185 2286 contra
202 2265 240 2287 hu-

55 2297 117 2320 iusce
129 2301 240 2330 privilegii

54 2337 206 2358 temeratores.

718 2670 757 2699 45

934 260 1073 282 loittx'xsss

307 608 524 653 ignorantibus
558 608 691 642 clericali
728 607 847 641 ordinis
884 609 966 641 vii-os
1000 609 1058 642 sub

306 656 379 701 iugo
400 657 561 691 servitutis
596 665 665 702 post
697 656 967 708 *secrationem
1004 665 1057 691 te—

303 705 388 746 neri,
416 706 613 752 famulosque
636 706 723 740 velle
743 706 843 739 vocari
866 705 1054 740 audirimus:

301 755 384 800 quod
412 755 472 789 dici
502 755 587 789 nefas
609 763 671 795 est;
709 755 864 793 volumus,
880 762 973 800 atque
998 767 1054 789 cx-

301 815 406 847 presse
429 803 587 842 iubemus,
604 811 637 837 ut
651 804 731 838 sicut
748 804 788 847 is,
804 803 984 849 quintillius
999 817 1053 837 un-

1746 254 1815 265 svn·-

1101 260 1161 283 vni
1190 261 1238 283 PP.
1747 265 1815 285 aa.)

1111 322 1188 359 tum,
1212 322 1242 349 et
1269 327 1339 350 cum
1363 317 1505 358 diabolo,
1541 325 1570 351 et
1605 317 1673 352 cius
1696 319 1863 352 ati-ocissi-

1110 365 1170 398 mis
1198 365 1343 411 pompis,
1379 375 1472 413 atque
1507 378 1579 400 ciim
1608 366 1683 401 luda
1713 367 1861 404 traditore

1107 416 1234 451 Domini
1269 419 1347 458 Dei,
1383 428 1413 454 et
1448 419 1618 453 salvatoris
1655 421 1750 455 nostri
1788 421 1857 456 Iesu

1106 469 1221 505 Christi
1251 481 1379 506 aeterno
1407 473 1553 507 incendio
1579 474 1857 510 enitereinanduin,

1103 523 1144 557 At
1166 525 1218 570 «pii
1243 526 1292 571 pio
1317 526 1430 560 intuitu
1454 535 1579 570 custos,
1607 527 1769 569 obediens,
1807 538 1855 564 at-

1101 590 1163 624 que
1185 579 1370 613 observator
1398 581 1491 614 liuius
1521 588 1644 615 nostrae
1676 582 1854 618 salutiferae

1101 633 1331 678 praeceptionis
1352 634 1500 674 extiterit,
1528 634 1761 670 benedictionis
1787 649 1854 681 gra-

1099 685 1192 726 tiam,
1227 694 1257 720 et
1289 687 1433 721 caelestis
1469 687 1684 721 retributionis
1722 698 1848 724 aeterna

1096 739 1208 783 gaudia
1231 752 1247 774 a
1272 740 1353 774 iusto
1377 740 1480 774 iudice
1503 741 1640 775 Domino
1656 742 1724 776 Deo
1744 752 1849 777 nostro

1094 794 1243 839 consequi
1263 802 1429 827 mereatur.
1453 794 1615 840 Scriptum
1641 808 1696 840 per
1719 808 1845 831 inanum

1093 844 1209 879 Leonis
1245 847 1399 880 scriniarii
1425 857 1551 881 sanctae
1589 848 1750 883 l'tomanac
1784 850 1847 885 Ec-

1091 898 1205 933 clesiae
1232 900 1262 934 in
1287 913 1395 935 mense
1421 901 1577 947 septemb.
1617 902 1701 936 Bene
1734 904 1842 938 valete.

1089 951 1204 986 Datum
1228 962 1274 987 est
1292 954 1352 988 hoc
1374 966 1458 988 nono
1477 954 1536 987 kal.
1560 957 1769 1001 septembris,
1790 972 1844 1005 pei·

1090 1018 1216 1040 inanum
1240 1007 1355 1042 Leonis
1377 1008 1518 1054 episcopi
1547 1009 1648 1050 missi,
1672 1019 1701 1043 et
1725 1014 1843 1058 apocri—

1086 1060 1158 1093 sarii
1182 1070 1307 1095 sauctae
1328 1061 1414 1095 sedis
1430 1062 1636 1107 apostolicae,
1666 1063 1841 1110 imperante

1085 1112 1202 1148 domno
1225 1113 1339 1149 Carolo
1355 1127 1372 1149 a
1390 1114 1458 1149 Deo
1481 1125 1630 1150 coronato
1653 1117 1767 1163 Magno
1786 1119 1837 1153 iin-

1084 1175 1237 1212 pcratore.
1264 1168 1304 1202 Et
1332 1176 1365 1202 ut
1386 1168 1503 1203 certius
1529 1179 1679 1215 appareat
1703 1170 1762 1205 hoc
1786 1185 1839 1207 no-

1081 1228 1180 1254 strum
1210 1222 1428 1268 privilegium,
1451 1230 1481 1256 et
1508 1222 1734 1258 inconcussum
1766 1238 1837 1272 per-

1081 1281 1216 1317 maneat,
1238 1275 1340 1320 sigillo
1363 1283 1470 1309 nostro
1506 1276 1658 1311 iussimus
1681 1278 1834 1323 insigniri.

1079 1326 1172 1361 Anno
1199 1329 1352 1370 secundo,
1375 1337 1406 1363 et
1441 1338 1510 1376 post
1538 1331 1736 1365 consulatum
1767 1333 1834 1366 eius

1077 1392 1159 1414 anno
1185 1382 1343 1426 secunde,
1367 1382 1538 1417 indictione
1563 1384 1729 1419 undecima
1750 1388 1806 1428 (l).

1123 1434 1290 1469 Zacharias
1332 1436 1462 1470 humilis
1500 1437 1669 1482 episcopus
1707 1447 1832 1473 sanctae

1074 1486 1235 1522 Ecclesiae
1270 1489 1482 1534 Anagniensis
1518 1489 1548 1523 in
1581 1489 1641 1524 hoc
1668 1491 1829 1538 privilegio

1073 1543 1231 1582 consensi,
1255 1551 1284 1576 et
1311 1543 1434 1590 scripsi.

1122 1595 1236 1630 Petrus
1246 1597 1351 1643 episco
1358 1610 1373 1643 p
1381 1609 1414 1631 ns
1427 1596 1758 1644 Forosempronicnsis
1774 1599 1828 1635 Ec-

1071 1648 1184 1684 clesiae
1221 1651 1250 1684 in
1293 1651 1352 1685 hoc
1385 1652 1549 1698 privilegio
1585 1653 1756 1693 consensi,
1796 1663 1824 1688 et

1069 1714 1193 1749 scripsi.

1117 1756 1308 1791 Laurentius
1335 1757 1463 1791 humilis
1489 1759 1657 1806 episcopus
1685 1759 1824 1807 Campa-

1067 1809 1138 1844 niae
1163 1810 1326 1845 Ecclesiae
1348 1813 1510 1846 consensi.
1540 1821 1570 1846 ct
1598 1813 1720 1859 scripsi.

1113 1863 1179 1898 Leo
1216 1865 1343 1899 humilis
1376 1866 1577 1909 scriniarius,
1613 1874 1643 1900 et
1680 1867 1821 1901 notarius

1064 1925 1191 1952 sanctae
1214 1931 1360 1953 romanae
1382 1919 1556 1959 Ecclesiae,
1585 1931 1656 1954 cum
1680 1920 1820 1956 iussione

1065 1971 1315 2007 reverendissimi
1339 1972 1458 2006 domini
1477 1973 1603 2007 loannis
1624 1986 1720 2019 papae
1745 1975 1818 2008 scri-

1062 2025 1121 2070 psi,
1143 2034 1173 2060 et
1199 2025 1268 2059 aliis
1294 2026 1508 2061 roborandum
1546 2027 1681 2072 protuli3
1717 2036 1747 2060 et
1786 2037 1817 2062 iit

1060 2087 1107 2112 est
1127 2079 1297 2125 sigillatum
1321 2080 1424 2126 sigillo
1455 2080 1602 2127 plumbeo
1626 2093 1740 2124 magno
1761 2082 1816 2115 iin-

1060 2144 1167 2177 presso
1190 2132 1324 2167 habente
1351 2133 1520 2180 imaginem
1544 2135 1733 2169 sanctissimi
1759 2147 1813 2180 pa-

1060 2197 1115 2231 pae
1137 2185 1262 2220 Ioannis
1283 2199 1355 2221 cum
1380 2187 1478 2221 literis
1502 2188 1689 2234 infrascripti
1717 2188 1813 2222 simi-

1057 2239 1151 2279 libus,
1174 2239 1330 2284 videlicet,
1355 2240 1486 2275 loannes
1515 2253 1603 2288 papa.

1107 2308 1169 2338 Dat.
1189 2309 1236 2339 die
1258 2309 1296 2339 24
1318 2309 1435 2347 augusti
1459 2319 1534 2339 atino
1556 2309 1667 2339 [Joinini
1692 2312 1759 2346 358,

1234 2357 1335 2396 pontis.
1356 2357 1471 2387 loannis
1491 2368 1566 2387 atino
1586 2366 1621 2387 vi.

1089 2418 1128 2454 (l)
1148 2418 1259 2452 Quantis
1274 2422 1374 2446 scateat
1403 2420 1540 2446 erroribus
1561 2420 1609 2445 hoc
1629 2420 1806 2455 privilegium,

1053 2456 1167 2489 quisque
1184 2455 1299 2481 noverit.
1317 2456 1390 2487 Quae
1409 2458 1495 2480 tamen
1515 2463 1591 2481 cansa
1610 2456 1743 2481 sufficiens⁴
1755 2465 1804 2482 μου

1052 2494 1111 2521 est,
1140 2494 1167 2515 ut
1192 2490 1366 2524 apocriphum
1392 2498 1500 2516 omniuo
1520 2490 1718 2517 axis-tintinnis:
1742 2491 1805 2517 nihil

1052 2526 1132 2555 enim,
1145 2525 1232 2559 quoad
1247 2525 1371 2556 vidimus,
1388 2526 1578 2551 ecclesiasticae
1594 2526 1757 2558 discjplsiiav.
1777 2527 1804 2552 li-

1053 2561 1201 2594 bertatique
1219 2568 1268 2586 iion
1286 2565 1488 2587 consentaneam
1506 2561 1567 2586 inibi
1582 2562 1803 2595 1n>tiiiiiiii>a1iiii-

1055 2596 1156 2621 tenire:
1175 2597 1319 2630 scriptores
1329 2595 1492 2630 caeteroqui,
1502 2603 1532 2621 ac
1545 2596 1701 2631 typographi
1713 2596 1746 2623 de
1758 2597 1804 2623 buc

1052 2632 1128 2665 eulpa
1150 2631 1161 2656 t
1176 2640 1202 2657 re
1220 2639 1323 2666 «anper
1339 2635 1401 2657 sunt
1417 2639 1490 2664 argu¹
1502 2630 1556 2657 ndi.

1892 259 1942 287 An.
1966 260 1994 288 C.
2025 262 2076 291 878

1865 1442 2044 1474 Subscriptiones

1864 1473 2032 1511 cpiscoporum.

1885 1889 2023 1922 Subscriptio

1853 1927 1964 1949 seriniarii
1979 1928 2001 1950 S.
2011 1930 2037 1951 A.
