2237 3127
961 295 986 319 s.
1014 294 1075 318 uzo
1101 294 1113 318 1
1139 295 1190 319 ΡΡ.
1750 285 1796 321 55
1876 299 1927 328 An.
1944 299 1973 328 G.
1989 300 2041 331 w!

1094 349 1172 395 fugit
1195 348 1328 384 ultiones
1349 348 1581 384 severistamen
1599 349 1842 389 christianorum

1092 399 1272 444 principum
1288 399 1567 433 constitutionibus
1576 400 1753 441 adiuratum
1765 401 1840 437 dum

1089 447 1252 491 spirituale
1276 460 1504 494 nonnunquam
1534 457 1699 483 recurrunt
1731 463 1841 486 reme-

93 280 145 308 An.
163 281 193 309 c.
210 272 262 311 ιιιι7

300 351 507 399 multiplicem
530 351 588 387 sibi
612 352 730 387 faecem
758 349 1049 389 commiscuerunt,

301 409 334 435 ut
356 402 413 436 soli
438 409 538 436 totum
561 402 726 441 biberent,
754 399 904 447 quicquid
928 398 978 433 alii
1011 411 1047 433 ex

84 1040 161 1062 Fatalis
174 1046 254 1063 neces-

69 1071 122 1092 sttan
141 1071 166 1093 ab
186 1074 254 1095 eoin-

68 1101 139 1123 ducta.

70 1832 125 1854 Mala
134 1839 159 1855 ex
168 1835 240 1857 huius—

54 1865 109 1885 modi
154 1865 238 1888 haeresi

54 1897 211 1923 provententin,

58 2466 165 2491 Haeretici
181 2474 229 2498 post

43 2496 155 2521 Ecclesiae
195 2502 229 2523 iu-

43 2529 120 2551 diClum
138 2538 150 2552 a
166 2535 227 2560 prin-

43 2561 226 2591 cipibusptectun.

299 457 386 495 parte
421 459 610 496 gustassent.
643 450 787 496 Denique
821 450 845 482 si
884 448 1047 481 universae

296 498 454 539 haereses,
483 511 562 546 quae
597 507 667 534 ante
700 497 887 532 priscilliani
922 505 1045 542 tempus

294 556 420 583 exortae
441 559 516 583 sunt
537 548 722 593 diligentius
738 554 954 586 retractentur,
974 547 1044 579 nul-

294 596 342 630 lus
371 609 450 643 pene
489 598 646 631 invenitur
680 608 766 630 error
786 623 794 634 ,
821 594 860 629 dc
887 606 950 640 quo
979 606 1040 628 non

293 646 422 680 traxerit
438 646 581 692 impietas
597 646 653 680 ista
673 644 863 690 contagium:
879 655 959 689 quae
977 655 1039 677 non

290 703 436 729 contenta
472 707 581 729 eorum
620 694 759 741 recipere.
790 693 963 736 falsitates,
986 694 1037 739 qui

289 742 329 776 ab
351 743 520 789 Evangelio
543 743 659 777 Christi
684 743 743 777 sub
765 741 881 776 Christi
910 743 1037 777 nomine

289 791 465 833 deviarunt,
489 793 626 827 tenebris
647 792 741 827 etiam
766 791 951 838 paganitatis
979 791 1037 825 im-

288 842 407 881 mersit,
431 849 464 875 ut
486 854 542 888 per
564 842 755 887 magicarum
778 841 890 874 artium
908 840 1035 886 profana

286 898 416 929 secreta,
439 898 469 924 et
493 891 782 924 mathematicorum
806 901 882 923 vana
911 890 1037 924 menda-

284 938 344 979 cia,
368 939 529 984 religionis
552 939 657 982 tidem,
680 951 867 985 morumque
883 939 1033 973 rationem

285 986 315 1020 in
340 996 492 1034 potestate
519 989 720 1027 daemonum,
743 995 774 1021 et
796 988 826 1021 in
853 988 962 1021 ell'eetu
987 1001 1033 1035 sy-

284 1035 395 1071 derum
416 1038 616 1072 collocarent.
640 1037 731 1078 Quod
751 1037 777 1071 si
793 1044 824 1071 et
839 1037 923 1071 credi
943 1038 1032 1071 lieeat

283 1093 313 1119 et
335 1086 453 1125 doceri,
476 1099 535 1121 nec
557 1086 725 1120 virtutibus
754 1086 951 1132 praemium,
975 1100 1032 1121 nec

280 1134 362 1169 vitiis
385 1147 485 1182 poena
502 1135 645 1175 debetur,
667 1135 835 1182 omniaque
851 1148 912 1169 non
928 1136 1029 1170 solum

280 1182 490 1219 humanarum
514 1184 616 1230 legum
634 1211 643 1228 ,
662 1184 717 1218 sed
740 1186 833 1218 etiam
853 1184 1028 1219 divinarum

279 1233 541 1268 constitutionum
580 1233 703 1268 decreta
738 1234 920 1268 solventur:
956 1235 1028 1280 quia

278 1293 381 1328 neque
403 1282 442 1317 de
465 1282 568 1323 bonis,
591 1295 693 1329 neque
725 1283 763 1317 de
790 1282 880 1317 malis
907 1284 1029 1317 actibus

279 1331 377 1365 ullum
401 1332 515 1377 poterit
537 1344 606 1365 esse
629 1331 792 1371 iudicium,
807 1332 830 1365 si
855 1332 883 1365 in
909 1340 1028 1366 utiam-

276 1391 338 1426 que
352 1389 470 1426 partem
485 1381 585 1415 fatalis
600 1381 767 1415 necessitas
779 1390 898 1415 motum
913 1383 1028 1417 mentis

276 1427 420 1475 impellit:
440 1438 469 1464 et
488 1429 638 1476 quicquid
659 1429 698 1463 ab
712 1430 894 1464 homiuibus
910 1432 1025 1476 agitur,

274 1489 339 1512 non
357 1485 403 1512 est
418 1478 524 1512 homin
532 1491 595 1523 nm7
611 1478 666 1513 sed
682 1486 849 1513 astrorum.
873 1480 920 1513 Ad
945 1480 1025 1515 hanc

275 1526 430 1561 insaniam
460 1528 594 1574 pertinet
632 1528 809 1574 prodigiosa
845 1528 894 1562 illa
930 1530 1025 1564 totius

273 1574 403 1610 humani
427 1577 568 1623 corporis
585 1590 639 1623 per
653 1576 818 1611 duodecim
836 1578 912 1611 coeli
932 1579 1023 1623 sigua

273 1623 447 1668 distinctio,
471 1635 503 1659 ut
536 1625 669 1660 diversis
703 1626 845 1672 partibus
881 1626 1022 1662 diversae

273 1673 473 1718 praesideant
496 1683 677 1721 potestateS,
700 1683 729 1709 et
751 1684 905 1717 creatura,
928 1689 1021 1723 quam

272 1721 360 1757 Deus
389 1723 428 1757 ad
463 1723 633 1770 imaginem
660 1736 749 1758 suam
785 1725 857 1758 feeit
890 1728 954 1769 (a),
991 1727 1019 1760 in

273 1779 355 1806 tanta
377 1772 418 1806 sit
438 1772 629 1818 obligatione
656 1773 826 1820 syderum,
851 1774 881 1807 in
905 1783 1019 1820 quanta

271 1828 318 1854 est
339 1822 537 1856 connexione
568 1822 782 1856 membrorum
811 1824 884 1865 (b).
909 1824 1021 1859 Merito

272 1878 374 1914 patres
406 1870 528 1911 nostri,
562 1871 621 1905 sub
655 1883 789 1917 quorum
824 1873 1020 1918 temporibus

270 1917 408 1953 haeresis
424 1919 502 1953 haec
517 1919 651 1953 nefanda
675 1920 827 1967 prorupit,
844 1933 898 1966 per
919 1929 1019 1956 totum

269 1968 422 2002 mundum
451 1968 603 2003 instanter
623 1981 715 2014 egere
741 1978 774 2003 ut
797 1970 913 2016 impius
936 1970 1020 2005 furor

268 2015 306 2049 ab
329 2018 474 2051 universa
501 2017 641 2052 Ecclesia
674 2018 862 2063 pelleretur:
893 2020 1018 2065 quando

266 2065 358 2099 etiam
383 2066 491 2100 mundi
514 2066 725 2113 principcsita
741 2067 820 2102 hanc
833 2068 1016 2114 sacrilegam

265 2115 435 2148 amentiam
459 2114 602 2149 detestati
625 2123 709 2159 sunt,
724 2124 757 2150 ut
775 2125 933 2151 auctorem
949 2118 1017 2153 eius

264 2174 301 2197 ac
323 2164 490 2210 plerosque
504 2164 679 2210 discipulos
697 2166 799 2210 legum
817 2166 1015 2212 publicarum

263 2223 339 2246 ense
361 2221 589 2259 posternerent.
605 2214 762 2248 Videbunt
781 2215 864 2249 enim
888 2227 1015 2250 omnem

263 2272 370 2295 curam
395 2261 567 2296 honestatis
593 2262 720 2303 auferri,
748 2275 873 2298 omnem
902 2265 1015 2299 coniu-

261 2309 385 2355 giorum
409 2311 555 2357 copulam
581 2312 671 2351 solvi,
691 2312 850 2358 simulque
872 2313 1013 2348 divinum

262 2358 310 2392 ius
343 2359 582 2407 humanumque
609 2361 759 2402 subverti,
783 2362 809 2395 si
833 2362 1012 2397 huiusmodi

262 2407 444 2443 hominibus
467 2421 599 2455 usquam
634 2410 737 2444 vivere
759 2422 831 2445 cum
860 2411 910 2445 tali
940 2424 1014 2458 pro-

261 2455 396 2492 sessione
419 2457 571 2491 licuisset.
595 2458 634 2492 Et
657 2459 773 2504 proluit
794 2459 847 2494 diu
878 2460 934 2495 ista
969 2461 1013 2494 di—

258 2506 377 2540 strictio
404 2506 633 2541 ecclesiasticae
663 2507 805 2549 lenitati,
833 2521 913 2555 quae
953 2510 1010 2544 etsi

257 2555 445 2589 sacerdotali
473 2564 620 2590 contenta
643 2556 771 2597 iudicio,
799 2567 946 2593 cruentas
960 2570 1011 2593 rc-

258 2624 331 2687 'Folo
348 2625 416 2667 Gen.
440 2627 463 2652 1.
496 2626 534 2660 (b)
549 2626 666 2654 Severus
681 2626 810 2663 Sulpitius
824 2628 870 2656 lib.
883 2629 899 2655 2
914 2630 1010 2656 Sacrae

284 2669 303 2685 tS
318 2668 390 2686 01⁴1(oe

1088 496 1173 529 «lium
1192 523 1200 536 ,
1223 496 1276 542 qui
1301 497 1412 530 timent
1449 498 1610 544 corporale
1632 498 1837 545 supplicium.

1086 544 1129 578 Ex
1153 557 1215 590 quo
1238 554 1342 579 antem
1369 545 1482 579 multas
1511 547 1685 591 provincias
1714 548 1837 584 hostilis

1084 594 1249 640 occupavit
1273 595 1413 640 irruptio,
1436 603 1466 628 et
1488 596 1705 630 executionem
1729 597 1834 643 legum

1085 650 1283 689 tempestates
1307 643 1495 677 interdixere
1524 645 1688 685 bellorum,
1711 659 1748 680 ex
1770 660 1834 693 quo

1083 691 1162 725 iuter
1183 692 1362 726 sacerdotes
1384 693 1439 726 Dei
1469 693 1612 728 dissiciles
1638 705 1833 731 commeatus

1080 747 1110 773 ct
1132 741 1190 774 rari
1214 750 1386 787 coeperunt
1408 754 1477 775 esse
1504 752 1689 784 conventus3
1712 744 1832 779 invenit

1079 788 1119 821 ob
1143 790 1297 835 publicam
1326 791 1591 835 perturbationem
1614 801 1731 827 secreta
1756 806 1831 840 per-

1079 838 1149 872 tidia
1174 838 1359 879 libertatem,
1378 848 1408 873 et
1430 840 1465 873 ad
1491 840 1658 875 multarum
1676 843 1828 877 mentium

1077 886 1316 922 subversionem
1340 888 1388 922 his
1412 889 1501 922 malis
1528 898 1575 923 est
1598 891 1738 931 incitata,
1754 892 1827 938 qui-

1076 935 1136 970 bus
1158 937 1265 970 debuit
1289 949 1357 971 esse
1380 947 1528 972 correcta.
1553 938 1641 980 Quae
1665 952 1736 975 vero
1763 941 1827 976 illic

1075 992 1127 1018 aut
1161 995 1274 1032 quanta
1314 999 1385 1032 pars
1419 986 1556 1033 plebium
1588 1000 1605 1022 a
1639 990 1826 1035 contagione

1076 1035 1170 1078 pestis
1193 1036 1284 1069 huius
1310 1036 1410 1070 aliena
1432 1044 1501 1077 est,
1525 1037 1576 1070 ubi
1601 1038 1692 1080 (sicut
1713 1040 1825 1075 caritas

1075 1091 1124 1117 tua
1139 1083 1261 1127 indicat)
1274 1085 1378 1119 lethali
1392 1085 1502 1119 morbo
1517 1087 1609 1120 etiam
1626 1088 1824 1133 quorundam

1073 1133 1270 1167 sacerdotum
1294 1133 1387 1168 corda
1410 1143 1555 1181 corrupta
1582 1144 1656 1170 suut
1672 1163 1680 1178 ,
1713 1145 1742 1171 et
1770 1150 1825 1184 per

1072 1194 1151 1227 quos
1176 1183 1380 1229 opprimenda
1406 1183 1545 1228 falsitas,
1570 1193 1601 1218 et
1627 1185 1824 1222 defendenda

1073 1230 1184 1265 veritas
1198 1232 1395 1275 credebatur,
1408 1244 1461 1278 per
1476 1233 1560 1278 ipsos
1575 1234 1735 1269 doctrinae
1752 1235 1824 1270 Pri-

1071 1280 1201 1314 scilliani
1231 1281 1438 1326 Evangelium
1457 1282 1602 1316 subditur
1623 1282 1740 1318 Christi
1758 1311 1767 1328 ,
1790 1293 1823 1319 ut

1070 1328 1106 1361 ad
1132 1330 1278 1375 profanos
1302 1342 1412 1364 sensns
1435 1331 1548 1377 pietate
1572 1340 1822 1368 sanctorumve-

1071 1377 1226 1412 luminum
1254 1379 1434 1425 depravata,
1456 1380 1516 1414 sub
1539 1381 1722 1417 nominibus
1747 1395 1822 1429 pro-

1069 1426 1232 1471 phetarum
1255 1436 1285 1462 et
1311 1428 1524 1474 apostolorum
1561 1442 1623 1464 non
1647 1430 1707 1465 hoc
1729 1443 1821 1478 prae-

1067 1474 1214 1520 dicetur,
1252 1478 1335 1523 quod
1363 1477 1502 1524 Spiritus
1523 1477 1660 1514 Sanctus
1687 1480 1820 1527 docuit,

1067 1524 1121 1557 sed
1144 1525 1226 1571 quod
1251 1526 1365 1560 diaboli
1389 1526 1533 1561 minister
1555 1527 1716 1563 inseruit?
1737 1529 1820 1571 Quia

1066 1585 1140 1618 ergo
1173 1574 1301 1609 dilectio
1327 1583 1376 1609 tua
1406 1575 1489 1609 fideli
1537 1585 1689 1623 quantum
1720 1580 1820 1623 potuit

1065 1621 1225 1667 diligentia
1245 1624 1409 1658 damnatas
1428 1625 1501 1658 olim
1519 1625 1685 1671 opiniones
1706 1627 1817 1663 decem

1064 1680 1093 1704 ct
1112 1680 1231 1718 septem
1248 1673 1394 1719 capitulis
1405 1675 1656 1720 comprehendit:
1675 1689 1731 1710 nos
1743 1690 1819 1723 quo-

1064 1732 1124 1766 que
1138 1721 1270 1755 strictim
1287 1723 1390 1756 omnia
1411 1731 1626 1763 retractemus,
1643 1737 1681 1759 ne
1697 1725 1815 1772 aliquid

1064 1768 1174 1804 harum
1203 1770 1469 1817 blasphemiarum
1492 1783 1545 1808 aut
1569 1774 1742 1809 tollerabile
1770 1775 1817 1809 vi-

1063 1818 1173 1853 deatur
1194 1828 1246 1853 ant
1273 1820 1417 1854 dubium.

1114 1870 1145 1902 ‘l.
1173 1868 1280 1903 Primo
1293 1869 1397 1916 itaque
1411 1869 1549 1916 capitulo
1565 1871 1811 1920 demonstratur,

1062 1928 1155 1962 quam
1179 1917 1275 1963 impie
1296 1919 1434 1952 sentiant
1461 1919 1499 1953 de
1522 1919 1675 1956 'l'rinitate
1697 1923 1812 1968 divina,

1062 1966 1115 2011 qui
1139 1974 1169 2000 et
1191 1966 1303 2007 Patris,
1326 1975 1357 2001 et
1379 1967 1465 2009 Filii,
1493 1977 1522 2003 et
1544 1969 1683 2015 Spiritus
1704 1971 1812 2007 Sancti

1062 2027 1155 2049 unam
1179 2023 1273 2062 atque
1295 2016 1426 2050 eandem
1450 2026 1594 2052 asserunt
1616 2031 1685 2054 esse
1707 2033 1813 2067 perso-

1061 2075 1145 2102 nam,
1158 2072 1304 2111 tanquam
1319 2065 1400 2099 idem
1412 2065 1509 2109 Deus,
1520 2079 1603 2101 nuuc
1612 2067 1716 2113 Pater,
1728 2083 1812 2105 nunc

1060 2112 1171 2153 Filius,
1189 2126 1273 2147 nunc
1295 2114 1431 2160 Spiritus
1453 2115 1589 2150 Sanctus
1605 2118 1810 2154 nominetur:

1059 2174 1118 2196 nec
1141 2162 1220 2197 alius
1234 2163 1285 2205 sit,
1302 2163 1355 2210 qui
1375 2165 1499 2209 geuuit3
1519 2165 1599 2199 alius
1615 2167 1668 2212 qui
1683 2168 1809 2212 genitus

1058 2211 1205 2251 cst;alius
1220 2212 1274 2258 qui
1294 2212 1332 2246 de
1352 2221 1484 2259 utroque
1500 2217 1668 2260 processit:
1685 2217 1738 2250 sed
1749 2217 1810 2251 sin-

1058 2260 1176 2304 gularis
1205 2261 1307 2295 unitas
1328 2261 1358 2295 in
1376 2261 1474 2296 tribus
1491 2263 1619 2309 quidem
1636 2265 1807 2306 vocabulis,

1057 2308 1110 2341 sed
1124 2321 1185 2343 non
1203 2309 1543 2357 tribussitaccipiemla
1555 2313 1807 2358 personisQuod

1058 2356 1272 2404 blasphemiae
1294 2371 1395 2405 genus
1422 2360 1461 2394 de
1494 2360 1621 2396 Sabellii
1657 2363 1807 2408 opinione

1056 2415 1272 2452 sumpserunt,
1300 2408 1390 2442 cuius
1412 2409 1560 2456 discipuli
1583 2410 1675 2444 etiam
1701 2412 1808 2446 Patri—

1056 2456 1189 2500 passiani
1213 2456 1324 2491 merito
1340 2467 1575 2504 nuncupantur:
1599 2460 1671 2504 quia
1691 2461 1715 2493 si
1740 2461 1807 2507 ipse

1054 2512 1101 2538 est
1122 2504 1222 2540 Filius
1246 2505 1298 2552 qui
1329 2514 1358 2540 et
1380 2506 1483 2545 Pater,
1506 2519 1581 2541 crux
1606 2508 1674 2542 Filii
1703 2509 1807 2545 Patris

1052 2562 1099 2589 est
1121 2555 1236 2600 passi03
1257 2562 1286 2589 et
1308 2555 1457 2601 quicquid
1482 2555 1510 2589 in
1525 2556 1632 2591 ·l'0rma
1654 2558 1735 2592 servi
1757 2558 1808 2593 Fi-

1053 2603 1112 2637 lius
1135 2603 1217 2638 Patri
1246 2604 1423 2638 obediendo
1450 2605 1624 2649 sustinuit,
1650 2615 1747 2640 totum
1772 2607 1804 2642 in

1051 2665 1084 2687 se
1108 2652 1201 2688 Pater
1223 2653 1291 2700 ipse
1318 2653 1469 2699 suscepit.
1504 2653 1596 2694 Quod
1630 2655 1803 2692 catholicae

1884 963 1924 985 Per
1939 966 2041 987 sacerdo-

1856 997 1889 1015 tes
1926 995 2039 1019 haeresum

1855 1025 1937 1048 ratmu-
1965 1029 2040 1057 oppri-

1854 1060 1939 1080 menan.

1879 1891 2024 1914 Prtsettttnnt-

1846 1925 1892 1943 :ten
1922 1922 2022 1944 Sanctam

1838 1953 1968 1975 Trinitatem
1984 1960 2027 1975 non

1837 1985 1944 2011 personis,

1838 2017 1917 2035 tantum
1937 2016 2027 2037 nomini-

1835 2044 1874 2066 bus
1889 2046 2026 2074 distinguunt,

1849 2322 2021 2349 Sabellianidog-

1831 2356 1898 2381 matis,
1915 2358 1936 2377 et
1953 2355 2022 2377 Patri·

1830 2386 1980 2412 passionarum
1989 2393 2016 2409 tn-

1830 2417 1887 2438 muti.
