2237 3127
196 295 281 323 Caute
305 298 398 322 actum
423 295 472 322 ubi

160 331 193 357 dc
229 331 405 357 documentis
437 337 472 357 ex

160 366 294 400 operibus
332 366 472 400 excerptis

159 402 328 435 scriptorum
352 402 399 435 qui
426 401 471 427 illa

159 444 194 463 ex
208 437 267 464 suis
291 437 472 471 originalibus

158 472 311 500 reddidisse
321 473 468 500 affirmant.

191 1021 216 1049 Si
258 1030 330 1057 quae
376 1027 468 1050 tamen

155 1065 307 1092 progressu
335 1060 468 1093 temporis

154 1094 308 1155 prodierint
323 1095 425 1128 bullae,
437 1096 465 1121 ll-

165 1137 197 1157 ae.
215 1129 310 1157 locuni
326 1130 469 1159 habebunt

153 1165 182 1191 in
207 1166 404 1199 supplemento
433 1167 468 1195 ad

154 1200 282 1228 editionis
298 1202 412 1229 calcem.

188 1466 297 1494 Notulis
316 1467 465 1502 appositis,

154 1502 333 1536 chronologia
343 1503 451 1530 restitui
458 1517 467 1522 ·

152 1542 208 1571 tur,
234 1538 380 1566 Bullarum
401 1538 466 1565 vin-

152 1573 239 1601 diciae
259 1574 430 1602 subduntur.

186 2074 266 2106 Quod
281 2075 374 2109 magni
402 2081 464 2102 mo-

151 2110 237 2137 menti
265 2114 308 2137 est
331 2111 363 2138 iis
387 2117 465 2145 prae-

150 2146 248 2172 sertim
290 2147 464 2180 temporibus

151 2188 222 2214 quae
232 2181 365 2214 plumbea
380 2185 407 2208 et
417 2182 464 2209 ob-

150 2223 233 2243 scura
248 2217 391 2244 dicuntur.

176 2568 464 2604 Quaediligenlianon

148 2605 241 2632 solum
265 2605 293 2632 in
313 2606 397 2642 notis,
415 2605 464 2634 sed

551 213 601 249 20
667 189 691 207 μ

499 299 599 337 quae
630 299 723 337 prae
747 285 926 323 manibus
950 285 1188 339 habuerunt,
1212 298 1252 322 se
1277 284 1471 332 derivasse
1492 283 1705 331 affirmant,
1728 291 1767 322 et
1791 280 1976 336 operibus
1993 296 2038 321 ac

495 347 787 384 collectionibus
807 347 886 384 suis
907 347 1165 392 inseruerunt,
1183 354 1220 383 et
1239 359 1259 382 a
1278 345 1392 384 nobis
1409 346 1449 383 in
1470 345 1676 383 Bullarium
1691 354 1870 384 nostrum
1889 345 2038 383 delatae

495 416 597 456 sunt,
612 421 690 445 non
703 416 782 445 tam
797 406 907 444 firma
925 407 1152 445 anctoritate
1165 406 1322 459 pollent.
1338 408 1542 445 Caeterum
1558 408 1784 459 sapientem,
1800 415 2037 458 cautumque

493 468 678 507 lectorem
708 482 934 514 monemus,
963 482 1012 506 ne
1040 468 1147 506 facile
1179 468 1236 507 his
1270 482 1428 521 quoqne
1462 468 1579 507 Bullis
1609 468 1726 507 fidem
1757 468 1928 520 abroget.
1952 468 2034 507 Nisi

493 532 596 568 enim
621 530 746 583 aliqua
765 530 871 581 gravi
896 531 1058 578 ratione,
1079 539 1117 568 et
1135 530 1182 568 ad
1209 530 1374 568 sanioris
1407 530 1559 568 criticae
1579 530 1680 581 leges
1706 539 1839 568 exacta
1859 530 2035 581 ducatur,

493 601 536 630 ut
556 592 699 630 bullam
717 592 884 644 aliquam
906 591 1092 639 falsitatis,
1106 601 1170 630 aut
1183 592 1492 644 interpolationis
1508 592 1600 630 vitio
1615 592 1790 630 laborare
1804 592 2034 643 suspicetur,

491 667 573 691 non
598 662 657 691 est
686 653 785 691 illius
815 653 909 690 fides
936 654 974 690 in
1002 653 1165 691 dubium
1192 653 1420 691 revocanda.
1447 653 1564 703 Quod
1581 653 1629 691 ad
1650 667 1722 691 nos
1744 661 1904 705 spectat,
1928 661 2032 691 certe

491 714 728 765 diligentiam
751 728 909 752 omnem
937 714 1184 752 adhibuimus
1210 716 1249 752 in
1275 714 1438 753 fideliter
1454 715 1718 753 exscribendis
1737 714 1796 753 his
1816 714 1943 762 bullis,
1965 728 2034 753 seu

491 775 784 828 diplomatibus,
810 790 835 827 q
937 776 1123 828 impressa
1153 777 1255 828 apud
1284 785 1459 814 auctores
1487 777 1722 823 invenimus,
1751 785 1788 814 et
1812 776 1913 814 inter
1943 776 2033 814 scri—

491 846 621 889 ptores
655 838 760 889 ipsos
791 852 836 875 eo
864 887 867 893 ¹
935 837 1117 888 legimus,
1148 839 1214 890 qui
1240 838 1365 876 bonae
1391 848 1506 876 notae
1529 847 1642 885 sunt,
1673 847 1711 876 et
1738 838 1967 887 integritatis
1988 851 2031 877 ac

489 899 694 937 historicae
722 899 914 937 fidelitatis
947 899 1048 951 apud
1079 900 1251 937 eruditos
1280 900 1384 938 viros
1411 899 1553 937 famam
1581 900 1769 938 obtinent.
1799 901 1902 938 Haec
1929 900 2028 938 dicta

490 969 605 999 sunto
632 961 679 999 de
705 961 942 1000 Collectione
965 962 1045 1013 ipsa
1067 961 1345 1013 Diplomatum,
1360 975 1402 999 ac
1423 961 1627 1000 Bullarum.
1655 961 1766 999 Addo
1787 970 1940 999 tantum
1955 975 2030 1015 me,

490 1024 520 1060 si
540 1022 639 1060 forte
666 1032 791 1061 tractu
815 1024 1012 1075 temporis,
1035 1032 1073 1060 et
1098 1023 1191 1060 dum
1221 1037 1319 1075 opus
1346 1024 1477 1076 praelo
1503 1023 1720 1069 mandatur,
1738 1023 1863 1061 Bullas
1881 1023 2027 1076 aliquas

490 1084 668 1122 nondum
700 1099 718 1122 a
749 1099 810 1122 me
842 1086 962 1132 visas,
993 1085 1165 1137 mihique
1194 1086 1474 1137 incompertas,
1503 1099 1601 1138 qnae
1632 1085 1832 1123 utilitatem
1859 1084 2027 1137 aliquam

492 1148 629 1185 afferre
646 1148 813 1199 possint,
831 1147 1028 1194 invenero,
1050 1147 1129 1183 iliis
1151 1160 1229 1184 non
1250 1148 1628 1199 praetcrmissurum,
1647 1155 1684 1185 et
1703 1146 2029 1199 supplementum,

488 1210 594 1262 quod
622 1209 704 1247 illas
732 1208 1020 1261 complectatur,
1038 1209 1076 1245 in
1107 1208 1180 1245 linc
1198 1208 1378 1247 editionis
1409 1209 1688 1261 praebiturum,
1715 1208 1822 1260 quod
1849 1208 2025 1246 solemne

487 1280 545 1310 est
563 1271 832 1309 collectoribus
854 1279 1028 1308 veterum
1056 1279 1413 1317 monumentorum,
1436 1279 1646 1323 nostraque
1664 1279 1784 1308 aetate
1804 1283 1886 1308 non
1906 1270 2023 1308 semel

487 1334 629 1371 factum
657 1333 838 1379 vidimus,
866 1341 904 1370 et
931 1332 979 1369 ab
1009 1332 1101 1384 ipsis
1132 1346 1261 1370 rerum
1290 1332 1501 1370 italicarum
1529 1334 1763 1383 scriptorum
1793 1331 2025 1379 editoribus,

488 1396 582 1434 dum
610 1394 704 1432 haec
724 1394 943 1441 scribimus,
972 1393 1113 1431 factum
1145 1394 1225 1432 fuit.

538 1457 617 1495 Iam
630 1470 723 1494 vero
738 1456 785 1493 de
800 1456 915 1503 notis,
930 1455 1025 1508 qua's
1044 1455 1253 1493 identidem
1272 1456 1386 1494 Bullis
1403 1456 1636 1494 subiecimus
1652 1455 1796 1508 aliquid
1817 1455 2025 1494 dicendum

485 1527 560 1556 est:
587 1518 673 1556 finis
702 1531 833 1555 earum
860 1517 1021 1569 duplex:
1043 1517 1316 1568 chronologiae
1339 1518 1523 1555 nimirum
1544 1518 1748 1563 restitutio,
1773 1526 1811 1555 et
1829 1517 2024 1556 Bullarum

485 1579 690 1626 vindiciae3
718 1588 881 1632 uterque
907 1580 1157 1627 necessarius,
1182 1589 1345 1631 uterque
1372 1579 1485 1617 utilis.
1502 1581 1632 1617 Primo
1646 1580 1763 1630 igitur
1786 1579 2024 1618 characteres

485 1641 799 1691 chronologicos,
823 1649 888 1678 aut
915 1641 963 1678 al>
996 1642 1165 1693 antiquis
1195 1641 1468 1693 scriptoribus,
1497 1650 1600 1679 anta
1628 1641 1921 1689 recentioribus,
1943 1642 2024 1679 sive

485 1704 599 1741 etiam
626 1717 646 1740 a
673 1702 836 1740 librariis
867 1703 1034 1750 vitiatos,
1060 1711 1250 1755 quantum
1273 1704 1311 1740 in
1336 1717 1397 1741 me
1425 1702 1508 1750 fuit,
1525 1703 1684 1741 restitui.
1704 1702 1853 1740 Deinde
1877 1702 2025 1754 aliquot

486 1765 610 1803 Bullas
639 1764 815 1802 Pontifici
851 1764 1016 1816 cuipiam
1045 1764 1139 1802 falso
1167 1764 1380 1816 adscriptas
1410 1765 1571 1816 proprio
1599 1778 1731 1802 earum
1759 1765 1904 1802 auctori
1937 1764 2024 1802 vin-

485 1825 618 1863 dicavi.
649 1825 687 1863 Si
711 1839 808 1877 quae
828 1839 919 1862 vero
942 1825 1068 1863 Bullae
1093 1835 1267 1877 repertae
1287 1835 1389 1873 sunt,
1409 1840 1508 1878 quae
1531 1825 1680 1863 nullum
1705 1825 2023 1876 chronologicum

485 1887 743 1924 characterem
771 1887 862 1924 satis
889 1886 1044 1924 firmum
1067 1886 1345 1938 praeseferant,
1373 1889 1480 1925 cuius
1509 1901 1584 1938 ope
1610 1887 1691 1925 dies
1713 1895 1751 1925 et
1778 1900 1920 1935 annus,
1941 1900 2023 1939 quo

485 1947 595 1986 datae
621 1957 734 1995 sunt,
761 1949 874 1986 statui
903 1949 1046 2000 possit,
1073 1948 1154 1987 illas
1180 1949 1218 1986 in
1250 1950 1326 1987 fine
1356 1949 1550 1987 Bullarum
1578 1948 1678 1987 illius
1714 1948 1931 1997 Pontificis,
1959 1949 2022 1987 cui

485 2010 771 2057 adscribuntur,
797 2010 1015 2048 adiecimus.

537 2074 664 2123 Atque
682 2071 773 2109 haec
793 2071 951 2123 quidem
970 2071 1336 2122 chronologicorum
1361 2072 1621 2111 characterum
1643 2072 1834 2111 restitutio
1855 2073 2022 2110 maxime

486 2133 589 2171 utilis
621 2147 663 2170 ac
692 2134 905 2170 necessaria
940 2142 998 2171 est
1031 2133 1078 2171 ad
1113 2134 1415 2172 Ecclesiasticam
1459 2135 1690 2181 Historiam,
1732 2148 1831 2187 quae
1870 2133 2022 2172 decimo

486 2194 713 2246 pracsertim
742 2194 905 2241 saeculo,
936 2194 1042 2245 qnod
1071 2196 1129 2232 sui
1150 2196 1354 2247 asperitate
1382 2195 1562 2242 ferreum,
1585 2195 1753 2248 malique
1788 2194 2021 2233 exundantis

486 2255 729 2293 deformitate
751 2254 974 2306 plumbeum
991 2284 1001 2303 ,
1024 2264 1140 2307 atque
1170 2257 1405 2308 scriptorum
1431 2258 1561 2308 inopia
1594 2257 1806 2295 obscurum
1834 2256 2021 2295 Baronius

486 2315 663 2368 appellat,
684 2329 815 2353 revera
846 2325 924 2353 tam
955 2316 1085 2354 densis
1112 2318 1328 2369 crassisque
1355 2318 1566 2356 offuscatur
1593 2318 1777 2366 tenebris,
1802 2327 1845 2356 ut
1864 2318 2022 2355 nonnisi

486 2378 763 2424 monumentis,
790 2377 984 2429 rebusque
1016 2392 1101 2430 quse
1130 2380 1170 2416 in
1201 2379 1246 2417 iis
1279 2379 1518 2426 referuntur,
1545 2380 1644 2417 bene
1672 2381 1877 2432 perceptis,
1906 2387 2022 2431 queat

486 2439 677 2477 illustrari.
708 2438 826 2488 Quod
855 2453 917 2476 me
946 2440 1181 2491 praestitisse
1209 2450 1452 2492 compertum
1481 2443 1553 2479 erit
1582 2442 1823 2479 restituendo
1842 2441 2022 2479 Chrono-

486 2500 640 2551 logiam,
667 2501 870 2553 Bullasque
901 2500 1071 2551 singulas
1102 2503 1180 2540 suis
1213 2502 1466 2541 Pontificibus
1494 2503 1713 2541 asserendo.

540 2563 668 2611 Quam
697 2561 935 2613 diligentiam
961 2576 1041 2599 non
1066 2571 1218 2600 tantum
1238 2564 1277 2600 in
1298 2564 1400 2602 notis
1418 2564 1679 2602 adhibendam
1697 2563 1790 2602 mihi
1813 2578 1897 2602 esse
1917 2563 2022 2611 duxi,

487 2636 622 2663 verum
648 2624 763 2662 etiam
794 2624 834 2661 in
862 2624 1059 2676 pontificia
1087 2624 1304 2664 ordinanda
1337 2625 1585 2678 chronologia
1613 2640 1633 2664 a
1663 2634 1797 2665 sancto
1829 2627 1944 2665 Petro
1973 2624 2022 2663 ad

2227 2718 2237 2989 ..Α-ψῃ-..-,--
2235 2675 2237 2679 .
