2237 3127
207 254 261 282 An.
287 251 316 280 C,
338 251 388 279 447

230 1156 354 1178 (tit-iulium·
374 1164 393 1177 t·-

224 1193 227 1196 ’
290 1201 301 1213 o
329 1194 393 1222 Aqui-

283 1238 292 1250 ι
321 1233 393 1258 pinto-

243 1834 319 1856 Mndnu
340 1836 395 1856 rcci-

245 1871 319 1899 pietali
337 1870 397 1892 ‹ln-ln-

257 1916 275 1937 ρ·
283 1915 316 1931 os.

466 254 511 288 66
990 255 1178 280 BULLAmUM

415 331 538 355 marum
560 329 685 352 suarum
713 313 824 357 salute,
843 311 952 347 fideles
973 310 1012 345 de
1036 309 1161 356 propria

417 368 589 403 substantia
619 365 763 400 ecclesiis
797 361 1008 397 contuleruut.
1036 359 1108 394 Dat.
1137 371 1163 393 11

417 417 564 452 kalendas
586 413 777 457 novembris,
799 411 912 459 Alypio
940 419 970 445 et
999 408 1163 444 Ardabure

417 467 483 501 W.
507 465 570 499 CC.
598 476 680 499 coss.

471 523 532 553 Dat.
550 522 597 552 (lie
615 521 648 551 31
674 518 813 555 octobris,
835 527 909 548 anno
931 516 1013 546 Dom.
1035 515 1104 552 447,

587 560 687 601 pontif.
706 559 811 589 Leonis
829 567 904 588 anno
926 565 985 587 V111.

766 677 807 713 X.

419 756 511 796 Ouocl
532 753 629 787 omnis
651 752 807 786 cuiuslibet
829 749 947 783 ordinis
961 747 1096 787 clericus,
1110 745 1164 790 qai

464 805 641 839 catholicam
675 803 809 835 deserens
835 799 1001 833 haereticae
1026 809 1055 830 se
1081 808 1164 830 com-

463 853 605 887 munioni
628 852 791 892 nii'scuero’t,
812 851 839 883 si
864 850 906 882 acl
928 847 1098 880 Ecclesiam
1113 858 1163 878 re-

465 915 567 937 versus
606 903 693 941 uerit,
724 902 755 933 in
775 912 808 933 eo
828 900 941 943 qradtt,
956 898 988 930 in
1010 908 1069 941 quo
1086 903 1162 937 erat,

465 955 529 986 sine
547 951 740 998 promotione
760 954 925 983 remaneat.

505 1028 553 1056 Leo
572 1027 711 1063 opiscopus
729 1025 805 1053 urbis
827 1024 923 1052 Romae
942 1022 1067 1051 Ianuario

632 1071 754 1107 episcopo
773 1068 945 1106 Aquileiensi.

464 1135 569 1171 Lectis
590 1133 791 1169 fraternitatis
814 1140 883 1167 tuae
898 1131 1009 1173 literis,
1024 1130 1162 1176 vigorem

419 1186 490 1220 fidei
514 1194 584 1219 tuae
606 1196 700 1231 quem
724 1183 798 1217 olim
828 1193 1025 1219 noveramus,
1060 1192 1166 1225 agno--

419 1236 536 1270 vimus:
560 1233 816 1280 congratulantes
850 1231 918 1270 tibi,
942 1229 1025 1277 quod
1049 1229 1085 1262 ad
1109 1241 1166 1263 cu-

311 1274 335 1286 m
357 1274 370 1286 ‘¹
418 1285 551 1319 stodiam
567 1283 708 1330 gregium
723 1281 839 1315 Christi
857 1280 1040 1328 pastoralem
1058 1291 1164 1313 curam

419 1334 583 1380 vigilanter
616 1332 800 1379 exequeris,
828 1343 866 1365 ne
901 1329 985 1376 lupi,
1019 1329 1072 1375 qui
1108 1328 1187 1362 sub*

420 1384 528 1431 specie
555 1382 658 1418 ovium
697 1381 922 1419 subintrarunt,
945 1378 1066 1413 bestiali
1095 1372 1188 1430 sae-l

420 1433 490 1467 vitia
513 1432 673 1480 simplices
695 1442 837 1478 quosque
864 1429 1046 1468 dilacerent,
1060 1435 1089 1461 et
1104 1439 1166 1461 non
1186 1433 1189 1458 l

419 1483 520 1517 solum
561 1482 616 1528 ipsi
645 1481 729 1515 nulla
767 1479 960 1514 correctione
993 1476 1167 1524 proficiant,

420 1532 474 1567 sed
498 1531 590 1567 etiam
612 1542 751 1578 ea,quae
774 1537 844 1563 sunt
867 1533 1169 1573 sana,corrumpant

420 1586 471 1625 (a).
503 1580 596 1623 Quod
616 1593 654 1615 ne
678 1581 801 1627 viperea
824 1578 922 1626 possit
947 1576 1087 1611 obtinere
1110 1576 1169 1610 fal-

420 1631 510 1671 lacia,
534 1630 736 1665 dilectionem
763 1637 846 1663 tuam
863 1627 1012 1661 duximus
1033 1637 1171 1661 comino-

421 1680 572 1720 nendam,
608 1680 806 1714 insinuantes
832 1678 869 1712 ad
893 1677 1015 1711 animae
1043 1675 1170 1722 pericu—

419 1730 482 1764 lum
515 1730 685 1777 pertinere,
718 1729 742 1763 si
765 1728 931 1775 quisquam
964 1725 1002 1760 de
1024 1725 1083 1765 his,
1116 1724 1169 1771 qui

420 1792 433 1811 :i
458 1779 552 1814 nobis
574 1779 604 1813 in
628 1778 870 1818 haereticorum,
892 1784 987 1823 atque
1021 1775 1171 1810 schisma-

421 1830 553 1863 ticorum
578 1837 696 1863 sectam
720 1827 869 1874 delapsis,
892 1833 922 1860 et
944 1837 976 1859 se
999 1834 1170 1871 utcumque
1190 1847 1192 1853 ι

423 1879 598 1913 haereticae
633 1876 865 1912 communionis
897 1875 1082 1921 contagione
1104 1886 1172 1908 nia·-

426 1927 547 1968 cularit,
571 1928 759 1975 resipiscens
781 1926 811 1960 in
831 1926 1054 1960 communione
1069 1923 1173 1958 catho-

429 1977 484 2012 lica
513 1978 582 2012 sine
598 1977 791 2025 professione
818 1975 975 2021 legitimae
992 1973 1174 2008 satisfactio-

428 2027 474 2061 nis
500 2026 653 2061 habeatur
675 2028 731 2069 (1).
760 2025 1009 2060 Saluberrimum
1032 2024 1173 2064 enim,et

422 2076 596 2123 spiritualis
618 2075 793 2110 medicinae
808 2075 938 2109 utilitate
953 2073 1171 2121 plenissimum

425 2133 483 2167 cst,
512 2134 546 2160 ut
567 2126 632 2161 sive
655 2124 837 2172 presbyteri,
865 2125 931 2158 sive
957 2123 1094 2168 diaconi,
1119 2130 1194 2164 aut¹

425 2175 594 2210 cuiuslibet
625 2174 746 2210 ordinis
772 2173 890 2217 clerici,
925 2173 977 2219 qui
1005 2185 1038 2207 se
1061 2184 1174 2208 corre-

424 2233 492 2259 ctos
513 2223 610 2259 videri
640 2223 760 2268 volunt,
795 2231 887 2270 atque
922 2222 959 2257 ad
988 2222 1173 2257 catholicam

427 2273 533 2314 iidem,
551 2285 646 2320 quam
675 2273 735 2307 iam
760 2272 880 2320 pridem
903 2272 1084 2313 amiserant,
1105 2284 1175 2306 rur-

425 2336 494 2357 sum
519 2323 630 2358 reverti
658 2322 819 2362 ambiunt3
845 2323 932 2368 prius
952 2334 1074 2356 errores
1088 2334 1174 2366 suos,

427 2380 458 2407 et
486 2373 571 2420 ipsos
610 2381 755 2407 auctores
786 2371 901 2405 erroris
928 2371 1068 2405 damnari
1103 2384 1118 2405 a
1142 2383 1176 2406 se

429 2422 496 2457 sine
529 2421 733 2468 ambiguitate
769 2420 931 2461 fateantur,
959 2429 993 2454 ut
1031 2420 1176 2455 sensibus

431 2471 532 2516 pravis
570 2473 662 2506 etiam
698 2472 870 2519 peremptis
905 2469 988 2504 nulla
1028 2469 1174 2516 sperandi

429 2521 567 2568 supersit
587 2522 722 2566 occasio,
745 2533 783 2556 ne
810 2520 909 2555 ullum
931 2519 1107 2554 membrum
1131 2527 1178 2554 ta-

466 2608 505 2648 (ᾳ)
520 2608 617 2637 Matth.
633 2609 659 2636 7.
698 2607 737 2643 (¹)
758 2609 769 2635 ¹
788 2617 815 2643 q.
836 2609 845 2635 l
865 2616 888 2637 c.
910 2610 939 2636 Si
954 2611 1011 2643 quis
1021 2610 1178 2642 haereticam·

431 2647 458 2671 et
478 2652 503 2670 in
517 2652 575 2681 cap.
593 2645 670 2672 Omn.
688 2646 836 2672 cuiuslibet.

1206 252 1369 276 nonnum!

1206 308 1281 342 lium
1314 307 1412 354 possit
1438 303 1587 340 societate
1619 303 1744 346 violari,
1782 317 1852 341 cum
1892 318 1948 354 per

1204 356 1307 391 omnia
1332 356 1393 390 illis
1420 355 1573 402 professio
1601 355 1722 401 propria
1746 355 1948 407 coeperitob-

1205 406 1287 441 viare
1309 408 1365 449 (1).
1393 405 1482 439 Circa
1509 416 1590 451 quos
1620 404 1712 438 etiam
1740 404 1824 438 illam
1852 417 1950 440 cano-

1205 468 1280 491 num
1303 454 1560 489 constitutionem
1605 452 1814 500 praecipimus
1839 463 1950 489 custo-

1204 505 1274 546 diri,
1303 513 1335 539 ut
1358 504 1388 538 in
1411 516 1526 550 magno
1561 502 1697 538 habeant
1734 501 1901 545 beneficio,
1923 503 1950 538 si

1203 555 1348 600 adempta
1375 553 1433 588 sibi
1464 553 1550 587 omni
1576 564 1632 599 spe
1668 551 1885 599 promotionis,
1917 553 1948 587 iu

1204 617 1267 652 quo
1294 603 1499 638 inveniuntur
1533 601 1655 643 ordine,
1688 600 1855 636 stabilitate
1877 613 1951 648 per-

1205 663 1297 701 petua
1314 660 1476 688 maneant:
1494 665 1520 687 si
1543 660 1647 686 tamen
1670 658 1778 685 iterata
1801 658 1952 686 tinctione

1204 717 1266 738 non
1292 703 1407 738 fuerint
1435 701 1591 737 maculati.
1627 700 1696 735 Non
1736 700 1835 735 levem
1867 700 1951 748 apud

1203 753 1306 787 Deum
1329 765 1441 787 noxam
1467 751 1609 795 incurrit,
1638 749 1690 797 qui
1716 749 1755 784 de
1778 748 1891 784 talibus
1912 749 1952 784 ad

1204 815 1310 837 sacros
1350 801 1582 849 promovendos
1626 799 1753 834 ordines
1794 799 1951 834 iudicarit.

1204 851 1296 894 Quod
1321 852 1345 886 si
1370 864 1440 886 cum
1473 850 1583 897 grandi
1619 848 1848 884 examinatione
1877 861 1953 896 pro·

1204 902 1302 936 motio
1325 900 1508 936 conceditur
1531 899 1708 946 inculpatis,
1729 898 1828 932 multo
1850 899 1953 945 magis

1205 964 1268 986 non
1290 950 1383 986 debet
1404 951 1499 985 licere
1525 948 1694 996 suspectis.
1720 946 1857 982 Proinde
1872 947 1954 982 dile-

1205 1001 1266 1036 ctio
1292 1009 1357 1043 tua,
1374 1000 1464 1035 cuius
1492 999 1656 1034 devotione
1677 996 1863 1044 gaudemus,
1880 996 1952 1031 iun-

1205 1058 1257 1096 gat
1280 1062 1387 1085 curam
1414 1062 1503 1084 suam
1534 1046 1795 1094 dispositionibus
1824 1046 1951 1091 nostris,

1207 1109 1235 1134 et
1262 1100 1314 1134 det
1341 1112 1486 1146 operam,
1516 1106 1548 1132 ut
1581 1098 1823 1143 circumspecte,
1856 1106 1951 1142 atque

1206 1150 1355 1183 velociter
1383 1149 1582 1192 impleantur,
1610 1159 1689 1194 quae
1710 1145 1748 1180 ad
1771 1145 1866 1180 totius
1888 1145 1952 1180 Ec-

1207 1199 1319 1233 clesiae
1346 1198 1603 1236 incolumitatem,
1625 1204 1656 1230 et
1677 1195 1876 1230 laudabiliter
1904 1195 1954 1229 di-

1207 1256 1294 1294 gesta
1322 1257 1410 1287 sunt,
1446 1256 1475 1282 et
1507 1246 1672 1281 salubriter
1706 1244 1860 1279 ordinata.
1885 1244 1954 1279 Non

1207 1306 1311 1332 autem
1335 1298 1455 1332 dubitet
1477 1297 1603 1331 dilectio
1618 1304 1681 1336 tua,
1708 1306 1778 1334 nos,
1806 1294 1830 1329 si
1858 1293 1954 1340 (quod

1208 1360 1269 1382 non
1306 1347 1503 1391 arbitrarimr)
1539 1346 1678 1391 neglecta
1711 1343 1841 1387 fuerint,
1873 1355 1955 1390 quae

1209 1410 1265 1444 pro
1292 1397 1432 1431 custodia
1456 1408 1623 1434 canonum,
1652 1402 1682 1429 et
1708 1406 1765 1440 pro
1787 1392 1858 1428 fidei
1881 1393 1956 1428 inte·

1208 1446 1318 1492 gritate
1345 1446 1545 1481 decernimus
1574 1443 1791 1479 vehementius
1813 1454 1955 1478 commo-

1188 1495 1338 1547 erntlos,
1368 1496 1438 1543 quia
1467 1494 1648 1529 inferiorum
1673 1492 1819 1528 ordinum
1846 1491 1956 1538 culpae

1188 1545 1246 1592 ,ad
1271 1545 1375 1580 nullos
1403 1544 1502 1590 magis
1529 1542 1710 1578 referendae
1743 1548 1828 1583 sunt,
1861 1553 1956 1589 quam

1188 1617 1189 1621 =
1209 1594 1246 1628 ad
1271 1594 1408 1635 desides,
1443 1593 1702 1640 negligentesque
1724 1599 1880 1626 rectores:
1903 1590 1957 1638 qui

1210 1644 1340 1679 multam
1364 1656 1458 1691 saepe
1479 1643 1619 1677 nutriunt
1641 1640 1862 1689 pestilentiam,
1879 1640 1956 1675 dum

1210 1694 1420 1728 necessariam
1455 1691 1655 1727 dissimulant
1680 1689 1832 1726 adhibere
1858 1689 1960 1725 medi-

1189 1775 1191 1786 ,
1211 1744 1313 1777 cinam
1336 1745 1391 1787 (02).
1426 1742 1498 1777 Dat.
1529 1754 1567 1776 ιιι
1595 1741 1655 1775 kal.
1679 1739 1824 1785 ianuarii,
1843 1738 1960 1788 Alypio

1189 1787 1191 1842 f
1211 1801 1241 1827 et
1264 1792 1429 1827 Ardabure
1455 1791 1522 1826 VV.
1544 1790 1609 1826 CC.
1637 1802 1718 1825 coss.

1251 1849 1312 1879 Dat.
1334 1849 1381 1880 die
1403 1849 1441 1879 30
1463 1847 1628 1878 decembris
1647 1856 1723 1877 anno
1744 1845 1827 1876 Dom.
1849 1846 1922 1884 447,

1370 1889 1501 1930 pontific.
1521 1888 1627 1917 Leonis
1645 1896 1721 1917 anno
1743 1895 1803 1916 vui.

1561 2007 1618 2043 Xl.

1217 2082 1379 2127 Exposi'li‘o
1405 2094 1493 2115 verae.
1513 2082 1671 2115 doctrinae
1692 2081 1730 2114 ab
1755 2079 1888 2113 Ecclesia
1910 2091 1964 2113 ca-

1265 2133 1376 2165 tholica
1405 2140 1536 2176 receptae
1559 2132 1596 2165 de
1625 2130 1738 2164 Christi
1764 2130 1895 2164 Domini
1914 2131 1965 2163 ἰἰι-

1264 2188 1452 2215 carnattoue.

1482 2250 1697 2281 SUMMARIUM

1217 2308 1243 2338 1.
1266 2308 1410 2347 Eutyches
1430 2307 1599 2337 detestatur.
1619 2324 1661 2330 --
1681 2307 1762 2337 Fidei
1791 2306 1865 2337 nihil
1888 2305 1967 2343 addi,

1256 2349 1329 2378 nihil
1350 2347 1443 2377 minui
1462 2352 1565 2387 potest.
1585 2365 1625 2370 —
1639 2347 1666 2377 ⁶2.
1682 2347 1807 2377 Nestorii
1829 2355 1910 2376 error
1931 2346 1967 2375 de

1258 2388 1456 2417 incarnatione
1477 2387 1573 2417 Verbi.
1595 2404 1635 2409 —
1660 2387 1804 2427 Eutyches
1828 2391 1858 2416 et
1874 2385 1963 2424 Apol-

1196 2426 1198 2441 ”
1259 2428 1376 2463 linaris3
1399 2427 1428 2456 iu
1451 2437 1507 2466 quo
1531 2427 1720 2457 concordant.
1745 2443 1786 2448 —
1804 2423 1966 2456 Manichaei

1196 2468 1198 2482 ³
1258 2472 1285 2497 et
1308 2467 1502 2496 Marcionitae.
1519 2484 1559 2489 --
1580 2467 1606 2497 3.
1629 2466 1804 2496 Huiusmodi
1822 2473 1967 2496 errores!

1197 2485 1199 2537 l
1258 2508 1367 2536 sanctis
1385 2507 1521 2536 Patribus
1540 2507 1669 2536 damnati
1689 2504 1968 2536 fuerunt.—lidem

1197 2581 1200 2605 Ι
1258 2556 1372 2576 errores
1389 2548 1611 2576 refutantur.-—
1623 2546 1709 2576 Solus
1730 2545 1865 2576 Christus
1882 2544 1968 2575 morti

1256 2609 1297 2643 (l)
1316 2609 1382 2635 Item
1405 2610 1413 2634 t
1438 2617 1463 2643 q.
1485 2609 1500 2636 7
1520 2616 1544 2636 c.
1569 2609 1794 2635 saluberrimum.
1832 2606 1873 2643 (2)
1899 2606 1968 2635 nist.

1197 2672 1201 2682 ¹
1220 2644 1255 2672 80
1269 2652 1294 2672 c.
1315 2645 1489 2679 Inleriorum.

1515 2707 1549 2715 .-.--
1561 2708 1564 2709 .

1985 238 2037 268 An.
2063 238 2093 268 C.
2117 239 2169 269 “7

1986 543 2076 573 Delapci
2089 542 2114 565 ad
2133 544 2172 566 Es·-

2000 580 2054 601 i-les.
2078 581 2160 601 reversi

1988 615 2009 637 iu
2038 624 2063 637 eo
2093 615 2169 644 gradu,

1989 651 2010 673 in
2039 660 2081 682 quo
2099 655 2170 679 arunt,

1988 691 2112 710 umanum

2023 1233 2114 1255 Muttini
