2237 3127
180 305 232 333 Au.
255 306 281 334 C.
313 308 364 335 819

204 600 346 621 (autumatio

179 636 341 665 privil-*pioviinl

179 676 199 692 vt
228 672 361 693 tblaliunum

300 708 359 730 [ἶσα-1.

179 717 189 727 1·
196 708 250 729 iilum

176 1261 265 1283 Nullum

174 1297 274 1327 cuiqnam
290 1299 317 1319 sit
336 1300 355 1320 in

173 1333 245 1361 rebus,
266 1342 356 1363 postes*

172 1369 268 1391 sionibus·
311 1375 354 1392 cte.

173 1404 199 1425 nd
232 1413 278 1426 eam
305 1414 354 1435 spe—

172 1442 281 1464 crantibus
303 1452 355 1466 eon-

174 1479 269 1502 reditur.

450 302 519 335 ⁶268

396 369 521 414 rapinae
535 366 601 400 eins
624 366 701 399 lines
724 364 926 412 praelargitae
940 372 1055 398 suntet
1074 377 1144 411 pro-

394 416 602 461 mulgationes
635 414 805 461 postulabit
831 417 874 458 (l)
899 426 1018 461 quoque
1052 414 1143 448 nobis

395 474 444 499 tua
466 464 588 499 almitas
609 464 718 498 eadem
747 464 812 510 ipsa
840 475 895 510 per
916 470 1040 497 nostros
1066 476 1142 509 apo—

392 515 519 549 stolicos
553 513 658 561 apices
679 513 857 547 firmitatem
879 512 1027 557 accipere.
1050 512 1142 548 Unde

391 571 565 598 annuentes
591 563 805 610 praeparatius
832 562 991 596 sancimus
1013 569 1043 596 et
1064 574 1141 597 cou-

392 613 552 647 firmamus
565 612 669 646 omnia
682 613 882 658 quecumque
895 618 963 645 sunt
980 611 1139 657 privilegia

394 662 476 697 edita
499 662 530 696 in
557 669 663 696 saneta
685 668 785 695 vestra
808 661 986 695 ravennatis
1008 661 1138 695 ccclesia

391 719 452 746 tam
470 711 748 758 praedecessorum
765 717 943 744 nostrorum
957 710 1137 756 pontificum

389 761 508 796 scilicet
531 768 656 795 sanctae
691 759 915 794 recordationis
941 759 1082 793 hadriani
1109 768 1139 794 et

389 810 488 845 leonis
504 822 559 845 seu
586 809 862 856 praedecessorum
885 810 1012 843 illorum
1027 821 1139 855 quam-

390 872 452 907 que
474 860 698 906 imperatorum
721 859 767 893 vel
795 858 877 893 dona
912 870 1020 903 regum
1049 865 1099 892 aut
1121 870 1137 892 a

390 909 569 944 christianis
586 908 769 942 hominibus
784 920 838 955 per
852 908 1068 942 donationibus
1091 907 1136 941 vel

389 958 625 994 venditionibus
646 969 701 991 seu
718 958 911 992 testamentis
926 957 1025 991 oblata
1056 957 1137 990 iusto

388 1008 499 1042 ordine
531 1007 716 1053 generaliter
738 1015 768 1041 et
789 1006 965 1053 specialiter
997 1008 1137 1040 omnium

387 1065 512 1092 sanctae
540 1065 611 1091 tuae
639 1056 797 1090 Ecclesiae
820 1056 992 1101 largitatem
1020 1067 1136 1089 conro-

387 1107 611 1149 vorationisffl.)
629 1106 802 1139 firmitatem
823 1105 853 1138 in
874 1111 1061 1151 perpetuum
1080 1104 1136 1139 ha—

388 1156 460 1191 bere
483 1155 695 1202 praecepimus
713 1162 743 1188 et
764 1154 988 1189 confirmamus
1012 1161 1043 1187 nt
1066 1154 1135 1187 nul-

387 1205 452 1239 lum
482 1205 585 1240 locum
612 1211 665 1239 aut
697 1204 744 1238 ins
769 1204 984 1238 subiacentem
1011 1203 1070 1236 snb
1092 1203 1136 1237 di-

333 1271 356 1283 ·12
386 1255 478 1290 cione
500 1262 625 1289 sanctae
647 1261 717 1287 litae
730 1253 892 1287 Ecclesiae
917 1264 971 1299 per
992 1252 1135 1299 quolibet

385 1304 616 1339 adinventionis
631 1311 816 1348 argumento
836 1302 972 1348 potentia
994 1314 1136 1348 quoquo-

385 1353 480 1388 modo
494 1353 630 1388 audente
646 1353 782 1386 iudz‘cari
803 1351 965 1385 sull'ultnm
983 1351 1064 1384 civili
1081 1359 1134 1385 aut

384 1403 508 1437 militari
533 1402 691 1449 praecinto
711 1402 852 1448 usurpari
877 1401 924 1434 vel
949 1400 1134 1435 subtrahere

382 1460 436 1487 aut
461 1452 576 1487 violare
597 1454 643 1486 vel
665 1451 830 1485 novatione
853 1450 1062 1484 edificationis
1084 1451 1129 1484 in-

382 1502 509 1543 ducere,
532 1502 586 1536 sed
609 1501 635 1535 si
664 1500 735 1547 quis
761 1507 903 1534 corutum
936 1506 988 1533 aut
1015 1499 1132 1533 caden-

383 1559 444 1585 tem
467 1551 616 1598 templum
637 1562 784 1584 renovare
806 1557 857 1582 aut
878 1548 1023 1582 edificare
1052 1556 1134 1582 tem-

384 1601 516 1648 ptaverit
539 1613 601 1634 non
635 1599 751 1633 habere
785 1598 940 1632 licentiam
980 1599 1133 1632 antehoc

382 1662 473 1696 agere
495 1650 553 1684 nisi
571 1650 655 1696 prius
666 1662 721 1694 per
735 1648 857 1682 solitam
879 1647 1130 1681 benedictionem

383 1708 510 1746 paterna
532 1706 686 1733 sanctitati
716 1705 835 1731 vestrae
857 1706 961 1730 saneta
985 1704 1015 1730 et
1038 1709 1132 1731 vene-

383 1749 487 1783 ravilis
509 1752 554 1793 (5)
579 1761 655 1783 crux
678 1747 718 1781 ibi
748 1746 858 1792 ligatur
885 1759 983 1792 neque
1005 1759 1042 1779 ex
1073 1746 1132 1780 alio

382 1799 564 1846 episcopato
598 1797 723 1831 dicione
755 1804 808 1830 aut
849 1795 981 1830 civitatis
1015 1795 1130 1829 ibidem

381 1849 542 1883 venientes
578 1855 609 1881 et
636 1854 866 1881 commorantes
888 1845 954 1879 Deo
988 1846 1132 1878 amabiles

383 1898 516 1932 clericos
533 1908 731 1944 praesumere
746 1895 776 1929 in
792 1894 1028 1929 subiacentibus
1045 1894 1132 1928 vobis

382 1947 533 1981 Ecclesiis
553 1946 621 1980 sine
647 1944 898 1992 praccepfioncm
925 1951 1059 1977 vestram
1082 1956 1131 1977 sa-

382 1997 570 2031 cerdotalem
593 2006 684 2041 agere
705 1993 930 2032 ministerium,
953 1993 1052 2038 magis
1073 2005 1133 2027 au-

383 2053 445 2080 tem
468 2053 499 2080 et
523 2057 634 2080 omnes
660 2043 849 2078 advenarum
877 2042 1132 2088 religiosissimos

384 2095 514 2130 clericos
546 2094 663 2139 leniit-es
696 2101 788 2140 atque
821 2092 961 2126 actiones
997 2098 1131 2125 vestram

384 2144 578 2179 sanctitatem
600 2142 750 2177 obaudire
769 2154 804 2176 ac
820 2141 949 2175 delinire
971 2149 1001 2175 et
1023 2153 1133 2175 secun-

384 2194 460 2228 dum
482 2193 655 2228 divinarum
678 2192 782 2238 legum
801 2199 831 2225 ct
853 2190 1132 2225 sacratissimarum

386 2243 562 2289 regularum
582 2249 692 2276 tenore
713 2241 859 2275 effectum
888 2240 918 2274 in
946 2240 990 2274 eis
1018 2239 1131 2274 inferre

386 2293 576 2327 monasterio
602 2299 703 2326 vestro
729 2291 829 2324 sancti
866 2289 956 2335 primi
997 2289 1132 2323 martiris

384 2341 536 2389 Stephani
568 2341 621 2388 qui
649 2340 695 2375 sic
720 2339 901 2374 nominatur
928 2338 1131 2373 fundamenta

384 2399 414 2426 et
435 2389 552 2426 reiacet
585 2392 668 2424 iuxta
705 2389 852 2436 palatium
883 2401 951 2421 eum
983 2387 1132 2422 omnibus

383 2440 485 2475 cidem
513 2439 745 2488 pertinentibus
778 2437 934 2484 religiosis
968 2437 1132 2471 monachis

383 2490 488 2525 omnia
520 2488 695 2524 veneranda
727 2487 851 2522 oracula
873 2499 906 2521 ac
941 2486 1131 2521 monasteria

383 2549 414 2574 et
434 2547 554 2575 ceteros
578 2537 773 2573 venerandos
784 2537 870 2571 locos
891 2535 950 2570 suh
966 2535 1131 2582 parrochia

383 2590 552 2624 existentes
585 2587 739 2623 sanctitati
768 2593 887 2621 vestrae
912 2585 972 2619 sub
1006 2584 1130 2619 dicione

416 2670 456 2705 (t)
472 2668 628 2696 Postulavit.
665 2667 704 2702 (ᾖ)
721 2664 961 2693 Conroborationis.
983 2663 1023 2699 (5)
1040 2663 1128 2691 Vene-

383 2713 481 2743 rabitis.

976 310 1163 332 inuitatum!
1192 310 1353 333 ROMANUM

1184 374 1214 398 ct
1241 372 1391 410 potestate
1414 364 1569 397 sanctitati
1593 370 1711 398 vrstrae
1734 363 1931 407 subiaceant7

1183 420 1213 448 et
1230 426 1285 460 per
1301 422 1330 448 te
1345 420 1469 448 sanctae
1485 420 1554 447 tuae
1568 413 1728 448 Ecclesiae
1742 421 1771 448 et
1785 426 1931 461 quecum-

1182 475 1243 509 que
1265 465 1358 497 saeris
1380 462 1425 496 eis
1446 462 1618 508 privilegiis
1633 464 1661 496 in
1679 463 1800 509 integro
1822 464 1931 498 obser-

1183 512 1291 547 vandis
1312 524 1408 558 super
1429 512 1477 545 bis
1499 524 1557 545 nee
1576 512 1695 546 nullutn
1714 513 1853 547 molestia
1875 522 1928 548 aut

1181 562 1324 607 angarias
1346 570 1395 595 aut
1419 561 1618 605 ¹qravamina7
1641 569 1694 595 ant
1715 562 1862 596 excuvias
1885 566 1930 607 (l)

1181 611 1311 657 quilibet
1326 610 1439 645 inferre
1453 610 1529 656 parti
1541 619 1664 645 sanctae
1677 618 1747 645 tuae
1760 611 1930 649 Ecclesiae.

1181 672 1239 695 nec
1266 673 1327 694 non
1355 659 1485 694 colonos
1511 668 1563 693 aut
1591 660 1753 707 partiarios
1778 667 1805 693 et
1825 673 1932 696 servos

1181 709 1378 744 subiacentes
1394 710 1472 756 parti
1489 717 1614 743 sanctae
1636 717 1755 744 vestrae
1769 709 1930 746 Ecclesiae

1180 771 1195 793 a
1218 759 1358 805 quolibet
1379 760 1519 793 onmium
1536 758 1573 792 ad
1591 758 1789 793 militandum
1810 761 1931 794 subtra-

1180 808 1276 851 here,
1299 808 1353 842 sed
1377 809 1403 842 si
1428 808 1548 842 militati
1578 808 1691 842 fuerint
1717 820 1771 842 eos
1793 808 1927 856 discingi

1179 865 1209 892 et
1234 857 1407 892 dismilitari
1438 858 1581 892 iuvemus
1606 860 1652 898 (⁹2)
1680 865 1799 892 vestrae
1832 870 1929 893 vene-

1179 906 1292 941 randae
1315 907 1466 941 redituros
1490 907 1579 953 parti,
1603 914 1636 941 ut
1657 907 1681 940 si
1706 907 1775 953 quis
1795 907 1865 942 talia
1881 917 1928 943 te-

1178 967 1285 990 meran
1302 956 1505 1003 praevaricari
1522 957 1719 1003 temptaverit
1734 956 1772 990 ‹le
1788 956 1837 991 his
1851 969 1931 1004 quae

1177 1018 1193 1039 a
1216 1005 1307 1040 nobis
1335 1006 1404 1052 piae
1425 1008 1543 1040 sancita
1565 1013 1637 1040 sunt
1659 1014 1689 1039 et
1712 1005 1789 1040 iuste
1804 1018 1820 1040 a
1838 1006 1928 1042 uobis

1179 1055 1298 1101 petistis
1319 1063 1349 1089 et
1385 1068 1438 1102 per
1467 1063 1664 1102 praesentem
1693 1063 1831 1090 nostram
1856 1069 1930 1103 apo-

1177 1104 1317 1139 stolicam
1339 1105 1518 1139 continetur
1539 1106 1707 1149 sermidam
1730 1117 1792 1139 non
1826 1106 1927 1140 solnm

1178 1154 1253 1188 nibil
1277 1155 1465 1201 praevaleat,
1483 1154 1536 1188 sed
1553 1154 1645 1188 etiam
1664 1166 1720 1200 pro
1742 1155 1834 1188 talem
1850 1162 1929 1189 atro-

1175 1215 1242 1237 cem
1271 1204 1432 1237 audaciam
1456 1212 1485 1237 et
1507 1205 1646 1237 omnium
1673 1215 1800 1237 suarum
1830 1204 1928 1239 facul-

1176 1260 1272 1287 tatum
1295 1253 1499 1287 ammissione
1532 1252 1686 1286 saciantur
1719 1264 1778 1287 nec
1800 1265 1863 1287 non
1896 1261 1927 1288 et

1175 1303 1351 1336 animarum
1376 1302 1570 1337 adversionis
1598 1302 1770 1348 periculum
1798 1302 1928 1338 minime

1175 1352 1332 1386 declinare
1356 1352 1491 1399 poterint
1523 1351 1754 1385 sufficientibus
1776 1351 1925 1387 omnibus

1176 1401 1205 1434 in
1220 1402 1398 1436 ostensione
1412 1402 1479 1436 sola
1492 1400 1587 1435 huius
1601 1402 1791 1448 apostolicae
1804 1409 1930 1436 nostrae

1175 1451 1378 1485 exaracionis.
1402 1451 1437 1485 Si
1458 1450 1530 1497 quis
1552 1462 1625 1485 vero
1653 1458 1758 1484 contra
1786 1450 1846 1485 hoe
1868 1463 1926 1486 no-

1175 1509 1273 1534 strum
1289 1500 1498 1547 apostolicum
1517 1507 1716 1546 praeceptum
1732 1500 1829 1546 egerit
1846 1512 1927 1535 com-

1175 1558 1270 1596 ponat
1292 1550 1357 1583 auri
1381 1549 1471 1584 obriti
1494 1553 1538 1592 (5)
1561 1549 1656 1584 libras
1677 1548 1818 1596 quinque
1841 1550 1928 1584 insu-

1176 1612 1230 1645 per
1256 1609 1284 1633 et
1312 1599 1517 1633 anathematis
1541 1599 1672 1633 vinculis
1693 1599 1731 1632 sit
1761 1599 1926 1634 innodatus

1174 1656 1202 1681 et
1239 1656 1407 1695 perpetuae
1433 1647 1689 1682 condemnationi
1724 1649 1925 1682 summissus.

1174 1698 1267 1739 Quod
1291 1707 1492 1744 praeceptum
1526 1697 1774 1731 confirmationis
1795 1710 1812 1732 a
1834 1698 1925 1732 nobis

1175 1748 1289 1781 sactum
1319 1746 1521 1781 scrivendum
1545 1750 1589 1790 (4)
1618 1746 1839 1793 praecepimus
1870 1746 1928 1781 Ἰἰ-

1175 1797 1300 1831 motheo
1323 1796 1443 1831 notario
1465 1804 1495 1830 et
1516 1796 1681 1830 scriniario
1703 1795 1786 1829 sedis
1801 1805 1926 1831 nostrae

1175 1846 1203 1880 in
1239 1858 1346 1880 mense
1376 1846 1450 1880 iulio
1479 1845 1650 1880 indictione
1685 1844 1873 1880 duodecima
1899 1849 1924 1889 †

1174 1896 1260 1930 Bene
1282 1896 1380 1930 valete
1403 1899 1438 1938 †.

1222 1945 1337 1979 Datum
1361 1958 1378 1979 v
1403 1945 1472 1979 idus
1487 1944 1577 1979 iulias
1595 1956 1652 1991 per
1672 1956 1800 1979 manum
1821 1943 1922 1990 Sergii

1173 1994 1402 2029 bibliothecarii
1418 2002 1544 2029 sanctae
1562 1994 1646 2028 sedis
1659 1993 1846 2040 apiostolicae
1865 1994 1923 2027 im-

1174 2052 1302 2090 perante
1332 2043 1461 2078 domino
1498 2051 1605 2078 nostro
1628 2052 1773 2088 perpetuo
1791 2051 1923 2089 augusto

1174 2093 1348 2128 illudovico
1363 2105 1380 2127 a
1394 2091 1462 2127 Deo
1484 2099 1633 2128 coronato
1655 2104 1768 2138 magno
1791 2093 1923 2139 pacifico

1174 2143 1359 2189 imperatore
1381 2154 1463 2176 anno
1485 2149 1572 2176 sexto
1588 2149 1701 2188 etpost
1723 2141 1922 2176 consulatum

1173 2191 1240 2226 eius
1261 2204 1341 2226 anno
1363 2199 1446 2225 secto
1469 2191 1523 2226 sed
1539 2199 1568 2226 et
1584 2190 1747 2225 Hlothario
1766 2203 1846 2225 novo
1863 2191 1923 2224 im-

1174 2249 1315 2288 peratore
1336 2242 1406 2275 eius
1428 2241 1492 2275 tilio
1513 2252 1596 2275 anno
1601 2266 1723 2274 ..........
1752 2240 1924 2275 indictione

1173 2290 1363 2326 duodecima
1385 2293 1440 2333 (5).

1260 2339 1320 2378 Dat.
1339 2348 1386 2377 (ne
1406 2348 1437 2377 ιιι
1460 2347 1523 2376 iuni
1542 2356 1618 2376 anno
1636 2345 1752 2376 Domini
1771 2347 1838 2384 819,

1358 2387 1458 2427 pontif.
1475 2387 1578 2416 Paseh.
1598 2396 1674 2416 anno
1692 2395 1734 2416 ιιι.

1208 2454 1247 2490 (l)
1263 2454 1404 2480 Exeubias.
1427 2453 1465 2488 (⁰2)
1478 2453 1612 2479 iubemus.
1643 2451 1681 2491 (5)
1694 2451 1842 2512 Otii-izi.(t1)
1853 2451 1920 2478 Seri-

1173 2490 1298 2517 bendum.
1337 2489 1375 2523 (5)
1392 2490 1519 2515 Praesens
1539 2487 1704 2522 privilegium
1715 2494 1728 2512 a
1741 2487 1856 2514 Pasciali
1875 2488 1924 2513 l’a-

1174 2526 1290 2552 tronacio
1307 2525 1447 2550 Ravennae
1472 2523 1669 2558 archiepiscopo
1694 2530 1848 2548 concessum
1870 2523 1925 2557 pri-

1174 2569 1245 2587 mum
1261 2569 1274 2587 a
1291 2561 1455 2594 Hieronymo
1472 2559 1574 2590 Rubeo,
1597 2558 1664 2584 Hist.
1684 2558 1762 2589 Rav.⁷
1780 2565 1838 2592 pag.
1860 2558 1922 2590 ⁶257,

1172 2596 1318 2623 exhibitum
1336 2595 1380 2630 (ex
1397 2603 1449 2629 quo
1469 2594 1563 2620 caeteri
1590 2593 1776 2627 exscripsere)‚
1794 2592 1923 2619 Mediola-

1174 2639 1267 2658 nenses
1294 2631 1402 2656 Palatini
1424 2630 1488 2656 soeii
1505 2630 1529 2655 in
1546 2628 1717 2656 celeberrimo
1739 2631 1765 2653 et
1785 2628 1925 2654 utilissimo

1173 2667 1243 2701 quod
1265 2674 1347 2700 nuper
1364 2665 1514 2695 ediderunt⁷
1533 2664 1631 2690 Rerum
1649 2663 1797 2689 Italicarum
1809 2666 1924 2697 scripto-

1174 2711 1233 2730 rum
1248 2702 1366 2738 Corpore
1381 2704 1407 2728 et
1422 2700 1528 2736 quidem
1546 2703 1609 2729 tom.
1628 2706 1657 2731 n,
1684 2706 1742 2734 pag.
1769 2699 1821 2725 ⁹220
1845 2697 1919 2734 (itt)

1960 307 2012 335 Au.
2043 307 2070 335 C.
2092 309 2144 335 819

1961 1494 2045 1515 Poenae
2077 1493 2142 1523 spiri-

1958 1530 2027 1553 tuales
2044 1533 2065 1553 εἰ
2085 1540 2140 1553 cui·-

1958 1566 2045 1595 porales
2058 1567 2078 1588 in
2091 1575 2142 1589 con-

1958 1602 2114 1624 trax-enimus.
