2237 3127
76 295 129 325 An.
151 293 180 324 C.
206 294 259 325 492

945 325 971 349 S.
1002 325 1158 348 GELtsws
1179 324 1191 347 1

480 392 519 450 S.
562 391 788 449 Gattstus
831 391 846 447 Ι

585 477 679 508 ΡΑΡΑ
707 477 739 507 Ll

340 538 433 572 Anno
453 549 544 571 aerae
566 538 679 571 Christi
697 549 804 570 comm.
823 537 983 570 CDXCII.

285 602 462 686 Gelasius,
484 642 609 677 natione
631 642 707 683 afer,
726 654 765 676 ex
789 650 875 689 patre
898 642 1038 683 Valerio,

282 694 403 727 electus
435 691 532 726 Felici
567 704 745 731 successor,
780 691 943 726 ordinatur
977 692 1037 725 kal.

283 741 384 776 martii
417 753 501 775 anuo
539 743 620 774 492.
655 740 745 775 Sedit
779 740 839 775 sub
869 741 1037 775 Anastasio

283 790 471 837 imperatore
493 799 523 824 et
544 789 688 824 Odoacre
710 802 745 823 ac
767 789 965 824 Theoderico
989 802 1038 824 re-

280 839 373 885 gibus
393 851 493 874 anuos
514 851 560 879 iv,
584 852 683 872 mens.
711 851 784 878 vni,
804 839 871 872 dies
899 851 998 879 xviii,
1021 851 1038 873 a

280 889 444 923 consulatu
457 887 615 922 Anastasii
628 887 710 934 Aug.
725 896 755 921 et
766 887 840 921 Ruti
854 887 892 922 ad
903 888 1035 922 Paulum

279 936 381 972 solum
404 938 581 972 consulein.
609 937 699 971 Fecit
720 937 936 972 ordinationes
958 938 1036 971 (luas

281 999 336 1033 per
356 999 482 1022 menses
505 986 693 1021 februariiet
707 987 897 1030 decembris,
921 987 1037 1033 quibus

280 1036 396 1070 creavit
425 1036 623 1083 presbyteros
643 1036 865 1081 trigintaduos‚
885 1036 1036 1071 diaconos

280 1084 372 1129 duos,
391 1086 557 1132 episcopos
580 1098 635 1132 per
656 1086 777 1120 diversa
794 1086 860 1120 loca
873 1085 1034 1131 sexaginta

279 1143 412 1180 septem.
443 1134 519 1170 Post
547 1135 704 1182 expletam
733 1136 954 1170 mortalitatem
976 1135 1034 1169 de-

282 1184 403 1231 positus
436 1193 483 1218 est
519 1186 546 1218 iu
579 1184 706 1220 basilica
728 1184 765 1218 B.
794 1185 879 1219 Petri
902 1185 1035 1231 apostoli

281 1245 316 1267 xt
338 1233 398 1268 kat.
415 1233 591 1269 decembris
607 1246 689 1270 anuo
706 1236 787 1269 496.
804 1234 1036 1269 Vocaritscdcs

280 1282 349 1318 dies
369 1294 402 1318 v.

644 1359 670 1395 I.

286 1426 361 1460 Tria
377 1427 543 1471 praecipua
572 1428 760 1472 Pelaqianae
781 1429 910 1461 haeresis
931 1429 1035 1473 capita

329 1477 528 1520 refelluntur:
556 1479 692 1520 primum
729 1480 851 1517 scilicet,
886 1481 1034 1521 purvulos

328 1527 393 1559 sine
418 1527 567 1570 originali
590 1535 711 1571 peccalo
728 1529 829 1560 nasci:
857 1530 1033 1567 secuml-tm,

329 1575 383 1608 Itos
397 1588 456 1620 pro
482 1577 547 1608 solo
563 1585 685 1620 peccato
706 1577 858 1621 oriyinali
871 1590 931 1610 uon
945 1579 1035 1611 (Iant-

331 1626 420 1659 uari:
443 1627 578 1667 tertium,
603 1627 741 1670 qratiam
764 1628 806 1659 ml
827 1627 954 1659 sulutem
975 1640 1035 1660 aon

330 1687 389 1709 esse
409 1676 619 1717 necessariam,
633 1677 777 1720 illamque
797 1678 962 1712 sei-malton
979 1677 1036 1709 Ιιυ-

332 1725 450 1759 minum
473 1726 579 1758 merila
607 1726 741 1770 conferri
759 1727 821 1769 (Ι).

549 1797 765 1828 SUMMARIUM

283 1856 308 1886 ¹.
323 1854 535 1893 Negligentiam
552 1855 757 1894 episcoporum
771 1857 897 1886 (laniunt.
912 1874 952 1880 —-
967 1857 1035 1897 lei-

321 1896 403 1934 scopi
419 1895 448 1924 in
464 1895 565 1924 arduis
591 1895 681 1924 rebus
712 1895 816 1925 Sedent
833 1897 1032 1935 Apostolivam

320 1934 429 1964 debent
451 1934 765 1974 percunctari.—Cur
781 1937 852 1965 haec
879 1938 1034 1976 scripserit

320 1974 467 2012 Pelagius,
486 1975 626 2004 rationem
645 1975 834 2005 demonstrat.
846 1993 885 1997 —
901 1976 1032 2007 l'rimum

321 2014 495 2052 Pelagianae
520 2015 652 2044 haeresis
675 2020 771 2054 caput,
789 2017 925 2054 parxulos
946 2018 1032 2046 seili-

321 2058 367 2084 cet
389 2063 455 2082 cum
479 2054 614 2091 originali
641 2059 759 2093 peccato
782 2056 864 2084 nasci
888 2057 1032 2086 iniustum

320 2094 474 2124 videri.-—
488 2093 518 2122 ln
536 2094 628 2123 Adam
648 2094 775 2124 bumana
802 2100 902 2124 natura
933 2106 1035 2135 peeca-

322 2133 561 2163 vit.—Libertas
572 2135 1032 2166 estnaturalisexDeicreatione.

319 2190 360 2195 —
375 2172 505 2202 Servitus
521 2178 564 2203 est
582 2174 745 2212 exlegibus
765 2175 913 2205 humanis.
929 2193 969 2199 —
984 2176 1035 2206 Se-

322 2213 451 2242 cundum
465 2213 638 2251 pelagianae
651 2214 781 2243 haeresis
793 2220 889 2254 caput,
906 2216 1032 2245 infantes

322 2253 387 2282 sine
409 2252 583 2292 baptismate
606 2262 663 2282 non
686 2254 830 2284 dan‘inari.
847 2272 887 2277 ———
904 2255 1032 2285 Infantes

321 2302 376 2321 cur
391 2293 930 2324 insufflanturetcatechizantur.—2.
947 2295 1033 2324 Eius-

322 2333 388 2362 dem
401 2333 512 2362 erroris
542 2332 711 2362 confutatio.
725 2350 766 2355 —
781 2334 809 2363 3.
827 2333 955 2364 Infantes
976 2346 1033 2365 non

322 2371 460 2411 baptizati
471 2373 494 2402 si
507 2382 562 2401 non
580 2373 720 2408 danmati,
732 2378 809 2402 certe
820 2374 849 2403 in
863 2380 953 2404 morte
970 2385 1034 2413 per-

323 2417 408 2451 petua
431 2413 594 2441 constituti.
610 2429 650 2434 -—
664 2412 688 2442 l.
709 2412 898 2443 Convincitur
916 2416 1033 2444 tertium

322 2456 472 2491 caput.—
486 2451 622 2481 Christus
639 2461 691 2490 per
715 2454 880 2491 passionem
898 2455 1032 2484 hommes

322 2492 398 2521 eruit
410 2492 445 2521 de
457 2495 548 2521 morte
560 2502 593 2521 ex
605 2501 660 2530 qua
675 2502 725 2531 per
741 2493 836 2522 solum
853 2494 976 2523 liberum
989 2504 1034 2523 ar-

323 2531 442 2561 bitrium
460 2531 564 2561 salvari
578 2540 634 2560 non
649 2533 824 2570 potuissent.
842 2550 882 2555 -—
900 2534 1033 2564 Secunda

323 2579 390 2610 pars
404 2572 479 2601 tertii
496 2572 599 2609 capitis
619 2571 793 2610 pelagianae
811 2573 942 2603 haeresis
970 2583 1035 2611 5111-

323 2611 392 2640 tiam
415 2611 577 2640 secuudum
604 2612 703 2640 merita
726 2613 873 2642 {munium
906 2614 979 2643 dari.
995 2631 1036 2636 —

283 2672 422 2736 &qiam
443 2676 550 2701 vetusto
573 2672 668 2700 Codice
697 2673 822 2701 Vaticano
850 2674 932 2701 edidit
960 2675 1032 2702 card.

321 2716 333 2735 r
378 2727 385 2734 .

777 2766 784 2768 ⁷
800 2764 833 2775 *⁷³³

1052 966 1058 1018 1

1744 315 1790 348 9ἲί

1128 378 1212 408 Viros
1224 388 1282 407 non
1298 387 1364 407 esse
1377 377 1599 416 congregandos
1613 387 1679 408 cum
1692 378 1839 410 foeminis.

1126 418 1299 448 —Diversa
1321 418 1461 448 habitatio
1484 419 1614 448 virorum
1641 423 1668 449 et
1688 428 1839 449 sacrarum

1128 468 1285 496 virginum.

1086 523 1244 552 (zelasius
1269 523 1450 562 episcopus
1476 524 1645 553 universis
1668 525 1839 564 episcopis

1145 573 1204 602 per
1225 563 1389 592 Picenum
1407 564 1440 592 in
1461 563 1606 592 Domino
1623 564 1777 594 salutem.

1134 627 1164 658 1.
1188 625 1367 659 Barbaricis
1389 625 1543 660 haetenus
1566 626 1753 661 dolebamus
1781 627 1838 661 iu-

1081 673 1228 708 cursibus
1252 675 1386 709 maxime
1410 676 1528 709 vicinas
1551 675 1618 710 urbi
1648 677 1836 722 provincias,

1080 732 1109 757 et
1135 723 1286 757 bellorum
1311 736 1399 758 saeva
1424 732 1610 771 tempestate
1633 726 1835 764 vastari25eil

1079 780 1230 818 quantum
1249 774 1328 806 inter
1342 773 1408 818 ipsa
1427 774 1600 808 recentium
1624 775 1835 809 calamitatum

1080 822 1227 855 ferventia
1253 822 1389 868 pericula
1413 823 1636 869 comperimus,
1676 825 1837 870 1191111610-

1078 871 1194 904 siorem
1223 870 1371 905 diabolus
1395 871 1637 906 christianorum
1676 873 1835 908 mentibus

1079 919 1190 953 labem.
1219 932 1311 966 quain
1348 921 1535 965 corporibus
1568 921 1689 955 hostilis
1719 922 1834 966 feritas,

1079 969 1243 1014 irrogavit:
1258 969 1340 1016 quod
1355 969 1470 1003 malum
1483 970 1698 1017 principaliter
1713 971 1833 1006 illarum

1078 1018 1242 1063 regionum
1283 1019 1409 1064 respicit
1451 1019 1640 1062 sacerdotes,
1668 1020 1720 1066 qui
1750 1028 1833 1055 tanta
1874 1038 1885 1049 ‹-

1077 1068 1222 1113 segnitia,
1235 1076 1382 1114 tantaque
1399 1068 1564 1102 ministerii
1582 1069 1834 1104 dissimulatione

1077 1117 1230 1164 suscepti,
1252 1117 1492 1151 commissarum
1517 1118 1574 1152 sibi
1605 1118 1767 1164 negbgnnt
1784 1132 1834 1153 re-

1076 1166 1179 1212 gimen
1204 1167 1392 1209 animarum,
1418 1175 1450 1200 ut
1476 1180 1528 1202 eas
1547 1168 1639 1201 etiam
1655 1168 1694 1202 ab
1710 1169 1832 1214 exiguis

1076 1216 1255 1263 quibusque
1284 1216 1425 1250 bestiolis
1449 1217 1575 1251 lacerari
1605 1217 1664 1251 sub
1695 1230 1834 1265 conspe-

1076 1266 1181 1300 ctibus
1218 1266 1285 1300 suis
1326 1267 1456 1312 impunc
1484 1266 1656 1313 patiantur:
1687 1268 1832 1314 quinimo

1076 1315 1286 1362 subrepentes
1303 1315 1458 1361 nequitias
1481 1315 1689 1356 confovendo,
1717 1324 1747 1350 et
1773 1317 1832 1351 de-

1077 1365 1296 1411 pravatoribus
1331 1365 1562 1411 acquiescendo
1589 1365 1745 1405 fidelium,
1766 1379 1828 1400 non

1076 1415 1178 1448 solum
1207 1426 1258 1448 eas
1286 1414 1416 1448 minime
1461 1415 1641 1458 retrahant,
1680 1415 1735 1449 sed
1771 1416 1830 1462 ipsi

1077 1465 1178 1510 magis
1202 1464 1371 1510 praebeant
1395 1465 1520 1510 propria
1549 1465 1740 1498 nutrimenta
1761 1478 1833 1511 per-

1076 1513 1204 1547 ditionis
1227 1514 1383 1560 exemplo.
1407 1513 1491 1555 Quid
1516 1522 1618 1548 autem
1634 1514 1709 1548 tales
1726 1523 1832 1549 essent

1075 1563 1173 1596 acturi
1198 1563 1372 1609 pontifices,
1395 1564 1418 1597 si
1443 1563 1537 1609 (quod
1561 1564 1651 1604 absit)
1668 1563 1714 1598 vel
1730 1564 1832 1610 aliqua

1076 1625 1154 1646 nova
1176 1612 1282 1658 pestis,
1305 1620 1335 1646 et
1364 1612 1508 1658 primitus
1525 1613 1664 1658 ignorata
1683 1625 1830 1659 prorum-

1077 1671 1174 1708 peret,
1199 1662 1244 1695 vel
1266 1662 1402 1707 ingeniis
1417 1662 1601 1706 acrioribus,
1617 1663 1828 1709 sensibusque

1077 1712 1220 1751 versutis,
1247 1719 1300 1746 aut
1327 1711 1429 1757 aliqua
1466 1712 1673 1746 saecularium
1710 1712 1831 1746 doetri-

1076 1774 1187 1794 narum
1212 1761 1320 1807 peritia
1344 1761 1478 1798 callidis,
1502 1762 1652 1807 sacrilega
1680 1761 1831 1808 blaspbe-

1076 1810 1208 1843 miarum
1237 1810 1318 1844 dicta
1348 1818 1579 1857 promerentur,
1601 1811 1654 1858 qui
1680 1818 1740 1844 tam
1772 1823 1832 1845 ve—

1076 1860 1149 1893 teris
1175 1860 1290 1893 erroris
1317 1859 1427 1893 detrita
1463 1869 1641 1894 commenta
1660 1887 1668 1899 ,
1704 1869 1831 1907 tamque

1077 1909 1247 1943 maioribus
1282 1909 1485 1943 ecelesiarum
1524 1909 1698 1955 magistris,
1734 1922 1829 1956 quain

1075 1958 1166 1992 etiam
1197 1966 1300 1992 nostra
1319 1967 1418 1993 aetate
1431 1959 1571 1993 coni-ieta
1592 1972 1654 1993 non
1675 1959 1829 1999 recolunt,

1075 2020 1130 2041 nee
1146 2007 1290 2050 refutant,
1305 2016 1397 2054 atque
1414 2008 1451 2041 ab
1471 2008 1636 2054 imperitis,
1662 2008 1829 2055 stultisque

1077 2056 1195 2102 prolata
1219 2070 1278 2090 non
1297 2066 1460 2103 respuunt.
1477 2056 1600 2091 Gratias
1618 2057 1827 2104 omnipotenti

1075 2106 1142 2140 Deo
1165 2107 1300 2152 agimus,
1324 2107 1473 2153 quoniam
1502 2119 1633 2140 suorum
1657 2107 1750 2141 corda
1776 2119 1828 2152 pei·

1075 2155 1255 2190 huiusmodi
1296 2168 1446 2202 personas
1481 2156 1653 2196 examina&
1690 2156 1741 2202 qui
1772 2156 1831 2191 lioe

1076 2206 1178 2250 ipsum
1219 2205 1304 2239 virus
1346 2206 1491 2240 nesciunt
1531 2205 1615 2252 quod
1651 2206 1819 2252 loquantur

1074 2254 1152 2288 Nam
1177 2254 1254 2301 quid
1279 2254 1416 2289 facerent
1441 2255 1628 2301 populorum
1669 2255 1829 2301 praesules

1075 2304 1134 2338 sub
1153 2304 1358 2338 astutioribus
1372 2304 1520 2343 inimiris,
1536 2305 1586 2351 qui
1604 2317 1636 2338 se
1651 2304 1825 2338 subiiciunt

1076 2353 1210 2387 libenter
1249 2353 1404 2388 indoctis?
1436 2354 1572 2395 Quando
1602 2354 1709 2400 utique
1736 2355 1828 2388 etiam

1075 2403 1099 2436 si
1119 2411 1201 2437 tanta
1220 2410 1286 2437 erat
1307 2403 1335 2436 111
1359 2403 1534 2437 rectoribus
1557 2403 1706 2437 dominici
1724 2404 1830 2449 gregis

1077 2464 1205 2498 prorsus
1229 2452 1362 2498 ignavia,
1386 2461 1417 2486 ut
1441 2465 1479 2487 ne
1507 2461 1568 2486 tam
1598 2453 1701 2492 vilem,
1725 2452 1830 2487 liebe-

1076 2509 1202 2547 temque
1235 2514 1399 2547 personam
1430 2502 1548 2548 possint
1570 2501 1616 2536 vel
1643 2501 1829 2548 intelligere,

1077 2550 1122 2584 vel
1139 2552 1279 2593 t'iienare,
1296 2551 1400 2598 potius
1416 2551 1560 2598 pastorali
1578 2563 1650 2585 cura
1663 2551 1830 2586 debuerint

1076 2612 1090 2633 a
1128 2600 1219 2633 nobis
1247 2601 1464 2646 cognoscenda
1496 2601 1698 2647 perquirere,
1735 2613 1830 2648 quani

1077 2649 1278 2683 suasionibus
1310 2650 1578 2684 inconsideranter
1612 2651 1756 2684 absin-dir.
1787 2651 1830 2684 [2-

1665 2700 1668 2720 i
1687 2701 1700 2719 ι.

1077 2699 1168 2733 cilem
1191 2699 1377 2734 submittere
1407 2699 1612 2734 ioluutattni:
1642 2710 1765 2735 eamne-
1784 2711 1830 2736 est

1870 305 1922 335 An.
1945 307 1973 335 C.
1995 306 2048 335 493

1887 994 2023 1023 Negligrntia
2035 1003 2046 1015 u

1889 2485 1999 2515 sphi-up?
2019 2486 2039 2507 in

1855 2521 1928 2542 maiis
1978 2521 2042 2543 ribus

1855 2556 1933 2578 Sedeni
1979 2559 2041 2586 Apu-

1855 2593 1957 2614 ttulit-ani
1996 2593 2039 2614 de-

1854 2628 1906 2651 bent
1939 2637 2037 2658 perenn-

1916 2665 1979 2687 eturi.
