2237 3127
46 306 96 334 An.
112 305 141 334 C.
159 305 227 335 10!st

46 583 163 605 Decretum
187 583 229 606 im-

42 619 166 642 munitatis.

83 1261 226 1284 Confirmatio

37 1296 50 1319 h
55 1304 165 1319 onon-inm.

71 2017 225 2040 Violatoribus

41 2052 106 2084 muln

899 308 1044 333 chlENs

257 362 337 398 culis
358 363 519 410 apostolici
550 363 732 399 muniminis
762 362 911 399 adversus
933 377 1004 398 om-

259 425 315 447 nes
338 413 450 459 impias
473 427 582 448 manus
607 414 817 460 praevalentes
844 413 924 448 bene
944 414 1004 447 cir-

259 463 443 498 cumvallata
458 475 503 506 eS,
524 477 577 510 per
597 463 852 506 praedecessores
869 472 1002 501 nostros,

258 510 408 547 Ioannem
436 513 553 547 scilicet
579 512 662 555 xlv,
687 525 818 558 papam,
850 521 879 546 et
902 512 1004 546 Bene-

259 560 389 596 dictum.
429 561 521 604 Quod
559 562 650 596 etiam
687 562 767 595 idem
811 574 868 595 nos
903 562 1003 595 facere

259 611 445 658 cupientes,
481 620 513 645 ut
553 611 663 656 triplici
705 611 836 645 tuitione
871 611 1004 645 circum-

258 661 361 694 cincta
381 672 435 706 per
456 660 599 694 virtutem
616 660 648 694 S.
665 659 825 693 Trinitatis
845 660 920 693 nihil
939 673 1003 693 um-

258 721 352 756 quam
376 709 502 756 patiaris
523 709 680 749 laesionis,
698 709 771 742 nihil
797 721 946 756 umquam
965 709 1003 743 ab

258 759 363 805 aliquo
401 757 644 795 molestationis,
679 770 789 792 secura
816 771 941 804 semper
973 767 1003 792 et

257 808 362 855 quieta
391 819 539 845 maneus,
577 808 606 841 in
635 807 706 841 filiis
733 815 763 841 et
786 807 908 841 filiabus
931 808 1001 845 tuis,

257 868 382 902 semper
421 856 488 890 Deo
523 856 633 891 devote
674 856 850 890 obediens:
893 869 1000 891 securi

257 917 384 952 semper
405 913 435 939 et
457 905 562 952 quieta
590 918 731 943 manens
759 906 926 940 statuimus
949 918 1003 953 pet

256 955 317 989 ΙΙΟΟ
344 954 441 989 ΙἸΟΞῙΓΙ
469 955 636 1001 lllagislsstll
666 955 873 1002 ΡΙΙΥΙ1ΙΠΙΙΙΙΤΙ3
905 964 938 990 Ul.
965 955 1003 990 (le

256 1004 348 1038 bonis
374 1004 434 1038 illis
472 1005 644 1045 omnibus,
680 1018 759 1059 quae.
799 1005 850 1038 tihi
887 1017 1001 1059 sponsa

256 1053 459 1097 οΙιτ-ιιιςῦιιιιει,
498 1054 583 1099 virgo
619 1062 749 1088 cistissi
753 1067 814 1093 ιιι
862 1054 1001 1088 Εε3)οΙ«5ιῑι

255 1081 640 1159 speciosissimaBabber(O
623 1105 673 1137 Th
681 1117 748 1147 su
752 1116 782 1137 ιι
787 1103 896 1137 mattha
902 1104 1003 1138 salitas

255 1152 397 1187 eiusdem
420 1152 616 1188 orthodoxi
610 1166 693 1199 impe
700 1153 808 1187 ritoiis
821 1181 827 1187 .
856 1153 894 1187 d‹
920 1166 1003 1188 5·ιιιι-

256 1215 303 1237 ma
328 1202 492 1236 devotione
516 1204 701 1249 procedens,
726 1203 774 1247 pio
793 1203 905 1237 als=ctu
926 1216 1002 1237 eon-

256 1252 326 1286 tulit
348 1260 378 1286 et
406 1252 532 1287 nomine
567 1260 659 1287 tenus
695 1252 742 1286 illa
774 1264 828 1298 per
854 1265 1003 1287 coricum-

255 1301 339 1336 bium
355 1301 687 1336 convenientissimum
703 1310 731 1335 et
746 1303 1002 1347 acceptissimum

254 1364 271 1385 a
309 1350 589 1397 wirzeburgensi,
627 1351 809 1385 Eis-tenensi
845 1352 1002 1398 episcopis

254 1401 407 1435 canonico
429 1409 459 1434 et
483 1401 657 1435 rationabili
692 1400 806 1434 iudicio
840 1409 1001 1447 permuta-

255 1450 310 1484 vit:
351 1449 397 1483 vel
432 1462 631 1496 quorumque
669 1458 735 1496 post
763 1462 833 1483 eum
863 1450 1000 1484 fidelium

254 1499 400 1545 religiosa
434 1500 533 1546 pietas
564 1499 678 1534 obtulit
713 1509 743 1533 et
780 1499 922 1534 oblatura
955 1508 1001 1534 est

253 1549 398 1595 usquein
414 1557 611 1596 perpetuum,
626 1550 690 1584 sive
705 1549 768 1582 sint
784 1549 922 1586 mobilia,
938 1550 1001 1582 sive,

254 1597 441 1637 immobilia,
466 1598 572 1633 nullus
599 1599 779 1646 imperator,
803 1599 908 1633 nullus
929 1611 1001 1637 rex,

253 1647 329 1692 dux,
352 1647 501 1687 marchio,
525 1660 642 1687 comes,
680 1649 874 1688 vicecomes,
910 1661 1003 1695 prae-

251 1704 335 1732 terea
358 1709 421 1731 non
444 1697 711 1745 archiepiscopus,
736 1710 797 1731 non
821 1698 1001 1744 episcopus,

253 1759 316 1781 non
339 1746 452 1787 abbas,
479 1759 537 1781 nec
572 1747 631 1782 ulla
666 1747 830 1781 hominum
869 1759 1001 1794 persona

253 1795 378 1839 audeat,
400 1803 520 1835 tentet,
548 1804 727 1843 praesumat
754 1796 925 1843 quidquam
954 1797 999 1831 vel

253 1845 413 1886 violentia,
433 1845 480 1879 vel
503 1845 623 1890 fraude,
646 1845 693 1880 vel
717 1845 797 1880 furto
824 1846 999 1886 detrahere,

255 1894 413 1938 minuere,
438 1895 591 1929 mutilare.

302 1943 396 1986 Quod
419 1943 445 1978 si
474 1944 545 1990 quis
566 1944 720 1979 diabolico
750 1944 900 1978 instinctu
929 1944 1001 1991 pul-

251 2001 338 2028 satus
372 1992 492 2028 crudeli
531 1995 703 2029 temeritate
737 1993 901 2028 admittere
937 2006 998 2028 non

252 2042 468 2090 perhorruerit
506 2050 536 2077 et
562 2043 731 2077 admissum
770 2043 860 2077 citius
892 2055 1001 2077 emen-

251 2092 326 2127 dare
361 2091 550 2138 neglexerit;
590 2092 771 2127 huiusmodi
815 2092 999 2133 hominem,

251 2141 443 2196 quicumque
458 2142 508 2185 sit,
523 2141 561 2176 de
575 2143 796 2177 communione
810 2142 998 2176 sacrosancti

251 2203 394 2238 corporis
420 2199 451 2225 et
471 2192 636 2237 sanguinis
659 2191 786 2226 Domini
810 2192 905 2226 nostri
929 2191 999 2226 lesu

251 2239 368 2276 Christi
390 2249 421 2275 et
452 2252 468 2275 a
492 2241 655 2288 participio
684 2242 780 2276 totius
813 2241 1000 2276 christiani-

251 2290 324 2325 tatis
350 2302 412 2324 non
435 2291 535 2324 solum
572 2290 793 2329 excludimus,
821 2290 876 2325 sed
905 2291 998 2324 etiam

250 2339 489 2387 propulsamus:
519 2341 594 2387 quin
618 2341 709 2375 etiam
732 2340 894 2386 apostolici
925 2352 999 2374 ana-

252 2390 400 2424 thematis
422 2390 601 2424 acutissima
622 2389 729 2424 lancea
754 2402 826 2424 eum
850 2398 1000 2424 transver-

251 2440 411 2479 beramus,
428 2447 461 2473 ut
484 2451 540 2486 pro
563 2439 734 2474 maletactis
757 2440 836 2474 male
860 2438 1000 2486 perditus

251 2497 383 2523 mortem
418 2496 522 2534 gemat
557 2496 735 2533 aeternam,
762 2489 934 2523 associatus
970 2490 999 2522 in

250 2538 393 2584 gehenna
438 2538 596 2573 inferioris
642 2538 754 2572 inferni
808 2538 997 2572 daemonum

251 2587 399 2634 principi,
423 2589 532 2621 mortis
558 2588 712 2622 inventori
736 2595 766 2621 et
789 2588 881 2622 etiam
904 2587 1000 2621 Indae

250 2637 400 2682 sacrilego
428 2644 458 2671 et
485 2636 652 2683 proditori,
690 2636 828 2685 undique
856 2638 1001 2671 circum—

249 2687 375 2722 cinctus
399 2686 590 2721 draconibus
613 2686 756 2722 tartareis
785 2687 816 2721 in
847 2686 999 2722 ultionem

1683 297 1752 330 579

1045 362 1268 398 saevientibus.
1293 361 1398 397 necin
1423 361 1532 397 ultimo
1559 361 1717 396 tremendi
1738 361 1799 395 diei

1046 413 1161 447 iudicio
1180 412 1216 447 ad
1246 413 1338 446 vitam
1363 421 1521 458 resurgat:
1552 411 1607 446 sed
1636 411 1801 446 crudelis-

1071 308 1096 331 ΙΙ
1123 309 1174 332 ΡΡ.

1036 463 1160 497 simum
1187 474 1302 508 corpus
1335 473 1509 500 resumens,
1532 461 1647 507 duplici
1675 461 1799 495 contri-

1044 512 1129 546 tione
1151 519 1347 553 conteratur,
1375 510 1589 545 infelicissimo
1617 518 1647 544 et
1685 510 1800 544 miser-

1046 562 1125 595 rimo
1152 572 1266 606 genere
1290 559 1410 595 vivendi
1435 568 1568 594 mortem
1591 571 1749 607 quaerens
1767 567 1798 594 et

1047 623 1108 644 non
1133 622 1310 645 inveniens.

1092 659 1152 701 Qai
1178 672 1251 693 vero
1275 659 1326 705 pio
1351 658 1464 692 intuitu
1499 658 1642 704 proprias
1678 670 1796 692 manus

1044 708 1083 743 ab
1105 708 1283 743 huiusmodi
1317 708 1525 742 temerat-itate
1548 706 1742 741 subtraxerit
1766 716 1798 742 et

1044 759 1068 792 si
1094 759 1131 791 ita
1161 770 1209 792 res
1236 758 1386 803 exegerit,
1409 757 1574 791 adversum
1597 768 1708 790 omnes
1749 757 1800 790 in-

1044 816 1208 850 surgentes
1233 815 1262 841 et
1285 806 1458 853 quidquam
1486 805 1607 840 auferre
1629 813 1797 845 conantes,

1044 869 1078 890 ea
1103 856 1181 890 bona
1209 855 1402 890 defenderit.
1430 855 1468 889 ad
1493 864 1580 889 tuum
1605 863 1798 901 tuorumque

1044 918 1142 951 opus,
1170 905 1366 940 sanctissima
1395 904 1620 944 Babenberch,
1656 904 1705 938 illa
1735 905 1798 938 sci-

1044 955 1128 999 licet,
1152 963 1183 989 ut
1207 954 1399 1001 praedictum
1423 963 1480 991 est,
1503 965 1584 1001 quae
1607 952 1661 987 tibi
1684 953 1797 988 collata

1045 1013 1141 1044 sunt,
1174 1004 1220 1038 vel
1256 1003 1294 1038 de
1322 1012 1445 1038 caetero
1473 1003 1504 1037 in
1539 1012 1702 1037 aeternum
1741 1002 1797 1036 tibi

1045 1053 1235 1088 conferenda
1259 1061 1344 1095 sunt,
1367 1052 1436 1087 talis
1455 1052 1493 1086 ab
1512 1052 1564 1087 illo
1581 1051 1796 1093 benedicatur,

1045 1103 1096 1149 qui
1129 1115 1226 1150 super
1255 1102 1419 1137 cherubim
1451 1101 1540 1136 sedet
1566 1110 1595 1136 et
1623 1101 1797 1148 glorietur,

1046 1165 1100 1198 pro
1128 1164 1175 1191 eo,
1199 1152 1283 1199 quod
1307 1152 1365 1186 hoc
1389 1160 1512 1186 nostrae
1535 1151 1725 1198 apostolicae
1744 1164 1798 1185 au-

1046 1202 1197 1237 ctoritatis
1233 1201 1429 1248 privilegium
1473 1201 1591 1235 studuit
1626 1200 1794 1236 observare

1047 1251 1200 1291 illaesum,
1224 1263 1345 1297 suoque
1368 1251 1478 1285 robore
1500 1250 1687 1290 solidatum,
1710 1250 1796 1297 quod

1045 1300 1195 1335 nimirum
1224 1300 1357 1335 consilio
1386 1308 1416 1335 et
1441 1300 1618 1340 voluntate,
1652 1312 1710 1334 nec
1733 1312 1796 1334 non

1044 1351 1135 1385 alacri
1161 1358 1370 1405 promptoque
1398 1349 1502 1384 animo
1537 1349 1713 1384 charissimi
1743 1349 1796 1383 filii

1046 1400 1163 1439 nostri
1199 1400 1258 1434 iam
1292 1399 1438 1445 superius
1473 1399 1656 1442 memorati,
1685 1398 1795 1432 domni

1045 1449 1182 1484 Heinrici
1222 1449 1418 1494 imperatoris
1451 1447 1586 1494 Augusti
1614 1448 1653 1482 de
1692 1455 1797 1482 nostra

1044 1499 1214 1545 apostolica
1237 1497 1311 1533 sede
1333 1498 1387 1532 tibi
1416 1498 1654 1538 transmissum,
1691 1497 1793 1531 eidem

1044 1549 1210 1595 gratulare.
1233 1547 1370 1591 Etenim,
1400 1555 1431 1583 ut
1459 1554 1487 1580 te
1510 1547 1659 1594 plantavit
1681 1546 1794 1581 condi-

1045 1606 1092 1632 tor
1113 1607 1186 1633 tuus
1219 1597 1292 1638 ille,
1321 1597 1440 1644 primus
1474 1595 1644 1631 Heinricus
1677 1596 1794 1631 Caesar

1044 1648 1219 1694 Augustus,
1242 1646 1287 1681 sic
1308 1654 1354 1681 est
1380 1646 1538 1680 secundus
1572 1647 1702 1693 vestigia
1725 1646 1794 1681 eius

1044 1706 1181 1741 secutus,
1195 1705 1226 1732 et
1242 1704 1273 1730 ut
1294 1696 1359 1743 pari
1383 1695 1523 1740 nomine,
1539 1696 1669 1743 parique
1686 1696 1793 1742 digni-

1044 1755 1117 1787 tate,
1139 1747 1184 1781 sic
1206 1746 1271 1793 pari
1293 1745 1458 1780 devotione
1479 1752 1510 1780 te
1531 1745 1653 1792 rigavit,
1676 1745 1731 1780 tibi
1753 1745 1797 1779 in-

1044 1804 1237 1831 crementum
1271 1794 1369 1839 dedit,
1391 1803 1421 1829 et
1447 1794 1560 1835 adhuc,
1588 1794 1664 1829 dum
1694 1807 1794 1842 usque

1044 1845 1168 1884 vixerit,
1183 1845 1250 1879 Deo
1265 1844 1434 1879 miserante
1449 1852 1479 1879 et
1494 1844 1680 1891 inspirante,
1696 1844 1792 1879 dabit.

1044 1895 1076 1929 ln
1100 1907 1162 1942 quo
1180 1903 1219 1934 te,
1242 1894 1423 1928 dulcissima
1444 1906 1572 1941 sponsa,
1595 1902 1743 1941 optamus
1763 1894 1792 1928 Ξιι

1043 1944 1165 1979 saecula
1193 1943 1388 1977 saeculorum
1412 1955 1565 1988 crescere,
1588 1943 1718 1991 pollere,
1748 1944 1795 1978 vi-

1042 2006 1126 2041 gere,
1145 1994 1300 2029 diceutes:
1324 1992 1412 2027 Bene
1435 1993 1545 2028 valete.

1291 2172 1488 2224 obustis
1522 2174 1552 2223 ll

1332 2261 1428 2292 PAPA
1448 2261 1504 2292 CLI

1072 2322 1164 2354 Anno
1187 2332 1278 2355 aerae
1300 2321 1414 2355 Christi
1439 2333 1547 2355 comm.
1572 2321 1761 2355 MXLVHI.

1047 2400 1141 2474 Cum
1164 2445 1235 2484 post
1258 2448 1398 2471 mensem
1418 2448 1433 2471 a
1456 2435 1633 2472 Clementis
1659 2436 1687 2470 ΙΙ
1706 2437 1793 2472 obitu

1042 2486 1180 2521 invasam
1209 2498 1225 2521 a
1252 2498 1286 2521 se
1319 2486 1523 2534 apostolicam
1558 2486 1666 2521 sedem
1702 2498 1795 2521 men-

1042 2548 1092 2570 ses
1111 2548 1183 2577 v111,
1207 2544 1366 2571 anteactae
1384 2535 1592 2570 abdicationis
1614 2536 1793 2578 immemor,

1042 2586 1195 2620 tenuisset
1235 2585 1438 2626 Benedictus,
1476 2585 1526 2619 die
1553 2585 1711 2620 dominica
1749 2590 1792 2619 17

1043 2634 1107 2669 iulii
1142 2647 1226 2669 anno
1259 2636 1353 2670 1048
1381 2636 1410 2669 in
1444 2635 1649 2682 apostolicam
1684 2634 1792 2669 sedem

1043 2684 1271 2719 inthronizatus
1307 2691 1355 2720 est
1387 2684 1543 2720 Damasus
1574 2684 1625 2727 Π,
1664 2684 1793 2721 natione

1828 303 1877 329 An.
1899 303 1927 330 C.
1946 303 2012 330 10117

1858 694 2012 716 Observateri-

1826 731 1866 753 bus
1889 731 1945 753 bona
1963 739 2012 752 om-

1826 768 1862 789 nia
1882 771 1996 797 precatur.

1826 2458 1874 2484 An.
1893 2458 1921 2484 C.
1944 2458 2009 2485 lO'tS
