2237 3127
72 238 126 269 An.
155 241 186 271 C.
205 242 258 271 879

77 1932 222 1957 Prooemium.

84 2075 236 2100 Vitat-aceruo

49 2114 210 2137 monasterium
223 2123 236 2138 n

49 2147 148 2171 Geni-do
165 2152 237 2173 comi-

49 2185 72 2206 te
111 2187 133 2207 et
171 2186 235 2210 Berta

49 2226 117 2243 uxore
132 2225 235 2246 constru—

50 2257 120 2281 etum.

49 2512 130 2536 Preces
154 2513 233 2538 Endo—

48 2549 84 2572 ιιὶι
100 2549 194 2575 abbatis.

930 263 1070 289 lOANNES
1097 265 1158 288 vm
1184 266 1234 289 PP-

289 312 396 348 Sancti
412 312 551 361 Spiritus
577 314 785 350 anathematis
810 315 935 352 vinculo
950 317 1044 353 scria-

288 370 350 397 tur.
378 363 449 398 Dat.
487 377 524 399 ιιι
560 364 711 400 kalendas
733 366 935 413 septembris,
957 367 1044 402 indi-

287 413 394 447 ctione
422 425 468 447 xi.

340 469 403 500 Dat.
421 470 469 500 die
486 470 525 499 30
542 470 660 508 augusti
689 480 766 500 anno
784 470 900 502 Domini
918 473 985 510 878,

476 510 580 550 pontis.
598 510 698 540 loann.
717 520 792 541 anno
810 520 848 541 rt.

603 622 705 657 XXIt.

284 694 499 739 Confirmatio,
523 701 550 728 et
574 696 737 728 renovatio
758 695 993 740 privilegiorum
1015 707 1035 729 a

328 745 462 777 nicolao
490 745 559 777 ΡΙ).
589 744 609 777 Ι
635 745 834 778 Γι”;ο[ι”αεθη5ι”
850 746 1033 778 monasterio

327 804 536 827 concessorum
563 798 576 837 (
582 796 594 826 1
596 796 625 837 ).

548 862 765 892 SUMMAmUM

276 921 465 953 Prooeminm.
482 940 523 946 —
539 923 742 953 vizeliacense
774 924 985 953 monasterium
1015 933 1030 953 a

314 963 443 993 Gerardo
454 963 571 1000 comite,
580 968 608 993 et
619 963 701 993 Uerta
716 973 804 993 uxore
817 968 1029 993 constructum.

313 1019 354 1024 ——
370 1003 476 1032 Preces
494 1003 624 1033 Eudouis
637 1003 759 1033 abbatis.
771 1003 899 1033 —Nulli
917 1013 1029 1042 regum,

313 1043 495 1080 antistitum,
528 1048 577 1073 aut
610 1044 748 1082 cuiquam
786 1043 837 1072 alii
867 1044 954 1073 liceat
986 1044 1028 1087 illi

313 1083 478 1112 molestiam
498 1083 587 1112 ullam
603 1083 633 1112 in
649 1083 735 1112 bonis
763 1083 882 1112 inferre.
905 1099 945 1105 —
969 1082 1029 1113 Sec

311 1123 496 1152 successuris
533 1123 732 1162 pontificibus.
755 1139 795 1144 —
822 1123 934 1152 census
964 1124 1027 1153 sedi

312 1163 493 1200 apostolicae
511 1164 546 1192 ab
581 1163 634 1191 boc
648 1162 824 1192 monasterio
847 1163 974 1192 debitus.
989 1179 1030 1185 —

313 1200 446 1232 Obeunte
464 1202 583 1239 abbate,
603 1202 694 1232 libera
711 1203 748 1232 sit
765 1212 853 1240 penes
867 1203 1026 1231 monachos

309 1243 493 1272 successoris
511 1242 625 1272 electio.
642 1259 682 1264 —
698 1242 862 1281 Episcopus
887 1243 960 1271 nihil
981 1251 1026 1271 ac-

309 1281 399 1321 cipiat
416 1282 451 1311 ab
470 1282 574 1312 abbate
593 1283 622 1310 in
641 1282 705 1311 eius
725 1282 767 1311 rel
786 1282 962 1311 elericorum
980 1290 1028 1310 or-

310 1321 469 1358 dinatione,
479 1327 530 1351 aut
541 1327 792 1351 sacramentorum
808 1322 973 1350 collatione.
988 1338 1027 1343 --

308 1360 453 1400 Episcopo
467 1362 626 1397 ordinario,
643 1362 701 1390 nisi
717 1362 855 1391 invitatus
868 1361 903 1389 ab
921 1361 1025 1390 abbate

309 1401 353 1431 vel
371 1402 525 1431 monachis
544 1401 642 1437 suerit,
656 1402 804 1430 solemnes
817 1402 922 1430 missas
940 1410 1024 1438 agere

307 1440 505 1471 interdicitur.
522 1458 562 1463 —
586 1440 624 1469 De
652 1450 774 1470 numero
802 1441 1024 1469 monachornm.

305 1496 347 1503 —
363 1480 552 1510 Confirmatio
577 1481 721 1520 [u‘irilegii
750 1490 765 1509 a
792 1480 912 1510 Nicolao
935 1480 945 1508 l
969 1480 1023 1509 l'l'.

307 1522 453 1551 concessi.
483 1537 523 1542 —
550 1520 703 1558 Derogatio
732 1521 762 1549 in
790 1520 951 1559 aliquibus.
985 1536 1025 1542 —

305 1559 433 1591 Privatio
446 1561 606 1599 dignitatis,
618 1561 811 1591 etanatbema
825 1565 925 1590 contra
940 1560 1024 1589 inob-

307 1605 471 1631 servantes.

266 1662 378 1691 loannes
402 1663 542 1699 episcopus
562 1670 656 1691 servus
681 1670 820 1691 servorum
843 1662 902 1695 Dei,
923 1662 1022 1690 Rufioni

310 1709 459 1736 venerabili
490 1709 584 1737 ahbati
618 1708 809 1737 vizeliacensis
828 1708 948 1735 coenobii
966 1714 1020 1735 oui·

309 1754 390 1789 nique
421 1755 626 1789 congregationi
658 1755 777 1783 eiusdem
810 1752 970 1781 monasterii
994 1753 1022 1780 in

309 1800 480 1835 perpetuum.

314 1858 472 1901 Quotiens
501 1859 553 1894 illa
575 1859 671 1894 tribui
694 1872 711 1894 a
746 1859 838 1894 uobis
860 1866 1020 1906 optantur,

267 1921 347 1956 quae
385 1909 496 1943 rationi
541 1909 762 1944 incunctanter
802 1909 995 1944 conveniunt
1011 1935 1020 1953 ‚

265 1959 372 1993 animo
395 1971 452 1992 nos
470 1958 561 1993 decet
583 1958 691 1994 libenti
705 1958 894 1999 concedere,
916 1966 945 1992 et
963 1969 1021 2004 pe-

266 2009 400 2043 tentium
440 2008 607 2043 desideriis
649 2021 826 2055 congruum
865 2008 1019 2054 impertiri

265 2058 463 2104 suffragium.
490 2059 594 2105 Atque
618 2058 690 2093 ideo
716 2059 789 2105 quia
816 2057 981 2106 postulasti
1004 2070 1018 2090 a

266 2106 368 2147 nobis,
391 2115 547 2154 quatenns
575 2108 773 2155 privilegium
791 2107 878 2143 sedis
892 2115 1020 2153 aposto-

265 2156 343 2191 licae
370 2157 561 2191 monasterio
601 2157 771 2198 vizeliaco,
797 2157 848 2192 cui
883 2168 1019 2203 praeesse

264 2206 474 2251 dignosceris,
497 2206 581 2253 quod
595 2216 714 2241 constat
738 2207 813 2241 olim
837 2219 853 2241 a
876 2205 1018 2240 Gerardo

265 2255 463 2290 nobilissimo
496 2263 527 2290 et
564 2256 828 2291 christianissimo
855 2256 932 2299 tiro,
962 2267 1019 2289 nec

265 2316 328 2339 non
351 2313 382 2340 et
407 2305 501 2340 Berta
529 2317 627 2339 uxore
654 2307 734 2350 eius,
757 2306 788 2340 in
816 2306 937 2340 honore
961 2303 1018 2338 Do—

264 2353 340 2388 mini
363 2362 394 2389 et
414 2353 585 2389 Salvator-is
612 2355 708 2389 nostri
746 2355 817 2390 lesu
849 2354 965 2389 Christi
989 2362 1019 2388 et

264 2403 466 2438 veneratione
492 2403 693 2440 beatissimae
725 2416 851 2452 semper
877 2403 1019 2449 Virginis

262 2452 380 2487 Mariae
403 2453 576 2488 Genitricis
598 2454 739 2488 eiusdem
762 2453 891 2488 Domini
919 2455 1016 2487 nostri

265 2502 334 2537 lesu
356 2502 474 2538 Christi
502 2511 737 2538 constructum:
769 2503 799 2537 ia
831 2515 927 2548 regno
955 2503 1018 2536 sci-

263 2551 335 2587 licet
356 2551 572 2599 Burgundiae,
594 2553 625 2587 in
645 2565 724 2600 pago
741 2552 899 2593 Avalensi‚
916 2551 1017 2599 quod-

263 2618 338 2682 libss)
353 2619 394 2646 Ex
414 2618 527 2646 Dacher.
541 2619 664 2656 Spicileg.
678 2622 741 2647 tom.
754 2626 799 2653 111,
811 2619 879 2646 nist.
893 2618 1016 2656 vizeliac.

302 2673 310 2682 u
326 2662 346 2682 Ι.

1717 260 1788 295 555

1082 331 1142 365 que
1165 331 1182 354 a
1204 319 1352 366 praefatis
1367 320 1588 358 fundatoribus
1601 323 1638 358 B.
1652 323 1745 359 Petro
1760 338 1835 372 apo-

1081 369 1235 403 stolorum
1257 370 1393 418 principi
1416 373 1466 418 pia
1493 373 1659 408 devotione
1686 383 1714 409 et
1739 384 1836 409 testa-

1080 419 1177 451 menti
1208 419 1318 465 pugina
1346 422 1494 455 collatum
1518 431 1575 462 est,
1598 422 1702 458 facere
1729 423 1835 459 debe-

1081 478 1205 507 remus3
1240 469 1380 502 inclinati
1414 470 1561 516 precibus
1603 473 1665 506 tuis
1698 472 1834 508 libenter

1080 516 1144 549 lieri
1167 517 1375 561 decrevimus,
1392 531 1447 565 per
1468 521 1551 566 quod
1581 522 1729 556 nimirum
1753 535 1831 569 apo-

1078 565 1205 599 stolieae
1236 567 1319 600 sedis
1355 568 1554 615 privilegium
1591 572 1828 612 confirmamus,

1077 621 1170 660 atque
1197 616 1389 659 statuimus,
1416 625 1450 651 ut
1486 619 1561 653 nulli
1596 632 1717 666 regum,
1751 622 1827 656 nulli

1076 662 1265 703 antistitum,
1288 665 1364 699 nulli
1387 667 1551 712 comitum,
1581 671 1655 702 nulli
1681 670 1828 716 cuiquam

1076 711 1125 744 alii
1153 711 1361 759 liceatipsuni
1381 718 1606 750 monasterium
1632 720 1827 764 perturbare,

1075 760 1122 793 vel
1145 772 1192 801 ea,
1214 773 1294 808 quae
1323 763 1363 796 ibi
1391 776 1407 797 a
1436 765 1495 798 iam
1525 766 1618 801 dictis
1653 769 1829 803 fundatori—

1075 808 1144 849 bus,
1176 810 1223 844 vel
1245 811 1284 844 ab
1317 812 1387 846 aliis
1421 813 1569 849 fidelibus
1603 816 1706 851 oblata
1740 828 1826 863 sunt,

1075 858 1121 891 rel
1140 859 1171 892 in
1195 860 1334 894 l‘uturnm
1358 862 1463 895 otl'erri
1489 865 1667 910 contigerit,
1690 867 1750 901 sub
1773 880 1828 902 cu-

1073 906 1200 942 iuslibet
1234 921 1347 944 causae
1373 912 1587 948 occasionisve
1615 917 1736 961 specie,
1759 917 1825 951 mi-

1073 968 1181 998 nuere,
1206 958 1252 992 vel
1279 958 1412 996 auferre..
1440 962 1507 995 sive
1539 963 1605 997 suis
1630 965 1739 999 usibus
1762 978 1826 1012 ap—

1071 1006 1199 1052 plicare,
1227 1007 1282 1042 sed
1309 1009 1378 1043 sine
1404 1010 1621 1056 inquietudine
1645 1014 1676 1047 in
1699 1025 1825 1049 susten-

1071 1057 1186 1090 tatione
1225 1058 1366 1091 eiusdem
1412 1062 1590 1095 nnmasterii
1607 1089 1616 1105 ⁷
1656 1072 1685 1097 et
1714 1064 1824 1100 usibus

1070 1104 1217 1139 abbatum
1242 1115 1271 1140 et
1295 1108 1521 1143 monachorum
1545 1110 1605 1144 sub
1630 1114 1737 1157 regula
1751 1126 1824 1148 san-

1070 1154 1110 1187 eti
1141 1154 1241 1189 Patris
1264 1155 1425 1190 Benedicti
1454 1158 1493 1191 ibi
1514 1158 1582 1194 Deo
1606 1161 1822 1207 militantium,

1071 1202 1214 1237 volumus
1237 1219 1271 1238 ea
1294 1213 1323 1238 et
1347 1207 1557 1253 praecipimus
1585 1210 1758 1256 possideri:
1787 1224 1821 1246 ea

1070 1252 1213 1287 videlicet
1227 1254 1421 1298 conditione,
1434 1265 1465 1289 ut
1477 1257 1582 1291 nullus
1601 1271 1820 1295 suceessorum

1068 1303 1251 1347 pontificum
1277 1304 1306 1336 in
1331 1304 1388 1338 linc
1414 1315 1521 1340 sancta
1563 1308 1649 1346 sede,
1678 1310 1727 1343 cui
1757 1322 1821 1344 au—

1067 1359 1152 1384 ctore
1174 1351 1242 1385 Deo
1258 1354 1425 1398 ssrxinins,
1447 1367 1596 1401 unquam,
1617 1356 1663 1391 vel
1689 1371 1819 1405 usquam

1066 1400 1216 1445 quiddam
1240 1414 1277 1435 ex
1304 1403 1422 1436 eisdem
1451 1404 1545 1438 rebus
1578 1406 1738 1452 cuiquam,
1764 1408 1821 1442 be—

1066 1450 1225 1490 neficiare,
1248 1462 1454 1495 conmunire,
1477 1462 1529 1487 aut
1551 1454 1610 1488 snb
1629 1469 1723 1490 censu
1739 1470 1821 1503 quo-

1066 1497 1141 1531 libet
1164 1499 1340 1534 concedere
1369 1514 1423 1547 pet·
1451 1502 1553 1537 sutura
1589 1512 1728 1551 tempora
1758 1519 1821 1552 pa-

1065 1548 1173 1581 tiatur:
1198 1548 1253 1582 sed
1276 1562 1404 1584 censum
1424 1553 1643 1588 tantummodo
1669 1555 1698 1588 in
1724 1566 1821 1591 testa-

1066 1606 1171 1631 mento
1198 1598 1374 1634 traditionis
1400 1613 1414 1633 a
1443 1600 1673 1642 fundatoribus,
1707 1606 1759 1651 qui
1782 1617 1819 1639 ex

1064 1646 1175 1680 eodem
1199 1650 1388 1683 monasterio
1426 1650 1506 1684 lianc
1532 1661 1672 1687 sanctam
1702 1654 1818 1690 haere-

1064 1695 1136 1730 dem
1158 1696 1335 1732 Romanam
1358 1697 1499 1733 fecerunt
1522 1700 1709 1746 Ecclesiam,
1725 1704 1818 1738 etiam

1063 1744 1261 1791 delegatum:
1287 1759 1378 1781 unam
1403 1749 1546 1783 videlicet
1569 1750 1678 1786 libram
1698 1754 1818 1798 argenti

1063 1796 1153 1829 annis
1175 1795 1309 1841 singulis
1330 1810 1535 1832 successores
1551 1801 1647 1834 nostri
1663 1802 1819 1848 accipien-

1064 1852 1109 1878 tes
1131 1858 1186 1891 per
1209 1847 1404 1891 paternitatis
1426 1848 1610 1894 salli-agium
1627 1850 1729 1885 eidem
1747 1863 1818 1886 mo·

1063 1895 1200 1928 nastcrio
1233 1895 1436 1931 solicitudine
1473 1898 1620 1944 pastorali
1650 1900 1816 1946 vigilanter

1062 1951 1169 1977 contra
1192 1956 1303 1979 omnes
1326 1946 1508 1981 infestantes
1535 1947 1722 1994 impendere
1748 1959 1817 1984 stu-

1062 1992 1165 2027 deant.
1195 1993 1270 2027 ltcm
1299 1996 1534 2040 constituimus,
1555 2005 1587 2031 ut
1609 1998 1746 2033 obeunte
1761 1999 1817 2033 ab-

1062 2041 1132 2077 bate
1162 2043 1311 2089 praedicti
1350 2045 1544 2090 monasterii,
1579 2059 1643 2082 non
1666 2048 1746 2082 alins
1774 2048 1814 2082 ibi

1061 2104 1264 2138 quacumque
1285 2093 1483 2140 obreptionis
1510 2097 1619 2130 astutia
1639 2097 1815 2139 ordinetur,

1061 2143 1119 2176 nisi
1137 2154 1230 2188 quem
1253 2155 1430 2178 cousensus
1453 2145 1681 2180 monachornm
1700 2159 1816 2181 secun-

1061 2192 1135 2225 duxn
1160 2193 1303 2225 timorem
1329 2193 1396 2233 Dei,
1420 2202 1449 2227 et
1473 2194 1703 2230 institutionem
1720 2208 1816 2242 regu·

1061 2241 1106 2275 lae
1132 2241 1165 2276 S.
1186 2240 1349 2276 Benedicti
1377 2243 1518 2287 elegerit,
1546 2253 1577 2278 et
1604 2245 1701 2280 liuius
1728 2257 1814 2293 apo-

1060 2291 1187 2326 stolicae
1214 2291 1298 2326 sedis
1331 2292 1471 2338 pontifex
1510 2294 1699 2340 praeviderit
1726 2295 1816 2329 ordi-

1061 2340 1221 2382 nandum,
1254 2350 1307 2375 aut
1345 2342 1546 2388 suggestione
1581 2344 1812 2379 monachorum

1060 2391 1255 2425 consenserit
1273 2390 1465 2426 ordinatum.

1107 2439 1177 2475 Hoc
1198 2453 1326 2488 quoque
1347 2441 1484 2488 capitulo
1500 2442 1655 2487 praesenti
1677 2442 1815 2477 subiun-

1059 2489 1186 2534 gimus,
1224 2499 1257 2524 ut
1291 2492 1394 2526 locuni
1428 2490 1562 2526 avaritae
1591 2491 1812 2534 secludamus,

1061 2539 1181 2574 nullum
1202 2539 1240 2574 de
1264 2540 1402 2587 regibus,
1426 2540 1548 2574 nullum
1576 2540 1614 2575 de
1642 2541 1812 2589 episcopis,

1060 2588 1106 2622 vel
1132 2589 1363 2634 sacerdotibus,
1387 2591 1432 2624 vel
1456 2590 1495 2624 de
1511 2590 1767 2638 quibuscumque
1782 2591 1813 2626 li-

1059 2638 1199 2682 delibus,
1221 2652 1278 2689 per
1312 2652 1346 2676 se
1372 2640 1609 2687 suppositamve
1631 2654 1812 2689 personam,

1863 254 1916 283 An.
1939 255 1967 284 C.
1997 256 2050 285 879

1860 493 1917 516 Nulli
1963 502 2048 524 regum,

1860 530 1993 560 antistitum,
2012 534 2050 552 aut

1860 565 1962 595 cuiquam
2008 566 2048 588 atii

1859 599 1929 623 liceat
1947 601 1981 624 illi
1999 609 2048 623 mo-

1858 636 1947 659 lestiam
1980 637 2049 659 ullam

1856 673 1878 694 in
1886 672 1950 696 bonis
1958 674 2050 703 infert-03

1852 1290 1896 1312 Nec
1915 1298 2039 1312 successu-

1851 1326 1910 1348 ribus
1947 1326 2041 1349 Pontifi-

1852 1360 1922 1384 cibus.

1881 1583 1963 1606 census
1986 1584 2037 1606 Sedi

1865 1619 2011 1648 Apostoticae

1849 1656 1876 1678 ab
1891 1656 1932 1679 hoe
1951 1665 2036 1680 monn-

1849 1692 1918 1715 sterio
1939 1693 2035 1717 debitus.

1844 2019 1944 2042 obeunte
1964 2020 2032 2043 aliha-

1845 2059 1875 2085 te,
1905 2055 1974 2078 libera
2001 2057 2031 2079 sit

1844 2098 1912 2120 pelles
1946 2099 2029 2114 mona-²

1844 2126 1898 2148 elios
1931 2135 2029 2150 succes-

1844 2163 1902 2185 soris
1921 2163 2012 2186 electio.
