2237 3127
65 281 122 311 An.
150 281 180 311 G.
199 282 251 311 877

64 610 137 634 Abbas
163 611 248 641 eligen-

63 646 106 669 dus
121 646 148 669 da
165 648 249 677 gremio

63 683 232 706 monachorum.

63 750 107 774 Bes
133 754 251 774 monaste-

63 786 91 809 rii
108 787 246 819 imminuere,

61 822 157 855 auferre,
189 827 245 855 etc„

62 859 166 890 cuiquam
181 860 248 883 inter·

61 895 153 920 dicitur.

95 1147 220 1171 Anathema

66 1187 144 1207 contra
181 1184 250 1207 inob-

64 1223 179 1243 servantes
196 1228 252 1251 quae

65 1256 108 1279 hoc
137 1257 159 1279 in
175 1256 251 1287 privi-

65 1292 124 1323 legio
135 1293 252 1316 continen-

67 1331 112 1353 tur.

890 284 1030 308 IOANNES

280 341 320 377 tis
341 341 492 389 prodesse
507 341 656 377 omnibus
676 340 853 388 cupientes,
869 339 936 374 vice
952 338 1031 373 beati

279 391 364 427 Petri
401 391 535 439 apostoli
561 391 772 431 decernimus,
804 398 839 424 ut
873 389 905 423 in
937 400 1032 436 saepe

279 450 453 476 memorato
475 441 545 476 loco
566 442 647 476 servi
680 441 738 475 Dei
760 439 880 487 absque
905 439 1032 485 inquie-

278 491 389 526 tudine
411 491 553 526 debitum
573 503 648 526 suae
670 489 832 537 religionis
855 489 1031 535 persolvere

279 541 403 587 possint
424 541 584 576 servitiam
606 540 780 575 secundnm
810 538 950 584 regulam
975 550 1032 583 pa-

278 591 335 625 tris
359 590 537 631 Benedicti,
563 602 580 625 a
603 589 738 637 propriis
759 588 937 627 abbatibus,
959 599 1032 621 mo-

277 640 390 675 nacbis
412 640 568 684 videlicet,
590 652 628 674 ex
658 639 769 673 eodem
802 636 956 672 coenobio
981 648 1031 671 re-

277 690 426 736 gulariter
447 690 566 730 electis,
590 689 621 722 in
645 696 830 735 perpetuum
847 686 1031 732 gubernen—

278 747 339 774 tur.
376 739 443 773 Nec
484 739 606 773 illarum
651 750 779 777 rerum,
805 748 884 783 quae
919 736 963 769 vel
998 735 1028 769 in

278 789 448 836 praelibato
476 795 643 836 praecepto
665 786 848 821 nominatim
863 785 1031 820 contineu-

278 838 398 883 tur,'vel
414 851 430 873 a
446 837 606 884 praedicto
620 837 732 871 abbate
754 834 924 871 venerabili
947 846 1030 869 nnnc

276 887 421 923 eiusdem
448 887 509 922 loci
539 887 732 922 Theotberto
760 885 888 933 praefati
917 897 1030 918 mona—

276 938 363 972 sterii
387 936 497 972 officiis
529 937 697 984 deputatae
730 935 899 979 habentur⁷
934 934 1028 968 ullam

276 987 315 1022 ab
330 987 433 1035 aliquo
447 1000 586 1034 unquam
597 984 1028 1034 patianturimminutionem,

277 1044 307 1072 et
333 1038 425 1072 etiam
448 1036 554 1075 rebus,
577 1049 656 1084 quae
678 1036 829 1082 deinceps
851 1047 868 1069 a
894 1034 1030 1081 quibus-

277 1086 353 1122 libet
380 1087 534 1133 religiosis
555 1086 741 1121 hominibns
755 1085 858 1120 eidem
875 1084 943 1119 loco
956 1096 1030 1130 per-

277 1137 421 1172 venerint
447 1136 653 1176 condonatae.
681 1135 774 1177 Quod
803 1135 828 1169 si
864 1134 934 1181 quis
972 1134 1030 1168 boc

278 1194 420 1221 nostrum
445 1186 634 1221 beneficium
663 1187 837 1232 irrumpere
864 1195 1031 1230 praesum-

279 1237 385 1284 pserit,
412 1243 444 1270 et
463 1236 616 1282 stipendia
641 1247 801 1269 servornm
818 1234 877 1268 Dei
901 1234 930 1267 in
952 1233 1030 1267 alios

278 1299 356 1321 usus
389 1286 588 1325 converterit,
615 1284 655 1319 ab
691 1284 861 1331 apostolica
885 1295 1031 1318 commn-

279 1335 374 1371 nione
400 1335 607 1370 anathematis
634 1334 905 1368 animadversione
942 1332 1029 1366 illum

278 1397 475 1432 separamus,
503 1393 535 1418 ut
557 1384 616 1418 nisi
645 1383 825 1417 admonitus
857 1395 873 1417 e
899 1382 1030 1427 vestigio

278 1447 312 1470 se
339 1434 520 1475 correxerit,
548 1445 619 1468 cum
645 1433 839 1479 rapacibusa
863 1444 959 1478 regno
974 1431 1029 1464 bui

277 1485 439 1528 exclusus,
462 1495 542 1530 quae
570 1491 710 1517 meretur
733 1490 887 1516 tormenta
911 1481 1032 1527 persol-

231 1571 234 1575 ,
278 1542 339 1569 vat.
362 1533 406 1569 Ut
427 1541 532 1568 autem
556 1533 615 1566 hoe
632 1532 828 1579 privilegium
842 1539 958 1565 certam
975 1530 1032 1564 ob-

279 1583 375 1619 tineat
402 1583 510 1623 fidem,
533 1591 562 1617 et
584 1582 642 1616 Dei
666 1582 793 1616 famulis
816 1582 844 1615 in
869 1581 928 1615 iam
947 1581 1031 1614 dicto

279 1632 470 1668 Floriacensi
502 1631 656 1666 coenobio
692 1632 892 1666 securitatem
922 1630 1033 1664 confe—

279 1692 336 1725 rat,
362 1683 500 1730 qnandiu
517 1682 615 1723 Dens,
635 1690 665 1716 et
681 1681 831 1715 daminus
848 1689 953 1714 noster
970 1680 1034 1713 Ec-

279 1733 407 1768 clesiam
435 1745 523 1767 suam
554 1731 667 1766 durare
702 1731 846 1774 voluerit,
873 1738 978 1764 nostra
1002 1729 1031 1763 id

279 1783 513 1830 subscriptione
541 1781 768 1816 roboravimus.
792 1780 954 1826 Scriptum
979 1791 1035 1825 per

282 1844 409 1867 manum
437 1831 567 1878 Georgii
600 1830 755 1865 scriniarii
787 1838 914 1864 sanctae
949 1828 1034 1862 sedis

281 1881 472 1929 apostolicae
495 1882 523 1915 in
563 1892 671 1915 mense
693 1887 838 1925 augusto⁷
861 1878 1034 1913 indictione

283 1944 330 1966 X1.
351 1931 440 1966 Bene
469 1932 576 1965 valete.
606 1930 683 1964 Data
721 1930 811 1963 nonis
844 1927 1036 1975 septembris

283 1994 339 2028 per
361 1993 487 2015 manum
514 1980 669 2014 walberti
693 1979 864 2012 humillimi
892 1978 1033 2024 episcopi

282 2038 409 2066 sanctae
432 2030 618 2065 portuensis
646 2028 820 2073 Ecclesiae,
852 2040 935 2062 anno
968 2027 1036 2061 Deo

285 2080 421 2128 propitio
448 2080 649 2127 pontificatus
681 2078 800 2113 domini
824 2078 921 2112 nostri
950 2077 1037 2111 Ioan-

285 2131 334 2165 nis
360 2130 475 2164 summi
505 2128 676 2176 pontificis,
712 2137 742 2163 et
765 2127 948 2161 universalis
981 2139 1037 2173 pa-

287 2192 344 2228 pae
366 2180 397 2214 in
421 2179 629 2214 sacratissima
652 2178 727 2212 sede
749 2177 832 2212 beati
850 2177 935 2212 Petri
960 2188 1038 2223 apo-

285 2229 356 2265 stoli
384 2232 429 2273 (l)
453 2237 552 2269 sexto,
570 2228 741 2262 indictione
769 2240 813 2261 XI.

324 2287 388 2318 Dat.
408 2287 454 2318 die
473 2287 490 2315 ἴ)
509 2285 685 2325 septembris
702 2294 778 2314 anno
796 2284 912 2314 Domini
930 2284 997 2321 877,

465 2326 570 2366 pontis.
593 2325 718 2355 loannes
737 2334 812 2354 anno
834 2333 861 2354 v.

630 2444 700 2480 XV.

290 2521 468 2567 Episcopos,
489 2527 516 2553 et
541 2525 672 2553 caeteros
697 2518 821 2552 clericos
843 2529 968 2562 ςναεεοε
988 2517 1043 2562 qui

338 2571 512 2615 Bulqariae
537 2570 672 2614 regiones
707 2569 878 2600 ini-‹1fl.12›.·w‹
920 2569 1041 2600 illinitus

338 2622 384 2655 ibi
407 2620 615 2654 ordinationes
647 2620 797 2665 fecerunt,
831 2618 1042 2652 excommuni-

325 2682 367 2721 (¹)
382 2684 446 2716 Leye
461 2682 556 2719 quinto

1705 267 1774 299 547

1123 345 1205 371 calos
1217 336 1371 376 declarat,
1389 335 1538 379 (Ie'qnitale
1551 334 1643 367 etiam
1655 332 1823 377 privandos

1123 388 1184 420 nisi
1193 388 1274 420 intra
1291 387 1418 430 lriyinttz
1431 387 1492 418 «lies
1502 397 1540 418 ex
1555 384 1640 417 omni
1651 383 1824 426 Bttlyarica

1121 438 1243 481 regione
1270 437 1443 470 <lacesserent
1468 436 1528 478 (l).

1343 504 1558 536 SUMMARIUM

1073 568 1180 608 lllyrici
1197 568 1363 608 provinciae
1380 568 1434 597 snb
1454 567 1517 597 inre
1537 567 1616 596 sedis
1635 564 1823 604 apostolicae.

1109 626 1150 631 --
1170 609 1438 638 Excommnnieatio
1461 612 1559 636 contra
1583 606 1740 643 ssulgarnin
1759 614 1824 643 pro-

1110 650 1222 678 vinciae
1239 649 1400 678 invasores.
1412 665 1452 670 —
1464 647 1605 683 [lignitate
1619 645 1752 684 privandi
1765 645 1823 674 nisi

1110 689 1183 718 intra
1202 690 1239 719 30
1258 690 1320 717 dies
1343 688 1539 717 decesserint.
1557 703 1598 708 —
1618 686 1674 721 Qui
1692 685 1823 724 paruerit

1112 729 1313 759 restituendus
1333 727 1525 766 episcopatui,
1548 735 1634 765 quem
1654 726 1683 754 in
1702 725 1822 754 Graecia

1112 769 1247 799 babebat.
1265 785 1306 790 —
1329 768 1358 798 Si
1381 768 1494 796 nnllnm
1511 766 1646 802 babebat,
1670 774 1776 794 vacans
1796 765 1823 794 ei

1111 809 1319 845 conserendus,
1342 808 1367 837 si
1390 808 1496 845 dignus
1519 807 1568 836 sit.

1057 283 1119 306 vlll
1148 282 1198 305 PP.

1071 880 1182 911 Omnibus
1200 879 1313 919 episcopis
1330 883 1352 907 rt
1370 879 1467 908 caeteris
1485 877 1575 906 clericis
1597 876 1672 915 grecis
1698 875 1824 912 Bnlgariae

1090 922 1223 952 dioeceseos
1245 918 1399 961 invasoribus,
1422 928 1447 947 ae
1471 927 1510 957 per
1531 917 1573 947 hoc
1593 916 1806 946 excommunicatis.

1120 989 1270 1023 Miramur
1293 999 1357 1026 vos,
1385 994 1414 1020 et
1437 985 1638 1019 veliementer
1668 967 1837 1029 obstupe-¹

1071 1039 1199 1078 seimus,
1222 1044 1402 1072 sanctorum
1419 1035 1544 1069 Patrum
1565 1045 1703 1068 canones
1730 1032 1824 1066 obtu-

1073 1089 1144 1123 ratis
1159 1088 1259 1122 oculis
1276 1087 1479 1132 relegisse,et
1495 1084 1610 1118 calcata
1631 1082 1822 1117 conscientia

1071 1138 1221 1173 terminos
1248 1145 1391 1171 aeternos
1419 1147 1435 1169 a
1465 1133 1609 1168 Patribus
1631 1132 1751 1179 positos
1779 1134 1822 1174 (2)

1073 1187 1280 1226 transtulisse,
1304 1194 1333 1220 et
1356 1186 1384 1219 in
1408 1184 1540 1218 alienam
1565 1194 1698 1216 messem
1716 1181 1821 1215 iudicii

1073 1238 1182 1272 falcem
1208 1237 1340 1276 misisse,
1358 1235 1387 1269 in
1409 1233 1520 1281 lllyrici
1546 1232 1824 1279 p1·0vineias‚qnas

1073 1300 1157 1321 nnnss
1177 1287 1344 1331 ssnlgarnm
1361 1285 1445 1318 natio
1462 1283 1584 1323 retinet,
1599 1280 1823 1327 ingredientes,

1072 1346 1102 1371 et
1124 1336 1335 1370 m‘dinntiones
1357 1334 1478 1368 illicitas
1503 1338 1729 1378 perpetrantes,
1752 1342 1823 1364 euni

1072 1395 1102 1420 et
1129 1398 1214 1419 sacra
1250 1385 1394 1427 concilia,
1429 1382 1489 1417 sub
1523 1381 1599 1415 sede
1626 1380 1708 1414 beati
1737 1379 1822 1413 Petri

1073 1435 1287 1482 apostolorum
1307 1433 1456 1480 principis
1475 1431 1531 1465 bas
1548 1431 1621 1465 olim
1646 1429 1822 1476 provincias

1073 1486 1231 1531 deguisse,
1255 1491 1398 1530 patenter
1421 1484 1562 1521 innuant,
1585 1487 1613 1514 Ol
1638 1491 1741 1514 rerum
1769 1491 1825 1525 ge—

1073 1544 1192 1569 starum
1216 1547 1231 1568 a
1254 1534 1287 1568 S.
1312 1533 1448 1567 Damaso
1466 1542 1544 1578 papa
1566 1531 1743 1575 conscripta
1759 1540 1826 1563 ma-

1074 1584 1184 1619 mil-ste
1208 1583 1412 1617 denuncient.
1450 1581 1491 1615 Et
1525 1587 1605 1614 statu
1640 1591 1825 1617 causarum,

1074 1634 1141 1668 Deo
1160 1634 1338 1676 auxiliante,
1362 1632 1390 1665 in
1415 1632 1528 1665 melius
1549 1628 1734 1675 iampridem
1756 1640 1827 1661 con-

1074 1697 1176 1724 verso,
1199 1683 1290 1718 sedes
1307 1681 1477 1728 apostolica
1497 1680 1535 1713 sit
1552 1678 1591 1713 ab
1605 1678 1662 1718 eis,
1679 1678 1731 1724 qui
1749 1678 1827 1712 banc

1075 1734 1214 1768 habitant
1238 1734 1411 1778 regionem,
1436 1729 1607 1775 recognita,
1631 1727 1779 1773 requisita
1797 1736 1827 1761 et

1077 1783 1182 1817 multis
1205 1782 1352 1829 precibus
1365 1780 1511 1814 invitata:
1535 1777 1745 1824 nosqneilluc
1759 1776 1827 1822 epi-

1076 1845 1199 1879 scopos,
1215 1840 1246 1866 et
1260 1831 1417 1865 inferioris
1430 1829 1548 1864 ordinis
1562 1826 1740 1861 sacerdotes
1755 1838 1826 1859 cum

1079 1882 1252 1929 praeceptis
1290 1881 1375 1916 sedis
1413 1878 1605 1925 apostolicae
1637 1875 1828 1912 miserimus,

1077 1940 1106 1966 et
1131 1931 1245 1965 multos
1268 1931 1392 1965 labores
1423 1941 1479 1976 pro
1509 1925 1715 1961 instructione
1744 1924 1827 1959 illins

1079 1980 1468 2027 regionisarripuerimus.
1494 1977 1585 2016 Nam,
1604 1984 1635 2010 et
1650 1975 1675 2009 si
1698 1974 1827 2021 quidam

1078 2042 1214 2065 vestrum
1240 2029 1433 2065 clandestina
1461 2027 1534 2061 illuc
1548 2033 1631 2060 sorte
1658 2032 1829 2065 venerunt,

1078 2089 1148 2127 apte
1164 2080 1203 2114 de
1218 2080 1278 2114 illis
1293 2079 1396 2114 dicere
1413 2089 1582 2125 possumus
1604 2074 1679 2109 illud
1705 2073 1828 2108 Domini

1079 2130 1196 2164 dictum
1221 2138 1454 2164 asseverantes:
1478 2128 1599 2161 Omnes
1621 2124 1762 2171 quiante
1781 2134 1830 2157 me

1080 2188 1231 2214 venerunt
1246 2207 1254 2220 ,
1279 2179 1362 2213 fnres
1385 2178 1531 2220 suerunt,
1553 2184 1583 2209 et
1604 2175 1742 2209 latrones
1771 2175 1829 2216 (a);

1080 2231 1146 2276 ipse
1161 2230 1278 2276 qnippe
1294 2229 1452 2262 Dominus
1467 2238 1520 2273 per
1533 2224 1725 2271 Proplietam
1740 2222 1828 2256 dicit:

1080 2279 1268 2319 Veniebant,
1284 2286 1312 2312 et
1329 2290 1387 2324 ego
1402 2289 1465 2311 non
1488 2275 1649 2309 mittebam
1667 2285 1731 2307 eos.
1751 2271 1828 2306 Nam

1081 2329 1208 2375 qnidam
1237 2336 1373 2362 vestrum
1399 2339 1454 2373 pro
1481 2324 1669 2360 criminibus
1691 2322 1759 2356 suis
1780 2321 1830 2354 sn-

1081 2380 1218 2425 giente53
1245 2377 1371 2425 qnidam
1396 2384 1500 2410 autem
1523 2374 1671 2416 ambitus,
1703 2380 1733 2406 et
1757 2383 1830 2405 ava-

1081 2429 1170 2463 ritiae
1192 2439 1286 2463 cansa
1311 2427 1384 2461 illue
1406 2423 1574 2464 accessuri,
1591 2421 1719 2470 profecti
1740 2428 1830 2461 sunt3

1081 2490 1144 2513 non
1159 2485 1263 2513 autem
1281 2476 1393 2521 vocati,
1408 2487 1467 2510 nec
1483 2473 1627 2508 invocati:
1638 2469 1832 2506 licetnecsic

1082 2528 1112 2562 in
1137 2536 1270 2563 vestram
1296 2539 1351 2561 vos
1373 2524 1541 2559 dioecesim
1568 2522 1608 2557 ad
1630 2521 1766 2568 aliquam
1783 2519 1833 2553 di-

1082 2578 1286 2625 spositionem
1308 2575 1480 2610 faciendam
1496 2573 1624 2607 introire
1638 2568 1830 2605 convenerit.

1117 2640 1156 2676 (¹)
1172 2640 1211 2666 Ex
1223 2639 1285 2666 edit.
1298 2637 1370 2664 card.
1383 2636 1499 2663 (tarinae.
1538 2634 1578 2670 (2)
1592 2634 1833 2667 Leycndumpnla-

1058 2662 1067 2730 Ι
1082 2685 1141 2704 mus
1166 2675 1327 2703 transiliisse.
1365 2673 1405 2709 (ιι)
1422 2673 1493 2700 loan.
1517 2671 1559 2698 ¹0.

1855 265 1909 295 An.
1931 265 1960 296 C·
1984 266 2036 296 878

1856 1203 1943 1235 lllyrici
1983 1211 2042 1234 pro-

1855 1241 1944 1262 vinciae
2003 1239 2042 1262 snb

1856 1276 1903 1298 iure
1930 1275 1994 1298 Sedis
2010 1276 2042 1297 Λ-

1856 1312 1994 1342 postolicae.
