2237 3127
81 278 132 308 An.
151 277 183 307 C.
195 279 247 308 ltltlt

87 556 170 584 Easque
185 557 246 579 ordi-

59 587 131 608 nandi.

90 1347 171 1368 Causae
186 1353 237 1373 gra-

51 1379 122 1400 viores
131 1381 152 1400 et
162 1379 237 1406 appel-

51 1409 144 1431 latione:
154 1408 236 1437 lllyrici

49 1441 99 1463 Sodi
111 1442 237 1470 Apo-ionem

58 1474 223 1499 cognoscendae

49 1507 194 1526 reservantur.

456 276 476 284 tm

939 296 965 319 S.
992 294 1055 319 LEO
1075 296 1087 319 1
1108 296 1157 319 PP.

1725 292 1774 327 49

276 347 420 396 cupiunt,
442 347 632 395 apostolicae
651 347 735 383 sedis
752 347 935 384 auctoritate
957 362 1027 384 con-
1071 350 1228 396 vigilantia
1262 351 1433 398 pastorali,
1468 365 1507 389 ne
1538 354 1613 402 qnid
1650 355 1823 394 diabolicae

276 410 364 433 cessa
386 409 441 444 per
469 410 558 432 suam
581 397 812 433 contumaciam
841 398 1028 434 imminuere

275 459 340 482 non
363 454 514 482 nitantur.

324 497 358 531 5.
380 495 422 530 Ut
436 508 507 531 vero
524 503 644 530 vestrae
663 495 824 530 dilectioni
846 496 1026 543 provinciae

273 557 349 580 suae
371 545 527 580 ordinatio
550 544 741 591 permittitur
759 545 969 589 sacerdotum,
985 546 1025 580 ita

273 594 400 629 fratrem
422 603 453 629 et
471 594 696 640 coepiscopum
720 602 861 628 nostrum
889 596 1026 629 Anasta—

271 643 353 678 sium
376 643 415 677 de
436 642 611 677 ordinando
629 642 767 677 antistite
785 644 930 678 volumus
945 656 1025 678 cou—

272 692 393 727 sulatis.
422 691 482 727 Cui
520 692 751 737 metropolitani
779 692 918 739 episcopi
947 705 1024 727 con-

271 741 480 776 secrationem
507 741 673 775 statuimus
704 742 868 775 reservari:
910 750 953 785 ut,
986 754 1023 775 eo

270 789 457 837 inquisitore
494 797 587 836 atque
627 789 776 833 custode,
816 802 888 824 cnm
918 799 1023 824 certus

269 838 415 874 licentiae
442 838 556 873 modus
588 837 770 884 imponitur,
793 839 1022 874 ecclesiasticae

271 887 459 934 disciplinae
503 887 533 921 in
573 887 722 921 omnibus
754 887 832 921 ordo
868 897 1019 922 servetur.

270 935 378 983 Ipsum
401 948 486 979 vero,
501 936 674 971 secundum
692 936 820 970 definita
841 948 1018 977 canonum,

269 985 331 1020 hoc
353 993 453 1020 vestra
468 985 596 1020 dilectio
616 986 729 1020 nostris
747 986 889 1031 epistolis
911 987 1020 1020 admo-

270 1035 371 1069 nitum
406 1047 475 1069 esse
501 1043 690 1080 cognoscat3
718 1042 753 1069 ut
785 1035 823 1068 de
856 1042 938 1069 statu
960 1048 1020 1070 ec—

267 1083 435 1119 clesiarum
450 1092 624 1118 vestrarum
639 1084 789 1118 certiores
810 1084 945 1118 subinde
962 1097 1018 1119 sua

267 1133 419 1168 relatione
442 1145 500 1168 nos
527 1133 629 1174 faciat3
648 1133 786 1167 sciturus
807 1133 866 1167 sibi
889 1145 905 1167 a
929 1134 1019 1169 nobis

266 1182 512 1229 imputandum,
536 1183 559 1217 si
587 1182 662 1229 quid
698 1182 736 1216 dc
759 1182 818 1224 bis,
847 1195 926 1229 quae
953 1190 1019 1217 sta-

266 1232 395 1270 tuimus,
418 1243 433 1266 a
456 1243 614 1279 quoquam
638 1231 730 1266 fuerit
756 1228 955 1266 temeratum.

318 1282 350 1314 6.
374 1280 408 1315 Si
436 1293 517 1327 quae
541 1293 613 1315 vero
644 1292 756 1315 causae
778 1281 936 1326 graviores
969 1281 1016 1315 vel

267 1329 497 1377 appellationes
523 1330 720 1369 emerserint,
743 1342 795 1364 eas
822 1330 882 1364 sub
919 1330 1017 1377 ipsius

267 1379 418 1414 relatione
439 1379 476 1413 ad
496 1391 553 1413 nos
572 1379 651 1413 mitti
669 1379 785 1413 debere
808 1380 1015 1414 decrevimus:

266 1436 300 1463 ut
312 1436 430 1473 nostra,
439 1428 615 1463 secundum
624 1428 872 1463 ecclesiasticum
882 1441 1016 1469 morem,

264 1477 421 1513 sententia
467 1477 602 1511 finiatur.
631 1477 718 1512 Haec
745 1490 832 1522 vero,
855 1490 934 1524 quae
961 1490 1017 1524 per

264 1526 363 1561 filium
377 1539 482 1561 meum
492 1526 656 1561 Nicolaum
672 1526 889 1574 presbyterum
902 1528 1016 1573 scripta

265 1576 438 1610 direximus
472 1576 707 1610 recurrentibus
741 1576 838 1610 literis
858 1603 866 1618 ,
903 1583 937 1610 ut
962 1588 1017 1610 vos

264 1625 376 1661 eadem
399 1624 536 1659 sciamus
563 1625 734 1672 accepisse,
763 1626 934 1659 rescribite.

315 1674 393 1708 Data
422 1674 522 1720 pridie
550 1674 622 1708 idus
656 1674 814 1708 ianuarias
835 1674 1016 1710 Theodosio

264 1722 368 1757 XVIII
394 1730 425 1757 et
445 1722 561 1757 Albino
589 1722 655 1757 VV.
675 1722 741 1757 CC.
770 1736 850 1757 coss.

317 1775 388 1806 Data
410 1776 457 1806 die
480 1776 516 1805 1⁶2
535 1776 671 1811 ianuarii,
690 1784 766 1804 anno
788 1775 870 1804 Doni.
891 1775 959 1812 444,

404 1815 592 1855 pontificatus
614 1815 720 1844 Leonis
743 1824 818 1844 anno
840 1823 878 1844 iv.

622 1970 659 2004 V.

265 2044 379 2078 Italiae
405 2044 556 2088 csis'copos
569 2044 706 2076 certiores
728 2045 829 2076 reddit
851 2045 921 2083 Leo,
942 2044 1018 2088 quid

315 2105 335 2126 α
361 2105 390 2126 sc
412 2101 520 2126 contra
541 2093 741 2126 rtlam'cliaeos
760 2101 860 2126 actum
880 2094 930 2130 sih·
950 2094 1018 2125 lior-

315 2149 456 2186 taturque
481 2149 513 2175 ut
543 2153 590 2175 eos
617 2143 806 2187 ἰἠυυειίῃειιι,
829 2154 864 2175 nc
887 2143 1017 2186 populos

313 2198 524 2236 corrumpant.

534 2260 748 2291 SUMMARIL'M

266 2309 294 2338 ’1.
309 2308 461 2344 Quomodo
474 2308 684 2348 resipiscentes
703 2309 844 2338 baeretici
860 2308 895 2338 ab
917 2308 1018 2338 Eccle-

306 2349 348 2378 sia
367 2348 530 2386 recipiendi
545 2349 612 2378 sint.
623 2365 663 2370 —
674 2348 701 2377 ⁹2.
717 2348 938 2378 Ilacreticorum
949 2349 1018 2378 hae-

304 2397 387 2418 reses
406 2388 649 2425 manifestandae,
667 2392 698 2418 ut
712 2388 797 2418 vitari
815 2388 937 2427 possint.

266 2463 316 2492 Leo
338 2463 496 2498 episeopus,
526 2463 661 2491 universis
686 2463 818 2499 episcopis
846 2470 895 2498 per
922 2462 1019 2491 ltaliae

311 2507 466 2543 provincias
488 2508 643 2541 constituti.
663 2508 692 2536 in
717 2508 825 2537 Domino
845 2508 972 2536 salutem.

321 2600 352 2631 1.
379 2595 415 2630 In
438 2595 631 2631 consortium
653 2608 709 2632 vos
726 2604 850 2632 nostrae
871 2597 1020 2632 sollicitu-

270 2645 366 2686 dinis,
393 2645 591 2680 dilectissimi
612 2644 734 2692 fratres,
761 2646 963 2688 advocamus,
987 2655 1019 2682 ut

351 2702 425 2733 Ball.
446 2702 523 2732 Itoni.
552 2702 606 2732 t'ul.
630 2704 650 2733 l.
813 2705 828 2734 ’ἰ

1070 400 1188 434 fraudis
1222 403 1333 436 astutia
1365 403 1460 447 possit
1500 417 1611 439 nocere
1644 407 1823 443 commissis

1071 448 1158 483 vobis
1180 450 1329 495 gregibus
1355 452 1538 497 diligentius
1570 455 1752 496 consulatis,
1784 470 1820 491 ne

1069 497 1106 542 is,
1120 499 1172 544 qui
1197 499 1324 535 Domini
1349 500 1560 536 misericordia
1585 503 1742 538 revelante
1764 518 1819 550 per

1070 555 1207 581 nostram
1231 560 1337 582 curam
1366 561 1381 583 a
1409 552 1525 586 nostris
1552 552 1661 586 ovibus
1689 554 1820 588 morbus

1068 595 1221 639 obiicitur,
1258 598 1391 632 necdum
1422 599 1508 633 vobis
1545 603 1760 647 praemonitis,
1789 611 1819 637 et

1065 645 1168 679 adbuc
1195 646 1270 691 qnid
1293 655 1403 692 agatur
1426 648 1553 693 ignaris,
1578 662 1633 696 per
1651 659 1769 685 vestras
1785 664 1819 687 se

1067 703 1173 738 pergat
1195 695 1343 729 ecclesias
1370 705 1399 729 et
1426 710 1553 731 suarum
1590 698 1696 733 furtim
1725 701 1819 734 cuni-

1064 742 1152 775 culos
1175 743 1312 777 inveniat
1347 744 1564 790 latebrarum,
1604 760 1644 782 ne
1678 749 1760 794 quod
1801 762 1817 784 a

1065 791 1155 824 nobis
1190 793 1221 825 in
1264 792 1340 826 urbe
1380 794 1596 839 extinguitur,
1643 797 1818 832 tenebrosis

1063 840 1145 885 apud
1174 853 1228 874 vos
1257 841 1413 876 radicibus
1432 845 1614 878 seminetur.

1112 893 1144 921 2.
1173 889 1331 924 Plurimos
1359 891 1527 938 impietatis
1560 893 1741 929 Manicliaese
1764 908 1814 930 se-

1062 949 1177 982 quaces
1195 946 1225 971 et
1241 938 1387 973 doctores
1404 952 1433 974 in
1454 941 1529 975 urbe
1545 941 1743 987 investigatio
1759 957 1816 978 no-

1061 995 1121 1019 stra
1147 988 1437 1033 reperit,vigilantia
1451 990 1630 1037 divulgavit,
1646 993 1815 1028 auctoritas

1061 1042 1091 1068 et
1104 1047 1234 1070 censura
1254 1038 1403 1072 coercuit.
1419 1039 1508 1080 Quos
1527 1041 1690 1086 potuimus
1711 1054 1816 1076 emen-

1060 1083 1145 1128 dare,
1159 1087 1352 1120 correximus
1369 1088 1632 1123 etutdamnarcnt
1650 1089 1817 1125 Manicliae-

1061 1145 1112 1167 um
1130 1147 1201 1168 cum
1213 1135 1501 1181 praedicationibus
1515 1145 1545 1172 et
1557 1137 1732 1185 disciplinis
1744 1141 1812 1175 suis

1066 1182 1188 1228 publica
1210 1186 1239 1217 in
1260 1184 1399 1220 Ecclesia
1423 1186 1617 1232 professione
1643 1196 1673 1222 et
1697 1201 1812 1223 manus

1059 1244 1134 1266 suae
1148 1233 1379 1279 subscriptione
1402 1236 1629 1282 compulimus,
1657 1244 1687 1272 et
1709 1237 1748 1272 ita
1772 1238 1813 1272 de

1059 1283 1207 1326 voragine
1230 1282 1398 1328 impietatis
1413 1296 1488 1318 suae
1506 1285 1679 1325 confessos,
1702 1287 1810 1332 poeni-

1060 1330 1186 1364 tentiam
1201 1331 1417 1370 concedendo,
1440 1333 1622 1369 levavimus.
1646 1335 1810 1381 Aliquanti

1058 1392 1143 1423 vero,
1166 1380 1217 1425 qui
1243 1381 1283 1413 ita
1306 1393 1339 1415 sc
1366 1381 1593 1426 demerserant,
1628 1391 1662 1418 ut
1690 1384 1811 1418 nullum

1059 1428 1106 1462 liis
1127 1429 1305 1463 auxiliantis
1321 1439 1426 1476 posset
1444 1432 1812 1475 remediumsubvenire,

1057 1477 1174 1511 subditi
1201 1478 1335 1523 legibus,
1358 1479 1537 1514 secundum
1566 1481 1812 1517 christianorum

1059 1527 1237 1573 principum
1255 1529 1434 1569 constituta,
1451 1542 1490 1564 ne
1515 1538 1659 1565 sanctum
1682 1544 1813 1577 gregem

1058 1588 1112 1609 sua
1148 1577 1334 1622 contagione
1362 1579 1549 1625 polluerent,
1587 1592 1640 1626 per
1671 1580 1815 1626 publicos

1059 1624 1179 1659 iudices
1202 1634 1352 1672 perpetuo
1382 1636 1456 1662 sunt
1483 1628 1579 1663 exilio
1602 1630 1742 1675 relegati.
1773 1630 1815 1664 Et

1058 1674 1175 1717 omnia,
1203 1688 1281 1721 quae
1309 1683 1371 1710 tam
1401 1677 1429 1711 in
1453 1678 1631 1723 scripturis,
1659 1690 1753 1724 quam
1782 1679 1812 1712 in

1058 1723 1421 1760 occultistraditionibus
1434 1727 1500 1760 suis
1515 1726 1632 1761 liabent
1647 1727 1810 1774 prophana

1057 1772 1104 1805 vel
1129 1773 1241 1819 turpia,
1266 1781 1297 1807 ut
1321 1783 1427 1808 nosset
1463 1775 1599 1821 populus
1625 1775 1699 1822 quid
1724 1776 1812 1810 resu-

1058 1828 1145 1865 geret
1162 1830 1214 1855 aut
1242 1822 1362 1866 vitaret,
1385 1823 1487 1858 oculis
1506 1824 1696 1859 christianae
1713 1825 1812 1870 plebis

1059 1878 1142 1904 certa
1165 1870 1415 1906 manifestatione
1438 1872 1652 1919 probavimus,
1675 1873 1755 1908 adeo
1778 1882 1812 1908 ut

1059 1918 1140 1964 ipse,
1167 1919 1221 1965 qui
1248 1932 1357 1954 eorum
1381 1921 1545 1956 dicebatur
1571 1923 1767 1969 episcopuS,
1794 1935 1812 1958 a

1060 1967 1151 2001 nobis
1179 1976 1284 2002 tentus
1317 1970 1462 2015 proderet
1500 1970 1653 2016 flagitiosa
1683 1972 1715 2005 in
1743 1972 1809 2006 suis

1060 2016 1228 2063 mysteriis,
1252 2030 1332 2064 quae
1366 2026 1519 2063 tenerent,
1547 2019 1627 2054 sicut
1648 2028 1810 2065 gestorum

1059 2078 1113 2099 vos
1135 2066 1233 2100 series
1257 2075 1357 2113 potest
1384 2068 1527 2102 edocere.
1556 2068 1604 2102 Ad
1635 2069 1811 2103 instructio-

1059 2126 1130 2148 nem
1159 2115 1242 2149 enim
1266 2124 1400 2150 vestram
1419 2117 1512 2151 etiam
1537 2116 1602 2164 ipsa
1625 2117 1810 2152 direximus:

1059 2163 1175 2210 quibus
1211 2164 1310 2205 lectis,
1333 2165 1457 2210 onmia,
1483 2178 1564 2212 quae
1590 2179 1606 2200 a
1634 2166 1727 2201 nobis
1749 2167 1813 2201 de·-

1059 2212 1214 2259 preliensa
1247 2222 1337 2254 sunt,
1366 2227 1458 2249 nosse
1487 2215 1641 2261 poteritis.
1671 2215 1712 2249 Et
1738 2216 1811 2262 quia

1059 2262 1235 2308 aliquantos
1261 2262 1300 2297 de
1319 2263 1379 2306 his,
1403 2276 1483 2310 quos
1506 2276 1544 2298 ne
1563 2264 1811 2304 absolverentur,

1059 2311 1173 2345 arctior
1218 2319 1323 2346 reatus
1370 2312 1563 2359 involverat,
1605 2313 1812 2359 cognovimus

1059 2359 1229 2405 aufugisse,
1257 2361 1338 2396 lianc
1369 2361 1408 2395 ad
1448 2361 1652 2396 dilectionem
1677 2370 1811 2395 vestram

1060 2409 1224 2454 epistolam
1248 2410 1405 2453 misimus,
1429 2418 1461 2444 ut
1483 2410 1588 2444 ell'ccta
1607 2410 1720 2444 certior
1734 2422 1810 2444 san-

1060 2458 1150 2492 ctitas
1175 2466 1276 2493 vestra
1298 2459 1462 2493 sollicitius
1496 2471 1588 2504 agere
1609 2459 1754 2504 dignetur
1779 2467 1811 2493 et

1060 2508 1193 2547 cautius,
1221 2520 1279 2543 nec
1307 2508 1359 2541 ubi
1383 2508 1563 2542 manicliasae
1598 2508 1811 2554 perversitatis

1062 2556 1205 2591 homines
1245 2557 1352 2602 plebes
1384 2566 1501 2591 vestras
1533 2556 1711 2591 facultatem
1739 2556 1811 2591 lae-

1060 2605 1167 2646 dendi,
1188 2613 1219 2639 et
1247 2606 1340 2639 liuius
1362 2605 1517 2651 sacrilegii
1546 2605 1643 2652 possit
1671 2605 1789 2640 invenit

1061 2653 1216 2689 doctores.
1246 2654 1346 2688 Aliter
1371 2654 1455 2688 enim
1498 2654 1590 2689 nobis
1623 2654 1805 2690 commisso„

1868 299 1919 328 An.
1939 300 1969 329 C.
1983 299 2036 330 ltltlt

1871 907 1981 933 Quomodo
1995 911 2030 928 re·

1844 938 1972 964 sipiscente·
1985 938 2029 959 hm-

1843 969 1905 990 retlci
1916 969 1940 989 nh
1953 969 2025 990 Eccle-

1844 1000 1876 1019 stn
1904 1001 2028 1028 recipiendi

1845 1031 1894 1052 siut.

1864 1700 2024 1723 naereticorum

1838 1733 1942 1754 haereses
1976 1738 2024 1753 ma-

1839 1764 1980 1789 nitesiaudan,
2001 1764 2026 1783 ut.

1839 1796 1902 1817 vitari
1916 1796 2005 1823 possint·
