2237 3127
177 309 227 334 An.
250 309 268 335 t)

304 306 353 331 :⁵¹00

181 1594 311 1615 Arelatensi·
320 1601 365 1614 inn—

182 1632 299 1651 misterium

202 1665 305 1687 Clnltlvlm

308 1670 341 1686 rto

183 1703 245 1723 Itan«
255 1710 316 1722 nrum
330 1709 365 1721 rc-

182 1758 192 1764 Η
256 1744 296 1757 ent)

182 1777 248 1793 vtum.

300 1741 364 1758 nii-it-

184 1913 283 1935 tlh-sinu
309 1916 366 1941 1¹:335

184 1951 291 1979 :pululat

184 1986 285 2013 liguliutn

184 2024 240 2045 illitis
250 2033 289 2045 t'iilt

340 1951 365 1972 ad

186 2343 242 2369 Quae
250 2342 369 2363 reverentia

186 2378 281 2399 decretis
304 2379 367 2406 Apo-

185 2413 278 2434 stolirae
305 2413 368 2434 Sedis

186 2450 213 2470 sit
232 2449 337 2471 habenda.

220 2533 333 2562 I’rivilegiu
361 2541 371 2555 ι

188 2569 269 2597 vagina

189 2612 294 2627 contessa
301 2622 305 2626 .

313 2570 370 2598 Papa

444 299 458 332 1
468 298 512 333 70

719 383 805 419 xm.

987 300 1175 330 animumn
1198 306 1361 329 Romnum

1179 373 1196 396 a
1222 361 1462 408 praedecessore
1489 366 1595 395 nostro
1631 358 1748 406 vigilio
1776 371 1923 394 romanae

1157 429 1160 446 ι
1179 411 1263 445 sedis
1275 411 1425 454 antistite,
1438 409 1476 445 ad
1491 409 1762 456 praedecessorem
1783 417 1921 443 vestrum

395 458 592 502 Confirmatio
624 457 858 501 privilegiorum
899 467 952 500 per
988 455 1138 499 Vf9i11'1nn
1178 460 1341 495 Aurelium
1374 460 1488 506 scripta
1526 458 1709 492 transmissa
1736 466 1832 499 sunt,
1871 458 1924 492 ubi

436 518 553 551 papam
591 506 768 539 Arelatensi
806 505 991 539 monasterio
1017 516 1138 538 wtwes-
1179 510 1294 550 omnia,
1317 521 1396 556 qnae
1418 507 1653 555 amplectendae
1675 507 1843 542 voluntatis
1858 515 1926 541 stu-

441 567 545 589 sorum
567 557 631 598 (A).

658 622 872 654 SUMMARIUM

390 688 560 717 Arelatense
579 686 789 715 monasterium
808 695 823 714 a
841 684 1024 715 Childeberto
1044 684 1137 714 Fran—

430 736 532 757 corum
558 735 626 763 rege
645 729 857 755 constructum.
873 742 912 747 —
928 725 1066 754 Eiusdem
1094 734 1139 754 re-

1179 558 1266 593 dium
1289 558 1489 605 deposcebat,
1511 556 1699 603 apostolicae
1734 557 1925 591 auctoritatis

1179 608 1313 644 libenter
1330 607 1442 642 annisu
1474 606 1592 640 firmata
1620 613 1711 641 sunt:
1739 606 1812 652 quia
1835 606 1924 640 (lilii--

1179 657 1326 692 cultatem
1358 657 1419 703 pati
1455 668 1516 690 non
1549 655 1650 703 potuit
1672 655 1853 689 huiusmodi
1877 667 1926 689 res

1179 707 1286 753 petita.
1315 706 1378 741 Sed
1419 714 1452 740 ut
1484 705 1660 740 fraternitas
1694 712 1807 745 vestra,
1841 716 1921 751 quae

432 768 476 804 gis
499 766 641 805 epistolae
661 765 697 795 ad
720 765 860 802 vigilium
882 774 934 804 pro
961 765 1041 794 itlius
1064 774 1137 793 con-
1179 756 1294 791 suerint
1320 764 1461 802 tempore
1493 754 1546 789 illo
1580 754 1716 798 decreta,
1743 762 1926 800 cognoscat.

430 806 605 836 firmatione.
626 822 666 827 —
699 804 779 839 Quae
810 804 973 834 reverentia
1010 804 1137 833 decretis

428 846 606 885 apostolieae
618 845 696 874 sedis
707 845 745 874 sit
757 843 902 874 habenda.
922 861 962 866 —
980 844 1134 882 Privilegia

430 896 445 916 a
478 885 583 923 Yigilio
606 894 679 924 papa
697 884 1082 914 concessa.—Adhortatio
1101 883 1137 913 ad

429 925 571 964 vigilium
590 924 772 964 episcopum.
789 940 830 946 -
846 922 1032 953 Confirmatio
1050 923 1138 962 privi-

429 966 573 1004 legiorum
598 963 777 994 huiusmodi.

473 1035 617 1071 Gregorius
635 1034 732 1070 Vigilio
751 1034 874 1070 episcopo
893 1033 1053 1062 Arelatensi.

440 1103 522 1137 Cum
561 1101 630 1149 piac
665 1101 855 1136 desiderium
889 1101 1081 1145 voluntatis,
1108 1110 1139 1136 et

392 1152 566 1186 laudandae
592 1151 767 1186 devotionis
802 1151 934 1185 intentio
964 1151 1138 1186 sacerdota-

393 1202 474 1235 libus
507 1202 546 1235 sit
580 1212 704 1245 semper
739 1200 850 1233 studiis
881 1199 1055 1234 adiuvanda
1082 1204 1135 1244 <2):

392 1263 466 1285 cura
501 1258 548 1285 est
581 1248 803 1283 sollicitudinis
824 1248 1014 1288 adhibenda,
1044 1257 1076 1283 ut
1102 1262 1136 1283 ea

393 1312 474 1346 quae
485 1311 539 1346 pro
554 1299 658 1346 quiete
670 1298 895 1333 monachorum
912 1298 1137 1345 religiosaeque

393 1348 640 1384 conversationis
663 1347 777 1382 fuerint
792 1347 945 1387 ordinata,
974 1360 1031 1382 nce
1043 1347 1138 1382 dissi-

1179 805 1334 841 antcdicti·
1356 803 1604 851 praedecessoris
1626 803 1723 837 nostri
1745 803 1861 848 scripta
1877 802 1925 836 his

1180 856 1390 901 praevidimus
1436 853 1562 899 scriptis
1609 852 1750 899 adiungi.
1799 852 1924 894 Quibus

1179 906 1314 941 lectione
1354 903 1531 950 percursis,
1565 901 1726 936 hortamur
1761 908 1794 936 ut
1819 902 1924 936 omnia

1179 954 1375 995 sacerdotali,
1411 953 1491 987 sicut
1523 951 1625 992 decet,
1653 950 1756 985 studio
1780 950 1924 985 inviolata

1179 1016 1356 1045 conserves,
1369 1002 1510 1048 nihilque
1528 1001 1591 1035 illic
1612 1000 1650 1035 de
1673 1000 1924 1044 indebitis,nihil

1179 1054 1342 1101 permittas
1364 1052 1402 1086 de
1424 1051 1541 1086 illicitis
1562 1050 1705 1096 irrogari,
1728 1061 1786 1084 uec
1803 1061 1839 1084 ea
1853 1061 1927 1095 qua-

1180 1103 1251 1137 dam
1274 1102 1399 1150 patiaris
1421 1100 1627 1147 usurpatione
1661 1099 1807 1134 convelli.
1844 1098 1923 1132 Nam

1179 1152 1254 1187 licet
1276 1165 1322 1193 ca,
1341 1163 1421 1200 quae
1440 1150 1535 1185 semel
1558 1148 1747 1196 apostolicae
1769 1148 1853 1182 sedis
1875 1160 1927 1182 au-

1158 1190 1160 1242 i
1179 1201 1320 1235 ctoritate
1337 1200 1454 1235 sancita
1470 1206 1555 1238 sunt.
1571 1198 1614 1232 nil
1630 1205 1742 1244 egeant
1757 1197 1925 1238 firmitatisg

1157 1244 1160 1270 i
1179 1262 1216 1284 ex
1238 1250 1428 1285 abundantia
1451 1257 1555 1282 tamen
1586 1255 1697 1281 cuncta
1714 1274 1722 1287 ,
1753 1258 1833 1293 quae
1870 1259 1926 1293 pro

1158 1295 1160 1314 ³
1180 1299 1274 1333 huius
1313 1299 1355 1333 rei
1389 1298 1493 1345 quiete
1517 1309 1533 1331 a
1557 1296 1797 1343 praedecessore
1821 1305 1926 1330 nostro

1157 1321 1160 1387 l
1179 1356 1291 1383 statuta
1313 1355 1397 1387 snut,
1430 1354 1533 1381 nostra
1557 1347 1669 1379 iterum
1693 1344 1874 1380 auctoritate
1893 1345 1923 1379 in

392 1398 522 1432 mulatio
550 1397 708 1443 negligere
723 1424 732 1440 7
760 1409 818 1431 nec
852 1397 1005 1442 quaedam
1041 1397 1138 1431 valeat
1157 1389 1160 1445 l
1179 1397 1327 1432 omnibus
1349 1396 1544 1432 roboramus.
1567 1394 1757 1429 Fraternitas
1779 1406 1853 1440 ergo
1872 1406 1928 1429 ve-

395 1447 586 1495 praesumtio
603 1446 795 1494 perturbare.
811 1446 874 1480 Sed
887 1446 1041 1480 sicuthoc
1053 1447 1136 1492 quod
1179 1454 1241 1481 stra
1264 1447 1303 1481 ita
1330 1458 1364 1481 se
1386 1446 1417 1480 in
1444 1444 1659 1480 custodiendis
1690 1443 1742 1480 eis.
1769 1443 1925 1483 exhibeat,

395 1497 473 1531 ratio
495 1496 638 1542 exigebat
659 1495 773 1531 utiliter
791 1495 1074 1541 oportuitdcliniri‚
1098 1496 1137 1530 ita
1179 1504 1334 1542 quatenus
1356 1502 1386 1530 et
1404 1506 1529 1530 omnem
1553 1493 1749 1528 occasionem
1768 1493 1928 1540 inquietu-

395 1545 480 1592 quod
512 1545 677 1579 definitum
704 1552 773 1585 est,
802 1556 864 1578 non
891 1544 984 1578 debet
1018 1544 1136 1579 violari.
1179 1545 1262 1579 dinis
1276 1544 1431 1588 excludat,
1444 1551 1474 1578 et
1489 1543 1557 1578 aliis
1572 1542 1926 1589 haecoperarisuadeat,

394 1595 492 1641 Igitur
526 1594 680 1641 gloriosae
718 1593 887 1628 memoriae
915 1592 1138 1628 Childebertus
1180 1594 1254 1629 dnm
1283 1606 1316 1629 sc
1342 1593 1372 1628 in
1391 1591 1596 1628 custodienda
1620 1591 1759 1626 defuncti
1783 1591 1925 1638 piissima

394 1644 588 1678 Francorum
605 1655 658 1678 rex
671 1643 842 1678 catholicae
858 1642 1018 1688 religionis
1032 1655 1137 1677 amore
1180 1644 1351 1683 voluntate,
1369 1642 1544 1683 sollicitam,
1570 1649 1602 1676 ut
1623 1640 1723 1683 decet,
1738 1640 1925 1682 exhibuerit,

394 1705 577 1733 succensus,
602 1692 680 1727 iutra
706 1704 814 1726 muros
835 1691 1028 1726 Arelatensis
1055 1692 1138 1726 civi—
1157 1664 1160 1718 Ι
1180 1700 1210 1727 et
1232 1693 1387 1727 devotam.

394 1743 465 1777 tatis
491 1742 716 1776 monasterium
738 1741 888 1785 virorum,
912 1750 943 1775 ut
962 1741 1078 1788 scripto
1095 1754 1140 1776 rc·
1180 1748 1243 1778 Dat.
1264 1757 1341 1778 anno
1359 1747 1475 1777 Domini
1494 1748 1564 1786 599,
1585 1747 1686 1787 pontif.
1699 1747 1785 1786 Greg.
1801 1757 1876 1777 anno
1890 1757 1927 1777 ix.

395 1792 547 1839 perimus,
580 1803 636 1838 pro
670 1803 725 1825 sua
760 1791 904 1825 mercede
931 1791 1137 1835 constituens,

394 1841 547 1888 quaedam
575 1840 689 1876 ibidem
713 1852 769 1887 pro
790 1839 998 1874 habitantium
1021 1848 1138 1875 susten-

394 1890 510 1925 tatione
534 1889 702 1924 concessit.
726 1888 827 1924 Cuius
847 1902 885 1924 ne
909 1889 1052 1924 voluntas
1072 1902 1139 1924 um-

1511 1866 1597 1901 XIV.

394 1952 488 1986 quam
523 1938 691 1974 duceretur
717 1939 749 1972 in
777 1939 920 1983 irritum,
947 1947 977 1973 et
1003 1951 1038 1974 ea
1060 1952 1139 1986 quae
1180 1939 1308 1973 Decreta
1329 1940 1478 1974 nonnulla
1509 1951 1567 1984 pro
1592 1939 1813 1973 monachorum
1835 1940 1927 1974 liber-

354 1995 365 2005 '¹
394 2001 451 2035 pro
472 1988 576 2035 quiete
598 1987 825 2023 monachorum
841 1988 990 2034 disposita
1006 1988 1138 2030 fuerant,

295 2024 367 2045 {irma-

395 2038 605 2078 turbarentur,
628 2049 770 2084 quaeque
786 2038 917 2072 contulit
929 2038 958 2072 in
975 2038 1040 2072 iura
1055 2038 1140 2072 eius-

395 2090 467 2122 dem
494 2087 686 2128 monasterii.
713 2086 853 2134 epistolis
879 2088 944 2122 suis
969 2087 1138 2134 apostolica

396 2137 489 2183 petiit
509 2137 691 2171 auctoritate
706 2136 831 2170 firmari:
850 2137 909 2171 boc
924 2149 1051 2184 quoque
1066 2149 1140 2172 suae

401 2186 540 2232 petitioni
558 2185 765 2231 subiungens,
781 2194 813 2219 nt
827 2185 928 2220 eidem
951 2187 1140 2222 monasterio

399 2242 462 2268 tam
480 2235 509 2269 in
524 2234 727 2281 dispositione
742 2245 858 2279 rerum⁷
869 2248 963 2282 quam
975 2237 1005 2270 in
1019 2236 1142 2271 ordina-

397 2284 483 2318 tione
512 2283 633 2318 abbatis
664 2284 816 2331 quaedam
844 2285 957 2331 pariter
980 2285 1140 2332 privilegia

397 2332 596 2379 largirentur.
610 2332 723 2367 Sciens
738 2334 856 2380 quippe
872 2346 939 2368 cam
954 2335 1141 2381 apostolicae

397 2383 462 2416 sedi
485 2382 692 2417 reverentiam
720 2394 735 2416 a
759 2382 904 2417 fidelibus
926 2384 1080 2423 exhiberi,
1109 2392 1142 2418 ut

399 2431 833 2477 quaeeiusfuissentdecreto
850 2432 1013 2479 disposita,
1028 2434 1143 2468 nullius

397 2481 549 2527 deinceps
589 2480 713 2515 illicitae
751 2482 965 2528 usurpationis
1003 2483 1142 2518 molestia

397 2537 613 2576 quaterentur.
636 2529 728 2565 Unde
750 2532 821 2577 quia
843 2530 999 2574 effectum,
1016 2540 1045 2566 et
1060 2532 1143 2579 regia

397 2579 554 2619 voluntas,
569 2589 599 2614 et
622 2592 671 2614 res
693 2579 781 2615 valde
795 2579 968 2615 desiderata
985 2581 1144 2628 poscebat,

436 2649 476 2684 (t)
493 2649 590 2685 Regist.
608 2649 653 2677 lib.
670 2658 711 2684 tx,
727 2651 777 2688 Ep.
797 2659 853 2679 cxi.
891 2651 931 2687 (2)
951 2652 1026 2680 Grat.
1047 2653 1091 2686 25,
1116 2662 1143 2689 q.

397 2684 425 2715 9,
437 2693 460 2711 c.
478 2686 505 2718 9,
522 2686 588 2712 Cum
602 2689 672 2718 piae.

1230 1995 1289 2022 tate
1311 1991 1372 2031 (4).

1443 2057 1659 2088 SUMMARlUM

1180 2119 1348 2150 Exordium.
1358 2135 1398 2142 —-
1407 2119 1465 2149 Nec
1477 2119 1606 2159 episcopi
1620 2129 1672 2149 nec
1686 2119 1753 2150 laici
1765 2120 1926 2159 quidquam

1222 2159 1408 2189 monasteriis
1420 2160 1569 2198 proprium
1592 2159 1769 2189 imminuant
1780 2164 1833 2190 etc.
1844 2177 1884 2182 —
1896 2160 1926 2190 Si

1221 2208 1296 2238 quac
1315 2199 1390 2229 inter
1408 2199 1578 2238 episcopum
1598 2203 1625 2228 ct
1647 2199 1784 2228 abbatem
1818 2200 1854 2229 lis
1877 2200 1925 2229 in-

1223 2239 1392 2276 surrexerit,
1422 2239 1526 2268 mediis
1559 2238 1722 2277 Evangeliis
1744 2239 1869 2270 tollatur.
1887 2257 1928 2262 —

1223 2278 1283 2308 Non
1296 2279 1443 2316 eligantur
1455 2278 1544 2308 exteri
1556 2279 1584 2308 in
1595 2279 1741 2308 abbatem.
1757 2278 1811 2309 Sed
1827 2279 1862 2309 de
1873 2288 1925 2309 ca-

1223 2319 1288 2348 dem
1312 2318 1537 2356 congregatione
1566 2318 1762 2348 concordibus
1794 2319 1926 2348 omnium

1223 2358 1383 2395 sull'ragiis.
1398 2375 1438 2380 —
1457 2358 1485 2387 Si
1497 2363 1579 2397 aptos
1596 2359 1707 2388 interse
1719 2367 1777 2387 non
1791 2359 1926 2392 habeant,

1224 2397 1258 2426 ab
1277 2398 1344 2427 aliis
1357 2399 1543 2427 monasteriis
1559 2402 1721 2428 assumant.
1738 2414 1778 2420 —
1794 2398 1856 2427 Non
1871 2398 1928 2428 ini-

1224 2438 1332 2467 tientur
1350 2438 1441 2467 sacris
1453 2437 1608 2467 ordinibus
1628 2448 1710 2468 mona
1718 2437 1764 2467 chi
1779 2439 1865 2467 invito
1877 2438 1928 2467 ab-

1224 2477 1300 2506 bate.
1311 2477 1587 2516 —Descriptiotwin
1604 2487 1701 2507 rerum
1715 2477 1927 2507 monasteriiab

1223 2517 1359 2556 episeopo
1368 2518 1428 2546 [ieri
1440 2517 1729 2556 prohibetur.—Ncc
1739 2527 1770 2546 se
1781 2518 1926 2547 ullatenus

1223 2557 1309 2586 etiam
1329 2556 1453 2587 obeunte
1476 2557 1581 2587 abbate
1609 2558 1782 2589 immisceat.
1804 2574 1843 2579 -—
1865 2556 1926 2586 Non

1222 2597 1344 2626 collocet
1358 2596 1396 2626 ibi
1408 2596 1693 2627 cathedram—Nec
1710 2597 1926 2629 ordinationem

1225 2635 1281 2665 nisi
1304 2642 1422 2674 rogatus
1439 2637 1475 2667 ab
1493 2637 1595 2667 abbate
1618 2637 1712 2669 saciat.
1733 2655 1774 2663 —
1793 2637 1862 2668 Sine
1876 2636 1929 2666 ab·

1222 2688 1261 2723 (¹)
1278 2688 1367 2724 Nuper
1378 2693 1446 2716 erut.
1464 2697 1495 2717 ex
1513 2690 1613 2717 archiv.
1628 2690 1687 2718 Vat-

1955 294 2008 322 An.
2030 293 2057 322 C.
2080 293 2130 321 509

1957 862 2086 885 Adhortatio
2113 859 2139 882 ad

1957 899 2058 927 vigilium
2087 898 2140 927 epi-

1957 943 2058 964 scopum.

1988 1239 2128 1262 Confirmano

1968 1276 2134 1306 privilegiorum

1959 1310 2090 1334 huiusmodi.
