2237 3127
59 265 113 306 An.
144 279 173 308 c.
193 279 245 309 883

60 394 84 418 S.
102 395 188 425 Eligius
198 396 245 418 No-

80 432 229 462 riomagcnsis

59 467 238 490 solemni-oense

70 504 228 526 monasterium

84 541 216 562 construxit.

80 805 240 828 tttonasterium

55 844 77 863 et
87 841 188 864 monaehi
201 841 240 864 sub

53 875 182 900 defensione
214 885 239 900 ac

53 913 148 935 tuiti-ne
175 913 238 936 Sedis

79 948 223 979 Apostolicae

75 985 222 1016 recipiuntur.

78 1046 154 1070 Eidem
178 1047 238 1070 bona

52 1083 124 1105 omnia
167 1087 190 1106 et
225 1091 237 1106 a

53 1117 188 1141 Francorum
200 1128 238 1143 re-

51 1153 114 1184 gibus
131 1163 237 1178 concessa

50 1189 165 1220 privilegia
182 1199 236 1214 con-

51 1226 175 1252 firmantur.

75 1859 214 1882 Permittitur

46 1895 159 1917 monachis
187 1902 228 1917 ar-

43 1941 91 1955 cem
109 1933 130 1954 in
148 1939 229 1954 mona-

45 1969 112 1991 sterio
154 1967 229 1989 facere

45 2007 122 2027 contra
138 2003 229 2026 intr-sta-

44 2041 116 2063 tiones
142 2038 227 2061 infide-

42 2076 104 2099 lium.

43 2113 146 2143 Cuiquam
154 2111 228 2133 cuius<

43 2156 136 2179 eumque
199 2147 228 2169 sit

43 2183 160 2214 dignitatis
184 2182 227 2205 lio-

41 2227 68 2242 na
99 2222 228 2241 monnstern

41 2255 149 2284 minuere,
182 2261 227 2276 au—

41 2290 109 2320 serre,
142 2289 177 2312 vet
205 2290 225 2312 in

41 2326 126 2348 alienos
173 2332 225 2347 usus

41 2365 170 2384 convertere
187 2362 226 2383 in-

42 2397 168 2420 tei-dicitur.

921 292 1066 316 {innisus
1092 294 1102 316 1
1130 295 1180 317 Pt'.

1695 288 1759 321 561

1837 278 1888 318 An.
1920 292 1948 320 c.
1970 285 2021 323 aaa

274 343 454 389 postulante
491 344 689 379 nobilissimo
722 344 919 380 Francorum
954 359 1025 393 rege
1067 348 1227 395 profutura
1264 357 1477 396 permaneant.
1514 350 1689 387 Statuimus
1708 353 1812 395 ctiam,
1837 366 2020 398 nuti-iswano-

272 392 463 439 Dagolifflto,
480 404 506 428 et
526 405 741 429 construi-toro
764 396 864 441 ipsius
878 396 936 429 loci
951 409 1024 430 sau-

272 443 413 477 ctissimo
445 444 510 478 viro
538 444 641 490 Eligio
668 444 820 491 episcopo
854 444 1023 480 Novioma—

271 493 372 535 gensi,
407 502 563 539 quatenus
590 493 687 540 quieti
728 505 765 527 ac
791 494 847 527 tuti
876 506 944 528 csse
968 507 1023 541 per

271 540 373 576 futura
391 552 528 589 tempora
542 542 679 577 valeatis.
698 541 764 576 Nos
784 554 867 585 roro,
887 552 1019 577 vestram

269 592 464 626 sanctitatem
487 600 695 637 agnoscentes
711 619 718 632 ,
741 600 926 638 vestraeque
949 594 1017 626 reli-

269 641 355 685 gioni
379 653 541 676 assensum
566 640 772 687 praebentes,
796 649 880 675 tanta
907 641 1021 676 alacri-

269 697 330 723 tate.
352 691 435 724 laeto
455 692 561 725 animo
583 689 801 728 concedimus,
823 699 944 736 quanto
965 704 1019 726 vos

268 738 335 774 Deo
358 739 601 786 propinquiores
617 740 647 773 iu
670 751 755 773 sacra
778 740 1018 775 conversatione

267 789 489 835 cognoscimus
510 788 586 823 fore.
610 788 708 834 Igitur
728 789 810 822 iuxta
833 789 1015 834 petitionem

269 846 413 881 vestram,
429 838 609 872 huiusmodi
629 838 827 884 privilegium
846 841 1018 884 praesentis

266 887 460 922 auctoritatis
496 896 619 921 nostrae
657 887 785 921 decreto
823 888 924 921 eidem
965 900 1015 922 re-

267 936 395 971 nerabili
441 937 630 971 monasterio
671 937 799 979 vestris,
838 935 1015 984 futurisque

266 985 462 1033 temporibus
490 986 707 1032 indulgemus,
729 985 946 1030 concedimus,
968 995 1015 1020 at-

264 1047 325 1081 quc
364 1036 598 1070 confirmamus.
634 1035 674 1070 Et
700 1036 780 1070 sicut
801 1034 1014 1071 nobilissimus

264 1084 458 1120 Francorum
483 1097 535 1120 rex
563 1085 772 1130 Dagobertus,
800 1092 830 1118 et
851 1085 1014 1130 gloriosis-

263 1135 334 1168 simi
362 1134 495 1181 Augusti
523 1134 656 1169 Carolus
690 1144 719 1169 et
745 1134 828 1168 filius
855 1135 925 1169 cius
947 1134 1012 1169 Lu-

263 1183 406 1225 (lovinus,
428 1193 459 1218 et
482 1184 550 1229 lilii⁷
572 1193 602 1218 et
623 1192 754 1230 nepotes
781 1196 889 1218 eorum
918 1183 1013 1219 Caro-

263 1234 312 1268 lus
348 1234 528 1281 imperator,
556 1241 586 1268 et
613 1234 754 1268 eiusdem
790 1233 895 1267 Caroli
928 1234 1011 1269 lilius

262 1283 456 1325 Ludovicus,
479 1295 538 1318 nec
561 1295 621 1317 non
644 1293 672 1316 et
700 1283 929 1317 Kar-lomauuus
944 1282 1011 1317 Lu—

262 1333 362 1368 dovici
386 1333 478 1372 lilius,
498 1333 549 1380 qui
567 1345 648 1367 nunc
668 1344 798 1378 reguum
814 1331 1008 1366 Francorum

262 1382 394 1417 feliciter
414 1383 589 1428 gubernare
616 1382 748 1425 ridetur,
781 1381 864 1415 ducti
901 1381 1008 1416 divino

261 1443 367 1466 amore
390 1432 428 1466 de
456 1432 534 1465 villis
560 1444 596 1465 ac
630 1430 829 1465 facultatibus
865 1443 921 1464 seu
949 1432 1008 1465 sti—

261 1481 384 1527 pendiis
406 1481 551 1528 propriis,
579 1494 613 1515 ac
636 1480 776 1526 ‹pi-»libet
806 1479 900 1514 modo
932 1481 972 1514 ibi
991 1493 1006 1514 a

260 1529 405 1565 fidelibus
427 1530 500 1564 viris
534 1530 728 1563 condonatae
761 1541 834 1569 res,
869 1541 884 1562 a
919 1529 1006 1564 robis

258 1580 481 1627 quoquomodo
491 1580 662 1626 acquisitae
674 1586 758 1618 sunt,
771 1579 851 1612 sicut
866 1578 895 1611 in
913 1591 1006 1625 prac-

257 1630 358 1676 ceptis
383 1629 611 1676 praedictorum
628 1641 736 1674 regum
753 1628 943 1668 continetur,
960 1629 1003 1662 rel

257 1679 288 1713 in
315 1678 421 1713 charta
448 1679 590 1713 eiusdem
619 1678 800 1712 monasterii
831 1677 1005 1712 fundatoris

258 1729 409 1763 insertum
437 1737 495 1769 est,
517 1729 633 1762 scilicet
648 1727 741 1773 Eligit
764 1727 917 1773 episcopi,
935 1739 1005 1761 om-

257 1779 308 1812 nia
335 1777 447 1812 illibata
476 1786 507 1812 et
539 1778 719 1812 inconvulsa
744 1785 866 1810 nosti-ac
895 1785 1004 1810 aucto-

256 1828 356 1862 ritatis
397 1827 558 1873 privilegio
611 1826 845 1861 confirmamus.
884 1825 1003 1860 Damus

255 1877 347 1912 etiam
388 1875 556 1914 licentiam,
595 1884 720 1922 propter
751 1875 1001 1922 persecutionem

256 1926 428 1961 infidelium
470 1926 729 1960 christianitatem
773 1924 1000 1958 devastantium

257 1977 461 2011 munitionem
503 1976 545 2009 ilii
577 1975 653 2009 lieri.
684 1974 916 2010 Constituimus
943 1974 1001 2008 alia

253 2027 436 2060 auctoritate
459 2025 536 2060 beati
563 2024 660 2063 Petri,
692 2032 725 2059 ut
752 2024 857 2058 nullus
879 2035 1000 2069 regum,

255 2088 346 2110 nemo
362 2076 550 2114 antistitum,
579 2075 625 2109 rel
647 2073 810 2117 abbatum,
829 2084 882 2107 seu
906 2073 1000 2120 quili-

255 2126 305 2159 bet
326 2138 381 2160 sua
407 2124 565 2171 praeditus
586 2123 749 2170 dignitate,
777 2123 815 2157 de
844 2123 892 2161 iis,
919 2135 999 2169 quae

255 2174 284 2208 in
307 2174 489 2222 praelibatis
517 2173 691 2220 praeceptis
717 2173 927 2212 continentur,
953 2173 997 2205 rel

254 2225 283 2258 in
314 2224 419 2259 futuro
452 2223 491 2258 ab
523 2223 585 2267 eis,
613 2223 659 2257 vel
689 2234 703 2256 a
741 2221 930 2269 quibuslibet
960 2221 999 2256 dc

255 2275 379 2321 proprio
401 2273 516 2307 fuerint
533 2272 581 2306 liis
595 2271 786 2318 specialibus
808 2271 915 2306 usibus
932 2271 979 2304 litt·

253 2323 376 2362 collata,
401 2323 462 2357 sub
495 2321 663 2356 cuiuslibet
686 2333 798 2355 causae
820 2322 997 2364 occasune,

252 2374 317 2407 sive
328 2372 448 2420 speeie,
463 2372 633 2418 quidquam
650 2371 791 2405 minuere
806 2370 850 2404 rel
865 2386 869 2402 z
882 2370 997 2411 u'eire,

253 2422 300 2456 vel
325 2423 394 2457 aliis
415 2421 503 2468 quasi
539 2421 598 2468 piis
624 2421 726 2455 causis
747 2432 803 2467 pro
824 2432 898 2454 suae
924 2432 996 2453 aia-

253 2472 341 2506 ritiae
366 2470 567 2506 excusatione
606 2477 783 2516 praesumat
809 2468 993 2503 concedere.

251 2522 314 2556 Sed
337 2528 463 2561 cimcta,
494 2532 573 2566 quae
609 2518 718 2554 usibus
757 2518 995 2561 monachorum,

253 2572 298 2606 vel
320 2570 481 2606 Ecclesiae
502 2569 603 2604 oblata
625 2576 710 2613 sunt,
731 2568 778 2602 vel
801 2567 903 2602 offerri
918 2579 996 2601 con-

252 2620 366 2668 tigerit,
389 2619 517 2666 perenni
541 2627 681 2665 tempore
708 2617 826 2664 absque
848 2617 910 2651 ulla
938 2617 995 2650 in-

1066 405 1098 432 ut
1143 399 1248 433 nullus
1286 401 1529 446 cpiscoporum,
1569 414 1624 435 seu
1659 403 1810 437 comitum

1064 448 1326 483 mansionaticum
1355 449 1409 494 ibi,
1436 450 1481 484 vel
1512 459 1644 496 paratas,
1679 451 1725 486 vel
1749 459 1812 487 sta-

1064 504 1164 531 tiones
1187 498 1345 545 requirere
1379 511 1432 533 scu
1468 500 1593 545 exigere
1622 509 1810 547 praesumat,

1062 547 1115 579 sed
1145 546 1237 582 liceat
1258 548 1355 582 servis
1376 548 1434 583 Dei
1457 551 1526 583 sine
1547 549 1650 596 aliqua
1680 551 1810 597 inquie—

1063 595 1170 630 tudine
1191 596 1260 631 Dco
1278 598 1404 641 servire,
1427 606 1457 632 et
1476 598 1695 645 hospitalitatis
1717 600 1810 636 bene-

1061 645 1239 683 volentiam,
1263 655 1355 693 prout
1379 647 1424 681 cis
1450 647 1588 686 libuerit,
1624 650 1746 684 cunctis
1769 651 1809 684 fi-

1060 693 1184 729 delibus
1211 696 1404 742 impendere.
1428 696 1549 731 Placuit
1577 698 1650 732 huic
1678 699 1808 745 paginae

1060 743 1210 785 inserere,
1226 753 1259 779 ut
1272 745 1409 779 obeunte
1436 746 1547 781 abbate
1567 747 1716 793 praedicti
1733 761 1807 784 coc·

1059 793 1155 828 nobii⁴
1173 794 1279 829 nullus
1296 795 1349 839 ibi,
1369 807 1569 842 quacumque
1591 797 1806 844 subreptionis

1058 843 1239 883 ambitione,
1273 844 1415 878 abbatem
1445 853 1581 880 statuere
1617 856 1804 891 praesumat,

1058 893 1116 926 msi
1142 906 1234 939 quem
1258 893 1399 927 eiusdem
1427 893 1486 928 loci
1515 895 1659 929 monachi
1687 908 1805 931 secuu-

1057 941 1131 975 dum
1166 942 1376 978 authenticam
1403 950 1434 978 et
1461 945 1632 989 regularem
1670 946 1803 981 institu-

1057 991 1172 1025 tionem
1197 1005 1234 1026 ος
1257 1005 1289 1026 se
1313 993 1387 1039 ipsis
1408 993 1560 1039 elegerint
1581 993 1801 1030 ordinandum.

1054 1039 1086 1074 Si
1110 1042 1180 1087 quis
1201 1050 1304 1076 autem
1328 1043 1408 1076 hauc
1436 1042 1578 1088 paginam
1602 1044 1802 1079 constitutio-

1054 1090 1103 1123 nis
1124 1102 1311 1136 agnoscens,
1339 1099 1445 1126 contra
1467 1104 1534 1126 eam
1566 1093 1671 1127 venire
1695 1102 1801 1128 teuta-

1053 1140 1141 1179 rerit,
1165 1141 1203 1174 sit
1231 1141 1352 1175 alienus
1385 1153 1402 1175 a
1429 1142 1642 1177 sacratissimo
1669 1155 1801 1190 corpore

1052 1188 1179 1223 Domini
1204 1190 1300 1224 nostri
1325 1190 1391 1225 lesu
1422 1189 1552 1232 Christi,
1575 1199 1604 1226 et
1627 1192 1685 1226 nisi
1710 1205 1801 1239 prae-

1052 1247 1174 1284 sumpta
1197 1240 1375 1284 correxerit,
1410 1240 1458 1274 vel
1493 1240 1574 1275 male
1607 1241 1706 1276 ablata
1734 1255 1799 1278 non

1052 1289 1231 1327 restituerit,
1260 1289 1409 1323 ultionem
1437 1302 1508 1323 cum
1537 1290 1612 1324 Iuda
1641 1291 1799 1337 proditore

1051 1338 1197 1384 excipiat,
1220 1346 1250 1372 et
1272 1338 1397 1373 beatum
1425 1338 1553 1373 Petrum
1591 1341 1704 1374 sentiat
1733 1341 1799 1376 lio-

1050 1395 1140 1421 stem.
1172 1387 1303 1422 Cunctis
1337 1395 1438 1422 autem
1474 1389 1576 1422 eidem
1616 1390 1684 1424 loco
1718 1391 1796 1426 iusta

1049 1437 1245 1471 servantibus
1272 1437 1312 1471 sit
1348 1449 1405 1483 pax
1439 1437 1564 1471 Domini
1600 1440 1697 1473 nostri
1725 1440 1796 1475 lesu

1049 1484 1177 1524 Christi,
1205 1495 1360 1533 quatenus
1387 1495 1417 1520 et
1449 1487 1501 1521 liic
1528 1487 1662 1522 fructum
1695 1488 1796 1525 bonae

1048 1535 1181 1569 actionis
1204 1536 1370 1570 inveniant.
1399 1535 1559 1582 Scriptum
1585 1550 1639 1583 per
1667 1550 1793 1574 manum

1047 1584 1215 1620 Zachariae
1236 1585 1376 1620 scrinarii
1412 1595 1537 1620 sanctae
1561 1599 1706 1622 romanae
1732 1587 1797 1623 Ec-

1047 1634 1158 1668 clesiae
1192 1647 1299 1669 mense
1334 1634 1434 1678 maio,
1482 1636 1652 1671 indictione
1682 1638 1795 1684 prima.

1046 1682 1132 1717 Bene
1159 1685 1267 1718 valete.
1297 1684 1402 1718 Pridie
1426 1685 1495 1718 idus
1520 1686 1632 1725 iunias,
1656 1699 1710 1732 per
1731 1699 1793 1722 ma-

1046 1745 1119 1766 num
1143 1732 1299 1768 Valentini
1322 1733 1481 1768 Ecclesiae
1508 1734 1692 1770 Portuensis
1718 1738 1795 1782 epi-

1045 1783 1152 1829 scopi,
1191 1791 1341 1830 regnante
1382 1783 1410 1817 in
1449 1792 1634 1830 perpetuum
1656 1785 1793 1821 Domino

1044 1832 1111 1865 Deo
1148 1840 1264 1867 nostro.
1298 1833 1390 1867 Auno
1425 1833 1624 1879 pontificatus
1673 1834 1792 1870 domini

1045 1881 1152 1914 Marini
1174 1883 1357 1917 universalis
1373 1894 1470 1930 papae
1489 1883 1602 1930 primo.
1619 1883 1792 1920 ludit-tione

1045 1944 1110 1977 ΡΓΙΙΔ
1127 1943 1144 1966 a

1122 1988 1184 2019 Dat.
1204 1988 1251 2018 die
1271 1988 1306 2018 12
1325 1989 1408 2025 iunii,
1426 1999 1500 2018 anno
1515 1989 1631 2020 Domini
1646 1991 1713 2029 883,

1239 2029 1342 2068 pontis.
1360 2029 1461 2059 Marini
1480 2039 1556 2059 anno
1573 2038 1593 2060 1.

1394 2145 1434 2180 ΙΙ.

1043 2215 1241 2257 ΡνῐνίΙσςῐυνη
1269 2217 1452 2250 monasterio
1483 2217 1516 2250 S.
1551 2218 1732 2251 Sam’m’om's
1753 2218 1788 2252 in

1088 2266 1215 2298 diaecesi
1238 2267 1405 2299 Laudi-nu:
1441 2267 1561 2311 eiusque
1596 2269 1682 2300 bum>-
1721 2281 1788 2300 cwi-

1085 2316 1234 2359 firmatis,
1272 2317 1318 2348 ius
1350 2317 1455 2349 abbati
1475 2318 1648 2349 conceditur
1673 2317 1715 2350 ad
1739 2328 1787 2350 se-

1086 2365 1153 2397 dem
1171 2366 1366 2409 aposcolicam
1389 2367 1569 2410 appellandi
1583 2368 1638 2410 (1).

1303 2434 1518 2465 SUMMARIL'M

1037 2494 1127 2525 Causa
1147 2495 1358 2525 concessionis.
1375 2513 1415 2518 —
1434 2495 1621 2526 Enumeratio
1638 2495 1783 2526 bonorum

1077 2537 1112 2565 ad
1125 2535 1333 2565 monasterium
1351 2536 1379 2566 S.
1395 2536 1560 2565 Savinionis
1578 2537 1783 2575 spectantium.

1074 2593 1114 2597 —
1130 2575 1228 2604 Alibas
1251 2584 1266 2604 a
1298 2576 1450 2605 monachis
1469 2585 1503 2605 ex
1524 2577 1634 2613 gremio
1659 2585 1783 2613 congre-

1070 2641 1108 2676 (l)
1131 2641 1169 2668 Ex
1195 2640 1304 2667 Archiv.
1336 2640 1498 2669 Catliedralis
1525 2641 1669 2669 Laudensis
1698 2641 1783 2669 edidit.

250 2670 434 2719 quietudine
465 2670 552 2715 ipsis,
586 2668 702 2714 quibus
735 2680 882 2702 concessa
910 2674 994 2711 sunt,
1038 2682 1136 2717 [alieti.
1155 2681 1210 2709 mi,
1229 2682 1287 2709 Suc.
1306 2685 1369 2709 tom.
1388 2689 1425 2708 Ν,

368 2728 440 2758 Ball.
463 2726 536 2755 Imm.
561 2725 614 2754 t‘ut.
638 2725 657 2753 1.
778 2724 818 2754 ,ω

1837 410 1913 432 porum
1931 404 1964 426 vel
1981 414 2020 427 co-

1837 440 1913 463 mitum
1956 450 2020 464 man-

1852 477 1993 508 sionaticum‚

1835 516 1871 534 aut
1889 515 1996 536 stat³ones
2008 522 2019 537 a

1835 550 1969 572 munasterio
1987 558 2020 573 re-

1835 585 1915 614 quirat.

1860 726 1952 750 Abbatis
1968 729 2018 751 ele·-

1837 764 1882 785 rtio
1911 765 2017 787 coneedi-

1834 802 1868 821 tur
1894 802 2015 825 monachis.

1862 1049 1982 1072 Anathema

1831 1088 1908 1105 contra
1952 1086 2014 1108 inob-

1831 1123 1942 1143 servantes
1964 1124 2014 1151 pri—

1831 1156 1910 1185 »ssogia
1952 1158 2014 1181 huius

1820 1187 1824 1192 ¹
1830 1197 1919 1216 statuta.
