2237 3127
173 300 224 328 An.
250 301 277 329 C.

303 303 354 331 517

190 2236 270 2257 «incili-i
289 2237 301 2258 l·
313 2246 322 2259 ς
336 2238 356 2260 ἰη

173 2280 228 2294 nnnn
241 2275 357 2298 reb-bron-

440 278 510 312 454-

388 344 490 392 pretio
523 346 700 389 comparet:
737 338 885 387 quoniam
921 346 991 374 ante
1031 338 1141 374 oculos

387 405 457 429 esse
498 391 669 431 convenit,
711 389 796 436 quod
836 388 947 423 Simon
984 388 1140 435 Spiritum

386 443 537 478 Sanctum
571 440 680 474 volens
721 438 941 485 redemptione
983 438 1139 479 mercari,

386 490 530 538 Apostoli
565 488 659 523 fuerit
704 487 911 522 detestatione
958 499 1138 534 percussus.

386 540 478 575 Tunc
504 538 620 573 deinde
651 537 723 584 quis
755 549 817 571 uon
845 537 905 571 vile
937 544 1027 584 putat
1060 549 1139 578 esse,

385 588 472 637 quod
497 587 664 623 venditur?
690 586 783 621 Istam
811 586 1027 621 sacerdotibus
1048 586 1141 620 ordi-

385 638 499 674 nandis
532 636 739 672 reverentiam
767 644 869 670 servet
902 635 1026 679 electio,
1052 636 1139 670 utin

385 688 470 736 gravi
494 698 654 721 murmure
682 685 872 732 populorum
900 684 1043 719 divinum
1071 697 1140 720 cre-

384 739 477 773 datur
502 748 571 771 esse
594 735 759 770 iudicium.
783 734 827 768 lbi
851 734 936 769 enim
958 734 1056 778 Deus,
1083 734 1138 769 ubi

384 786 519 834 simplex
544 786 611 820 sine
634 785 785 832 pravitate
812 796 997 818 consensus.
1021 783 1138 818 Verum

383 849 444 872 nec
470 836 551 870 hanc
572 834 702 882 quidem
727 840 843 880 partem
867 833 1089 876 solicitudinis,
1108 841 1139 868 et

383 885 608 921 admonitionis
630 883 816 924 omittimus,
839 895 897 918 nec
924 883 971 918 vel
993 883 1044 917 ille
1067 895 1099 917 se
1122 895 1137 917 a

384 935 477 982 culpa
503 934 645 970 aestimet
679 933 842 977 alienum,
879 933 930 979 qui
948 960 956 973 ,
983 933 1041 967 etsi
1071 933 1136 979 ipse

383 985 512 1032 quidem
543 996 560 1018 a
592 982 811 1029 redemptione
845 981 942 1021 liber,
970 982 1138 1016 initiaverit

383 1033 604 1069 benedictione
638 1032 768 1079 mystica
795 1031 1008 1072 sacerdotem,
1035 1038 1066 1065 et
1093 1039 1139 1065 ta-

383 1095 457 1118 men
480 1083 518 1118 ad
540 1082 669 1117 alterius
691 1081 846 1127 redempti
875 1081 1066 1116 voluntatem
1091 1081 1136 1115 vel

383 1141 496 1178 sponte
517 1132 548 1166 iu
571 1131 642 1175 hoc,
664 1130 713 1164 vel
728 1130 913 1164 necessitate
929 1130 1135 1164 consenserit.

383 1182 467 1224 Quid
496 1180 622 1228 prodest
651 1180 695 1213 illi
722 1191 779 1213 suo
807 1191 912 1213 errore
940 1191 999 1213 non
1028 1179 1137 1224 pollui,

383 1232 436 1278 qui
473 1241 663 1266 consensum
686 1236 821 1275 praestat
849 1228 989 1262 erranti?
1023 1228 1137 1262 Procul

383 1281 483 1315 dubio
510 1287 616 1314 eontra
644 1278 791 1312 mandata
818 1278 998 1319 committit,
1025 1285 1055 1311 et
1082 1277 1136 1323 qui

383 1330 652 1377 liabetpeccatum
668 1327 842 1374 proprium,
863 1336 893 1361 et
907 1327 958 1373 qui
974 1335 1136 1373 peccatum

384 1380 528 1426 sequitur
553 1378 702 1412 alienum.
742 1376 904 1410 incassum
931 1377 1055 1410 animus
1090 1388 1138 1410 re-

384 1429 466 1464 sistit
491 1426 674 1475 cupiditati,
697 1426 720 1460 si
746 1438 808 1460 nou
831 1426 946 1460 resistit
968 1432 997 1459 et
1019 1425 1136 1460 timori.

383 1478 547 1514 Adversus
573 1477 651 1511 haec
677 1475 799 1510 facilius
815 1502 822 1515 ,
855 1475 923 1509 Deo
954 1474 1137 1519 adiuvante,

385 1527 616 1575 providebitur,
638 1525 664 1560 si
687 1525 768 1559 circa
791 1524 1048 1571 metropolitanos
1071 1524 1137 1571 pri-

384 1577 496 1623 vilegia
518 1589 535 1611 a
557 1575 674 1610 sanctis
697 1573 838 1621 patribus
865 1574 1033 1608 constituta
1061 1586 1139 1620 per-

183 1609 274 1657 v==n··'=nw
296 1609 355 1657 ςΗῘΓΞ-
385 1633 546 1662 maneant:
566 1625 592 1660 si
614 1623 845 1670 metropolitani
866 1623 948 1657 circa
977 1623 1138 1669 parochias

384 1689 457 1711 suas
478 1675 620 1710 ordinem
647 1685 740 1708 suum
763 1684 809 1713 ea,
832 1685 892 1719 qua
919 1672 1021 1712 decet,
1049 1684 1139 1707 vene-

384 1726 506 1761 ratione
519 1723 708 1762 custodiant‚
727 1730 760 1756 ut
782 1734 840 1756 nec
855 1721 966 1756 electio
985 1722 1139 1768 praesulis

384 1783 490 1823 empta
517 1774 609 1809 detur
631 1772 749 1820 pretiiS,
785 1778 816 1805 et
850 1783 908 1806 nec
935 1771 1138 1817 obsequentis

384 1825 423 1859 sit
465 1824 606 1872 quaesita
641 1821 805 1868 operibus,
836 1820 890 1855 sed
919 1821 959 1855 ita
987 1820 1048 1855 lixa
1075 1821 1140 1855 lia-

384 1874 519 1909 beantur
540 1873 572 1907 in
594 1871 759 1911 cordibuS,
791 1870 1059 1917 quemadmodum
1088 1882 1139 1905 re-

384 1924 532 1971 leguntur
564 1922 595 1956 in
623 1920 811 1968 Scripturis,
839 1920 862 1954 si
892 1920 975 1954 uulla
1010 1920 1071 1954 sint
1106 1920 1137 1954 in

383 1974 512 2021 templis
539 1971 735 2019 emptionum
772 1969 904 2012 semina,
932 1969 1018 2003 nulla
1045 1978 1139 2003 eruut

384 2023 522 2057 fomenta
538 2019 796 2060 discordiae3sed
812 2026 962 2065 regnante
975 2019 1137 2060 charitate,

384 2073 444 2107 sub
467 2072 529 2116 illa,
552 2083 645 2118 quam
674 2069 766 2104 nobis
794 2068 939 2115 promisit
973 2068 1081 2110 Deus,
1109 2076 1139 2103 et

384 2122 540 2159 retribuit,
564 2132 639 2167 pace
661 2119 780 2153 vivatur
809 2121 866 2162 (a).

435 2174 467 2205 5.
495 2171 545 2205 Ob
580 2170 640 2203 hoc
678 2177 782 2215 patres
824 2166 1035 2214 providentia,
1077 2179 1137 2214 qua

383 2220 520 2268 Spiritus
551 2219 688 2254 Sanctus
722 2217 859 2251 cultores
880 2229 955 2251 suos
983 2228 1139 2263 compun—

383 2282 457 2317 gere
484 2269 632 2315 dignatus
666 2277 730 2310 est,
759 2266 891 2310 incitati,
919 2266 969 2300 bis
997 2266 1028 2299 in
1056 2278 1138 2301 anno

384 2332 441 2367 per
462 2318 627 2366 parochias
641 2316 781 2362 singulas
804 2315 938 2350 concilia
959 2315 1068 2350 haberi
1089 2315 1138 2350 de-

382 2369 458 2404 bere
480 2368 667 2407 docuerunt,
690 2374 724 2400 ut
740 2366 770 2399 in
792 2377 889 2399 unum
905 2365 988 2399 iuxta
1005 2365 1139 2399 salubris

382 2417 590 2453 institutionis
616 2416 760 2462 dogmata
784 2414 978 2461 congregati,
1000 2426 1056 2461 pro
1078 2426 1138 2449 ec-

383 2466 566 2502 clesiasticis
599 2466 702 2500 causis
729 2464 895 2499 tractandis
928 2463 1026 2498 libere
1054 2475 1137 2498 con-

385 2517 538 2559 venirent,
561 2524 593 2550 ut
614 2515 640 2550 si
664 2515 747 2549 iuxta
771 2522 877 2548 votum
898 2513 1045 2547 universa
1060 2525 1138 2547 eon-

383 2567 510 2606 sistunt,
524 2565 628 2600 Deum
642 2564 757 2598 iunctis
776 2563 916 2601 vocibus,
932 2562 985 2609 qui
1003 2571 1137 2609 praestat

383 2615 570 2658 desiderata,
597 2613 787 2649 collaudent.
815 2612 949 2648 Difficile
970 2620 1018 2648 est
1038 2612 1136 2657 enim,

372 2696 375 2699 .
418 2672 457 2708 (a)
474 2673 534 2699 Aci.
552 2672 579 2700 8.

982 284 1171 308 mmmmm!
1197 284 1363 308 ROMANUM
1584 282 1601 307 ,s

1183 346 1216 373 ut
1235 339 1421 386 cuiusquam
1440 350 1494 373 cor
1506 338 1609 386 pravis
1623 338 1669 374 sic
1689 338 1933 386 cogitationibus

1182 388 1359 433 induretur,
1387 397 1421 423 ut
1441 400 1457 423 a
1477 400 1509 422 se
1532 388 1665 435 patiatur
1679 389 1837 435 culpanda
1852 390 1932 433 fieri,

1181 450 1253 472 cum
1277 438 1409 481 noverit,
1436 449 1469 471 se
1497 437 1650 472 iudicium
1672 438 1850 474 subiturum
1864 452 1933 475 esse

1181 487 1317 522 concilii.
1330 487 1530 521 praecinctos
1552 487 1589 521 ad
1613 487 1694 521 lianc
1712 487 1792 522 viam
1808 501 1933 535 semper

1181 536 1307 571 lumbos
1335 536 1624 579 liabeant,scientes
1640 536 1790 571 rationem
1807 546 1931 572 actuum

1180 599 1309 621 suorum
1325 598 1394 620 esse
1410 585 1613 619 reddendam.
1637 585 1881 633 Suspendantur
1893 587 1932 622 ab

1181 635 1297 685 illicitis
1324 647 1378 682 per
1404 634 1617 678 formidinem,
1649 635 1701 682 qui
1735 635 1932 682 nequiverint

1182 697 1235 731 per
1250 685 1414 732 pudorem.
1428 684 1475 718 De
1493 684 1712 718 conveniendo
1726 684 1818 719 bisin
1835 697 1931 730 anno,

1180 742 1289 768 notum
1317 741 1364 768 est
1390 745 1527 767 canones
1558 741 1683 767 sanctos
1714 742 1931 769 constituisse:

1180 791 1210 817 et
1251 782 1450 830 praefinitum
1480 782 1609 829 quidem
1641 783 1666 817 si
1699 783 1848 830 possibile
1875 792 1932 826 est,

1180 832 1401 867 inviolabiliter
1432 832 1577 866 convenit
1617 832 1780 866 custodiri.
1815 832 1877 868 Sed
1906 834 1932 868 si

1179 890 1232 916 aut
1258 891 1437 928 temporum
1480 882 1705 921 necessitates,
1733 889 1787 916 aut
1828 894 1934 917 emer-

1179 939 1289 978 gentes
1312 943 1424 965 causae
1446 930 1506 965 hoc
1529 942 1591 964 non
1611 931 1772 978 patiuntur
1793 931 1932 979 impleri,

1178 980 1275 1015 semel
1308 980 1417 1015 saltem
1441 980 1595 1027 (quamvis
1618 993 1681 1015 non
1709 980 1842 1025 licuerit)
1864 981 1932 1016 sine

1179 1030 1239 1064 ulla
1275 1030 1477 1064 excusatione
1512 1030 1723 1076 praecipimus
1750 1031 1931 1065 convenire.

1178 1080 1288 1123 Haec,
1324 1079 1434 1113 fratres
1475 1078 1653 1119 carissimi,
1689 1087 1719 1114 et
1749 1079 1826 1123 alia,
1853 1092 1934 1127 quae

1179 1136 1302 1175 patrum
1327 1128 1444 1174 regulis
1470 1129 1685 1169 continentur,
1713 1129 1744 1162 in
1773 1129 1874 1172 labiis,
1902 1139 1932 1164 et

1179 1179 1209 1212 in
1233 1177 1382 1212 cordibus
1409 1178 1524 1212 nostris
1552 1177 1685 1212 indivisa
1711 1179 1931 1213 retractatione

1179 1227 1379 1266 meditemur.
1413 1235 1442 1261 et
1478 1226 1560 1261 sicut
1587 1227 1740 1274 scriptum
1772 1235 1830 1268 est,
1859 1240 1932 1262 nar-

1179 1288 1287 1310 remus
1310 1276 1383 1310 filiis
1411 1275 1537 1316 nostris,
1566 1283 1598 1310 ut
1625 1288 1660 1310 ea
1687 1276 1879 1311 meditentur
1900 1277 1931 1312 in

1178 1325 1327 1360 cordibus
1350 1325 1426 1369 suis,
1454 1325 1600 1360 sedentes
1622 1325 1652 1359 in
1680 1325 1787 1371 domo,
1813 1326 1934 1361 ambu—

1179 1375 1279 1410 lantes
1302 1375 1331 1409 in
1356 1375 1478 1415 itinere,
1506 1374 1711 1419 dormientes,
1739 1383 1833 1423 atque
1855 1388 1933 1410 sur-

1179 1433 1311 1471 gentes,
1333 1425 1407 1472 quia
1435 1424 1545 1458 beatus
1567 1424 1597 1458 in
1626 1424 1783 1466 Domino,
1818 1425 1870 1472 qui
1899 1425 1930 1460 in

1180 1475 1246 1520 lege
1257 1474 1325 1508 eius
1339 1473 1543 1508 meditabitur
1557 1473 1618 1514 die,
1633 1486 1668 1508 ac
1684 1482 1774 1508 nocte
1785 1477 1835 1518 (α).
1850 1474 1932 1516 Hoc,

1179 1532 1206 1558 et
1243 1523 1392 1569 Magister
1426 1522 1581 1569 gentium,
1614 1522 1807 1569 discipulum
1838 1536 1932 1559 suum

1179 1580 1306 1607 secutus
1318 1572 1466 1613 instituit,
1475 1571 1660 1607 admonens:
1672 1572 1757 1607 Haec
1766 1572 1931 1615 meditare,

1180 1622 1210 1656 in
1247 1623 1295 1657 liis
1328 1629 1406 1665 esto,
1432 1629 1462 1655 ct
1489 1621 1663 1656 subiiciens
1687 1622 1932 1669 plenitudinem,

1180 1671 1306 1706 attende
1330 1671 1383 1705 tibi
1401 1698 1409 1711 ,
1437 1678 1467 1705 et
1494 1670 1671 1716 doctrinae,
1699 1671 1817 1718 inquit:
1849 1671 1932 1714 Quia

1179 1722 1204 1755 si
1229 1720 1373 1755 fidelibus
1389 1720 1456 1754 sine
1471 1720 1703 1755 intermissione
1719 1720 1933 1756 incumbimus

1180 1770 1343 1809 institutis,
1367 1781 1549 1816 separamur
1564 1782 1578 1803 a
1592 1770 1685 1810 vitiis,
1699 1769 1775 1804 dum
1790 1771 1933 1817 impensa

1180 1832 1253 1854 cura
1276 1820 1383 1854 divino
1406 1819 1491 1866 operi
1515 1819 1654 1853 humano
1677 1819 1780 1854 locum
1804 1832 1865 1854 non
1889 1832 1932 1855 re-

1181 1869 1294 1916 linquit
1320 1868 1418 1903 errori
1438 1870 1496 1912 (b).
1519 1868 1597 1903 Data
1621 1880 1668 1907 1v,
1692 1881 1791 1904 nonas
1811 1869 1931 1917 aprilis,

1180 1920 1323 1966 Agapeto
1349 1918 1386 1952 V.
1411 1917 1447 1952 C.
1472 1929 1536 1952 cos.

1259 1976 1322 2005 Dat.
1341 1975 1387 2004 die.
1403 1975 1420 2004 ἱ)
1437 1974 1540 2013 aprilis
1562 1983 1638 2004 anno
1653 1974 1770 2005 Domini
1785 1975 1852 2013 517,

1329 2019 1433 2059 pontit.
1453 2018 1628 2048 Ilormisdae
1645 2028 1721 2049 anno
1736 2028 1777 2049 111.

1527 2146 1580 2180 ΠΙ.

1181 2225 1296 2259 Ioanni
1325 2224 1551 2257 Tarraconensi
1572 2223 1710 2267 episcopo
1746 2223 1823 2256 vices
1852 2222 1936 2267 Apo-

1229 2275 1352 2308 scolicae
1384 2274 1474 2307 Sedis
1509 2274 1552 2306 ad
1585 2273 1757 2306 custodiam
1782 2283 1935 2305 canonum

1229 2326 1261 2357 in
1283 2323 1452 2368 provinciis
1472 2323 1704 2367 IIispaniarttm
1735 2321 1935 2355 committun-

1230 2382 1280 2407 tur
1307 2374 1362 2416 (1).

1451 2435 1665 2467 SUMMARIUM

1181 2497 1273 2533 Quam
1289 2495 1327 2525 sit
1340 2494 1399 2524 Deo
1422 2494 1601 2532 acceptabile
1618 2493 1769 2523 deviantes
1783 2491 1819 2522 ab
1836 2500 1938 2521 errore

1221 2544 1367 2566 revocare.
1385 2551 1424 2556 —
1438 2534 1477 2563 De
1493 2533 1613 2563 Graecis
1632 2533 1750 2562 clericis
1771 2532 1822 2571 qui
1836 2532 1872 2561 ad
1884 2530 1939 2561 Ec-

1223 2575 1330 2605 clesias
1364 2574 1469 2603 latinas
1492 2574 1646 2603 accedunt.
1665 2589 1706 2596 —
1727 2572 1855 2602 Servatis
1875 2579 1938 2601 me-

1216 2629 1363 2666 (a)Psalm.
1380 2630 1425 2655 77.
1439 2644 1468 2648 —-
1482 2629 1560 2655 Deut.
1579 2629 1605 2655 (3.
1621 2643 1650 2647 -
1670 2627 1767 2654 Psalm.
1786 2627 1810 2653 l.
1849 2625 1888 2661 (b)
1909 2626 1935 2652 ¹.

1180 2666 1274 2694 Thess.
1299 2667 1324 2692 5.
1365 2665 1403 2700 (l)
1421 2665 1457 2691 Ex
1472 2664 1527 2691 VV.
1540 2664 1591 2690 CC.
1604 2663 1688 2690 edidit
1704 2662 1779 2690 card.
1798 2661 1901 2688 Carasa.

1957 291 2010 320 An.
2032 292 2059 320 C.
2088 292 2140 320 517
