2237 3127
68 297 122 328 An.
150 297 179 326 C.
201 295 252 326 447

98 400 237 423 Emi-ciamus

84 440 106 458 et
132 436 235 458 ieiunium

82 471 190 500 baptisma
210 480 235 494 cx

67 510 188 539 apostolic·
215 518 251 532 re-

66 547 116 577 gula
159 552 252 570 nutet-e-

66 582 129 606 dunt.

80 1099 104 1120 L't
122 1098 148 1120 de
172 1098 246 1120 Sicilia

62 1138 108 1156 tro·
145 1135 244 1164 episcopi

63 1169 152 1199 singulis
183 1171 245 1192 annis

62 1205 88 1228 ud
105 1206 229 1229 conciti-nn

63 1243 161 1277 xcutiunt.

941 319 966 342 S.
996 319 1057 342 [Eo
1086 320 1095 342 1
1125 320 1172 342 Pr.

282 379 449 421 potestate,
480 381 510 408 et
531 372 625 408 vitam
662 373 822 419 redderet,
848 381 879 408 et
902 382 1027 421 peccata

282 430 484 458 consumeret
509 425 561 467 (a).
593 423 648 457 His
677 423 793 470 itaque,
825 423 945 462 fratres,
974 431 1028 464 tot,

282 472 440 519 tantisque
462 464 668 507 existentibus
687 473 898 514 documentis,
913 473 1027 520 quibus

282 522 367 556 omni
384 521 585 567 ambiguitatf¹
598 522 740 556 submota
755 522 916 557 evidenter
931 535 1029 568 agno-

282 571 370 606 scitis
392 572 421 605 in
454 571 651 617 baptizandis
677 571 796 612 electis,
823 573 876 618 qui
906 584 1028 606 sermi-

283 621 359 656 dum
381 621 583 667 apostolicam
614 620 763 666 regulam,
792 628 822 654 et
843 621 1027 655 exorcismis

283 670 456 710 scrutandi,
483 677 513 703 et
536 669 661 703 ieiuniis
676 670 904 708 sanctificandi,
927 677 957 704 et
972 670 1028 704 sre-

282 719 451 767 quentibus
464 726 537 752 sunt
552 718 835 764 praedicationibus
849 719 1024 758 imbuendi,

284 770 346 803 (luo
378 775 499 802 tantum
532 774 697 814 tempora,
735 768 813 802 idest
845 768 964 802 Pascha
996 776 1027 802 et

283 817 489 852 lentecosten
525 829 592 850 csse.
619 817 789 857 servanda,
816 817 875 851 lloc
907 825 1025 851 vestrae

284 867 449 902 indicimus
474 866 605 910 caritati,
628 866 713 901 ntab
733 867 913 913 apostolicis
936 867 1026 901 insti-

281 917 356 950 tutis
374 915 460 950 nullo
477 915 606 949 ulterius
622 917 771 950 recedatis
786 928 927 950 excessu.
944 916 1024 958 Quia

283 966 417 999 inultum
451 973 521 1012 post
549 965 625 999 baec
652 977 721 999 esse
759 978 818 1000 non
848 966 974 1013 poterit,
1001 967 1024 999 si

279 1016 445 1062 quisquam
472 1014 660 1061 apostolicas
700 1016 822 1061 regulas
850 1017 879 1049 in
920 1016 1025 1062 aliquo

280 1064 448 1100 crediderit
469 1063 685 1110 negligendas.

330 1118 361 1148 7.
386 1114 526 1155 Quarum
542 1113 614 1147 illud
639 1114 784 1161 primitus
805 1126 862 1161 pro
884 1114 1025 1149 custodia

279 1163 543 1198 concordissimae
566 1163 693 1198 unitatis
708 1164 875 1210 exigimuS,
897 1172 931 1198 ut
953 1165 1024 1211 quia

279 1213 484 1247 saluberrime
521 1225 537 1247 a
560 1213 676 1247 sanctis
704 1213 848 1248 Patribus
870 1222 1026 1248 constitu-

280 1270 343 1296 tum
371 1269 418 1296 est
440 1262 531 1296 binos
547 1263 576 1296 in
600 1263 690 1296 annis
712 1263 845 1308 singulis
867 1263 1025 1310 episcopo-

280 1324 348 1346 rum
375 1311 491 1346 debere
503 1323 574 1346 esse:
599 1321 789 1347 conventus:
806 1314 884 1346 terni
902 1325 1026 1360 semper

278 1373 316 1395 ex
341 1361 431 1396 vobis
463 1361 499 1395 ad
535 1362 617 1396 diem
658 1363 785 1396 tertium
819 1362 1023 1397 kalendarum

277 1410 452 1445 octobrium
476 1410 609 1445 Romam
642 1411 778 1445 fraterno
809 1412 944 1446 concilio
966 1425 1024 1446 so—

277 1460 378 1494 ciandi
420 1469 610 1503 occurrant,
650 1470 679 1495 et
713 1461 982 1496 indissimulanter
1008 1474 1022 1496 a

279 1509 364 1543 vobis
387 1510 460 1544 baec
488 1510 684 1545 consuetudo
711 1513 920 1554 serveturtll.
936 1511 1026 1553 Quo—

278 1560 374 1604 niam,
400 1559 568 1594 adiuvante
594 1560 692 1606 gratia
719 1560 789 1598 Dei,
819 1560 942 1594 facilius
966 1574 1024 1607 po-

279 1609 349 1643 terit
376 1609 556 1656 provideri,
598 1617 632 1643 ut
665 1610 693 1643 in
734 1611 874 1645 ecclesiis
905 1610 1022 1645 Christi

279 1658 361 1693 nulla
383 1659 542 1697 scandala,
573 1659 648 1693 nulli
689 1668 857 1694 nascantur
890 1672 1022 1699 errores,

278 1720 349 1742 cum
383 1720 487 1743 coram
525 1708 706 1743 beatissimo
748 1709 891 1756 apostolo
931 1709 1023 1744 Petro

276 1770 402 1804 semper
427 1758 457 1792 in
480 1770 650 1791 commune,
674 1766 839 1793 tractatum
869 1759 973 1799 fuerit,
990 1768 1023 1794 ut

276 1807 377 1841 omnia
394 1807 547 1846 instituta,
562 1820 784 1854 canonumque
799 1809 922 1842 decreta
937 1809 1020 1854 apud

276 1869 385 1890 omnes
416 1857 540 1890 Domini
577 1857 755 1891 sacerdotes
783 1857 927 1892 inviolata
951 1870 1023 1904 per-

277 1914 432 1940 mancant.
460 1905 545 1939 Haec
567 1914 684 1950 antem,
703 1918 783 1953 quae
806 1907 893 1941 vobis
920 1907 1021 1954 inspi-

276 1962 362 1988 rante
383 1955 520 1989 Domino
542 1956 726 1990 insinuanda
751 1956 954 1999 credidimus,
968 1970 1022 2003 per

277 2004 383 2039 lintres
405 2012 435 2039 et
461 2005 667 2052 coepiscopos
695 2013 818 2040 nostros
844 2006 1020 2041 Bacbillum

275 2062 367 2100 :utque
388 2053 614 2089 Paschasiuum
643 2055 679 2089 ad
713 2064 846 2089 vestram
876 2055 1021 2091 volumus

275 2102 414 2137 notitiam
457 2105 631 2150 pervenire,
658 2104 774 2151 quibus
812 2104 1021 2139 referentibus

272 2164 517 2198 cognoscamus,
548 2165 641 2200 quam
677 2163 855 2189 reverenter
888 2167 904 2189 a
934 2156 1020 2190 vobis

271 2202 460 2248 apostolicae
481 2203 567 2237 sedis
589 2203 729 2238 instituta
752 2212 927 2238 serventur.
941 2205 1017 2239 Data

274 2264 318 2285 ιιι
342 2251 399 2285 kal.
429 2252 631 2298 novembris,
652 2253 766 2301 Alypio
792 2261 824 2289 et
855 2254 1020 2290 Ardabure

272 2301 337 2334 W.
362 2301 426 2336 CC.
450 2314 531 2336 coss.

308 2379 377 2410 Data
400 2380 447 2410 die
464 2380 498 2410 ⁶21
524 2382 652 2412 octobris
672 2393 749 2414 anno
771 2384 853 2415 Dom.
878 2384 937 2415 447
953 2406 964 2423 ,

442 2431 545 2470 pontis.
569 2431 655 2462 Leon.
677 2441 754 2462 auno
777 2441 838 2463 vm.

303 2641 345 2679 (u)
359 2643 490 2671 tttanhss.
509 2644 570 2671 Luc.
592 2645 618 2672 5.
656 2645 696 2681 (l)
715 2645 823 2674 Nicaen.
840 2646 922 2674 Cone.
938 2654 963 2674 c.
988 2648 1015 2675 5.

386 2705 460 2736 Butt.
479 2706 555 2736 Rom.
580 2707 634 2738 Vol.
655 2707 679 2738 l.
798 2709 818 2740 9

1730 313 1776 343 65

1422 375 1478 410 IX.

1122 435 1168 467 Dc
1194 435 1281 468 rebus
1314 435 1467 468 Ecclesiae
1494 447 1556 468 ηοη
1584 436 1770 469 alienandis.

1342 504 1555 534 SttatllittttUttl

1070 565 1238 595 Exordium.
1266 583 1307 587 —
1339 567 1364 595 1.
1387 566 1477 595 Causa
1503 566 1592 595 liuius
1615 567 1763 597 constitut.
1784 584 1824 590 —

1109 606 1135 634 2.
1155 605 1316 635 Proliibitio
1340 606 1486 635 alienandi
1511 606 1584 635 bona
1604 607 1762 637 Ecclesiae.
1784 625 1824 630 —

1109 645 1135 674 3.
1160 645 1272 674 Poenae
1295 647 1591 676 contravenientiuin.

1069 711 1116 739 Leo
1145 712 1284 746 episcopus
1315 712 1390 739 urbis
1420 713 1516 740 Romae
1537 713 1670 741 universis
1690 714 1823 750 episcopis

1112 763 1161 791 per
1184 757 1301 783 Siciliam
1323 757 1498 790 constitutis,
1523 758 1551 785 in
1568 758 1674 786 Domino
1694 759 1821 787 salutem.

1117 817 1251 853 Occasio
1278 819 1459 865 specialium
1477 820 1688 866 querelarum,
1712 834 1818 856 curam

1069 867 1159 902 nobis
1197 868 1409 914 providentiae
1436 869 1591 913 generalis
1627 870 1752 915 indicit,
1788 879 1820 905 ut

1068 917 1152 963 quod
1176 917 1206 951 in
1230 917 1353 951 duabus
1377 919 1553 964 provinciae
1580 927 1697 953 restrae
1721 921 1820 954 ecclc-

1067 967 1123 1000 siis
1137 966 1279 1013 improbe
1293 976 1428 1013 gestum,
1452 967 1630 1015 iniustequc
1648 981 1820 1015 praesum-

1070 1024 1157 1062 ptum
1191 1025 1247 1056 cst,
1284 1016 1313 1050 id
1348 1017 1574 1052 constitutione
1603 1026 1752 1065 perpetua
1780 1019 1818 1053 ab

1068 1066 1152 1100 omni
1168 1066 1389 1113 episcoporum
1404 1067 1607 1114 usurpatione
1624 1080 1814 1102 resecemus.

1115 1119 1140 1158 g.
1167 1115 1476 1150 lsl'aurominitanis
1498 1117 1582 1150 enim
1606 1117 1731 1152 clericis
1749 1118 1815 1152 Ec-

1067 1165 1180 1199 clesiae
1207 1164 1446 1212 (leplorantilms
1469 1166 1657 1207 nuditatem,
1678 1179 1715 1201 co
1732 1168 1815 1214 quod

1068 1215 1172 1248 emnia
1200 1215 1268 1249 eius
1292 1215 1428 1262 praedia,
1453 1215 1630 1260 vendendo,
1658 1216 1818 1262 donando,

1067 1273 1095 1297 et
1130 1265 1261 1298 diversis
1291 1265 1391 1299 modis
1426 1265 1602 1305 alienando,
1647 1266 1817 1314 episcopus

1067 1314 1252 1360 dissiparet,
1292 1316 1384 1349 etiam
1438 1314 1651 1349 Panormitani
1685 1316 1815 1358 clerici,

1066 1363 1182 1409 quibus
1219 1376 1318 1410 nuper
1344 1373 1390 1397 est
1428 1364 1592 1399 ordinatos
1622 1365 1752 1400 :mustos
1780 1366 1819 1401 si-

1068 1414 1173 1446 milem
1202 1413 1483 1460 qacrimoniarum,
1500 1414 1529 1447 in
1554 1422 1661 1449 sancta
1683 1416 1816 1462 synodo,

1066 1463 1115 1496 cui
1142 1462 1409 1509 praesidebamus,
1425 1463 1463 1497 de
1487 1465 1817 1511 usurpationeprioris

1066 1512 1204 1558 episcopi
1229 1525 1355 1547 causam
1376 1512 1567 1547 detulerunt.

1115 1561 1134 1607 ἓ
1161 1566 1195 1595 2.
1217 1561 1369 1603 Quamvis
1396 1575 1470 1608 ergo
1492 1563 1669 1597 ordinatum
1693 1575 1709 1598 a
1725 1563 1816 1599 nobis

1066 1610 1105 1644 sit
1120 1612 1387 1658 queimulmodum
1402 1612 1565 1659 utriusque
1582 1613 1739 1648 Ecclesiae
1754 1614 1816 1648 uti-

1068 1660 1207 1695 litatibus
1229 1662 1430 1703 consulatum
1454 1674 1492 1696 ue
1520 1671 1622 1697 tamen
1653 1662 1711 1697 lioc
1741 1676 1815 1710 per-

1067 1710 1218 1744 niciosum
1231 1711 1441 1757 nequissimae
1452 1712 1815 1759 depraetlatiniusexem-

1067 1760 1169 1805 plum,
1211 1761 1358 1807 cuiquam
1391 1761 1520 1808 posthac
1564 1761 1615 1795 [iat
1644 1761 1812 1804 imitabile,

1066 1809 1145 1843 lianc
1170 1811 1325 1856 praecepti
1350 1811 1446 1845 nostri
1475 1811 1604 1845 l'ormam
1628 1811 1710 1858 apud
1733 1811 1813 1846 dile-

1064 1858 1198 1892 ctionem
1224 1869 1355 1893 vestram
1369 1860 1513 1894 volumus
1528 1873 1597 1895 esse
1614 1869 1811 1908 perpetuam

1064 1920 1124 1954 qua
1147 1909 1215 1942 sine
1250 1910 1435 1956 exceptione
1469 1910 1681 1950 decernimus,
1717 1919 1811 1946 utne

1064 1957 1133 2003 quis
1165 1958 1334 2004 episcopus
1361 1960 1399 1993 de
1434 1959 1585 1993 ecclcsiae
1613 1972 1688 1994 suae
1717 1960 1812 1995 rebus

1063 2007 1175 2041 audeat
1210 2008 1384 2055 quidquam
1412 2009 1457 2043 vel
1487 2009 1621 2053 donare,
1648 2010 1694 2044 vel
1723 2023 1811 2044 com-

1065 2064 1196 2097 mutare,
1224 2057 1270 2091 vel
1293 2058 1440 2093 vendere.
1464 2058 1530 2092 Nisi
1546 2058 1623 2093 sorte
1640 2059 1677 2093 ita
1692 2059 1809 2107 aliquid

1063 2105 1175 2140 horum
1210 2106 1319 2152 faciat,
1348 2115 1380 2142 ut
1412 2108 1539 2142 meliora
1569 2109 1747 2155 prospiciat,
1781 2117 1811 2144 et

1061 2167 1132 2189 cum
1150 2157 1244 2191 totius
1266 2157 1338 2191 cleri
1362 2165 1505 2198 nactam,
1529 2166 1620 2204 atque
1640 2171 1809 2200 consensu,

1062 2204 1090 2238 id
1114 2205 1218 2252 eligat,
1246 2207 1328 2253 quod
1352 2220 1415 2242 non
1438 2207 1477 2241 sit
1503 2207 1633 2242 dubium
1649 2208 1810 2244 Ecclesiae

1061 2255 1271 2302 profuturum.

1108 2304 1127 2351 g
1150 2309 1181 2339 5.
1207 2306 1285 2340 Nam
1316 2306 1489 2355 presbyteri
1514 2307 1560 2341 vel
1588 2307 1724 2348 diaconi,
1754 2316 1807 2342 aut

1059 2355 1285 2402 cuiuscunnipie
1316 2356 1436 2391 ordinis
1466 2356 1583 2401 clerici,
1610 2357 1663 2403 qui
1694 2358 1809 2392 conni-

1060 2405 1195 2439 ventiam
1219 2406 1248 2439 in
1277 2405 1437 2441 Ecclesiae
1473 2406 1586 2440 damna
1611 2407 1807 2449 miscuerint,

1058 2454 1159 2488 sciant
1180 2466 1213 2489 se
1235 2463 1266 2490 et
1291 2455 1402 2490 ordine
1436 2463 1467 2490 ct
1488 2456 1713 2491 communione
1736 2457 1808 2503 pri—

1060 2504 1187 2545 vandos,
1206 2504 1278 2552 quia
1302 2505 1428 2552 plenum
1452 2506 1588 2540 iustitiae
1612 2515 1659 2541 est
1686 2506 1808 2550 (fratres

1059 2554 1222 2599 carissimi)
1252 2562 1286 2589 ut
1320 2567 1383 2590 non
1418 2555 1520 2589 solum
1563 2555 1717 2603 episcopi,
1752 2556 1807 2591 sed

1056 2603 1148 2638 etiam
1184 2604 1280 2638 totius
1314 2604 1388 2639 cleri
1416 2604 1538 2646 studio,
1572 2605 1806 2641 ecclesiasticae

1059 2652 1199 2687 utilitatis
1227 2654 1418 2688 incrementa
1441 2663 1622 2698 serventur,
1646 2665 1675 2689 et
1697 2668 1806 2691 corum

1059 2714 1187 2737 munera
1212 2702 1327 2738 illibata
1345 2712 1561 2752 permaneant,
1578 2717 1656 2752 quae
1673 2717 1729 2753 pro
1743 2706 1806 2741 aui·

1848 300 1900 328 An.
1928 299 1957 328 C.
1979 301 2029 329 1247

1847 824 1916 846 Exi-td
1929 833 1974 846 um.

1878 1123 1943 1143 (tunm
1969 1122 2029 1143 hoio<

1847 1163 1909 1179 const
1923 1157 2021 1180 lulloni..

1877 1572 1997 1594 Proliibitio
2010 1581 2030 1594 a·

1845 1607 1940 1630 lieimndi
1972 1609 2029 1630 buna

1846 1644 1967 1666 Ilei-tesino.

1873 2303 1957 2327 Poenae
1972 2312 2023 2325 con-

1891 2343 2012 2364 trureuicn-

1909 2381 1963 2401 tinin
