2237 3127
91 297 143 324 An.
166 297 196 325 C.
221 298 273 327 517
900 310 924 333 s.
952 310 1125 332 nonnisnA
1152 310 1163 332 1
1192 310 1239 332 rr.
1730 303 1796 333 153
1876 317 1927 344 An⁴
1952 318 1970 345 C
2007 318 2058 345 :117

1095 365 1307 412 perspicuam.
1330 365 1628 412 irreprehensibiles
1654 366 1738 400 enim
1778 380 1847 401 esse

1093 414 1250 455 convenit,
1273 427 1352 461 quos
1380 428 1514 461 przeesse
1541 428 1670 450 necesse
1702 424 1748 450 est
1775 428 1847 450 cor-

1092 463 1247 508 rigendis:
1265 476 1321 498 nec
1335 465 1486 511 quiequid
1502 465 1544 499 illi
1560 465 1669 500 deesse
1681 478 1844 512 personae,

1093 525 1189 557 penes
1205 526 1297 558 quam
1312 523 1356 547 est
1370 514 1530 559 religionis
1551 527 1684 558 summa,
1707 523 1737 550 et
1765 516 1844 550 sub<

1090 562 1203 595 stantia
1227 561 1411 608 disciplinae
1430 567 1486 606 (a).
1513 564 1661 598 zEstimet
1683 565 1753 611 quis
1773 578 1844 611 pre-

1089 610 1166 643 tium
1196 610 1343 644 dominici
1367 613 1483 656 gregis,
1505 622 1536 646 ut
1558 613 1646 653 sciat,
1670 615 1752 661 quod
1777 627 1844 649 me—

1090 658 1184 692 ritum
1209 660 1420 693 constituendi
1450 661 1560 695 deceat
1595 676 1663 697 esse
1699 665 1840 710 pastoris.

1088 707 1156 742 Hoc
1180 709 1217 742 ita
1241 709 1305 753 liet,
1324 709 1349 742 si
1373 722 1435 743 non
1450 711 1614 745 sacerdotii
1631 713 1746 757 gradus
1762 714 1840 747 saltu
1872 725 1929 746 rm.
1950 734 1961 753 μ
1979 733 1987 745 r
2006 726 2035 746 ‹·1

1086 757 1222 803 quodam
1242 758 1355 803 passim
1373 758 1458 793 laicis
1475 761 1712 796 transferantur.
1734 763 1840 808 Longa
1871 765 1914 781 ¹⁸¹¹*
1934 762 1958 782 '⁴¹
1984 771 2045 782 W*

1086 806 1179 841 debet
1213 807 1304 841 vitam
1332 820 1421 841 suam
1457 809 1639 855 probatione
1667 820 1841 847 monstrare
1870 797 2054 861 ζι,’]“,,ἶ,ξ”,,,,,ζ’ὶ’“

354 368 541 399 Dilectissimis
559 367 694 397 fratribus
712 368 846 397 universis
865 369 997 404 episcopis

389 422 438 450 per
457 414 612 450 Hispaniam
631 414 788 442 constitutis
812 414 961 442 Hormisda.

347 463 520 498 Benedicta
555 463 692 498 Trinitas
722 463 809 497 Deus
841 471 968 507 noster,
996 463 1048 510 qui

297 524 356 559 per
376 512 625 547 misericordiam
649 524 737 547 suam
761 524 908 546 romanae
943 513 1050 559 reipu-

296 562 397 597 blicae
434 574 489 609 per
516 562 677 596 universas
712 569 816 608 partes
857 574 931 596 suae
962 562 1048 608 pacis

296 611 520 659 tranquillitate
554 610 677 651 diffusa,
705 610 796 644 nobis
818 623 944 657 quoque
968 611 1045 644 viam

293 660 555 696 demonstrandae
587 660 670 694 circa
694 672 750 693 uos
772 659 905 695 invicem
941 659 1045 694 cbari—

296 710 367 745 tatis
383 709 523 750 indulsit,
547 718 580 743 ut
601 709 655 755 qui
678 708 884 743 cohaeremus
899 708 1045 743 firmitate

294 759 378 803 fidei,
400 760 566 804 iungamur
587 770 712 804 quoque
729 758 829 792 votiva
848 757 1044 793 iucunditate

291 808 452 856 colloquii,
474 819 537 855 quo
556 806 688 846 facilius,
707 806 783 841 dum
807 819 862 854 per
882 807 1042 842 literarum

100 2456 233 2479 Sacerdotes

291 857 462 892 ministeria
502 856 541 891 ad
582 868 635 890 vos
675 868 773 903 usqne
814 857 1042 903 pertendimus,

289 907 383 941 etiam
406 906 500 941 corda
522 913 621 940 vestra
645 905 683 940 ad
712 906 892 952 religiosum
923 907 1042 941 cultum

287 955 469 1003 apostolicis
502 954 770 990 admonitionibus
806 955 990 991 incitemus:
1014 966 1043 992 et

290 1054 374 1089 velut
415 1053 572 1102 quoddam
606 1054 760 1095 debitum,
798 1055 926 1101 plenum
960 1057 1040 1091 circa

288 1103 390 1139 Deum
422 1112 635 1139 monstremus
671 1104 830 1138 affectum.
869 1104 1041 1152 Iungamus

286 1153 392 1199 igitur,
425 1153 621 1188 dilectissimi
648 1153 769 1195 fratres,
805 1154 973 1190 continuas
1010 1164 1040 1191 et

285 1202 420 1238 liumiles
433 1215 551 1250 preces,
571 1210 602 1237 et
615 1203 788 1238 Dominum
805 1212 946 1238 nostrum
964 1205 1039 1251 oris,

286 1260 318 1287 et
348 1252 453 1288 cordis
476 1253 623 1300 lacrymis
659 1253 873 1300 supplicantes
895 1254 958 1300 iugi
982 1255 1040 1290 de-

286 1303 470 1348 precatione
496 1314 663 1350 poscamus
679 1330 687 1343 ,
711 1311 743 1337 ut
776 1310 807 1337 et
829 1303 1037 1347 institutione,

284 1360 313 1385 et
331 1364 425 1398 opere
444 1351 499 1393 illi,
522 1352 614 1387 cuius
631 1364 700 1387 esse
716 1352 857 1387 membra
878 1354 1037 1399 cupimus,

284 1400 489 1436 haereamus:
510 1413 568 1435 nec
591 1414 729 1448 unquam
752 1401 791 1436 ab
807 1402 856 1436 illa
874 1403 933 1443 via,
957 1416 1036 1450 quae

282 1450 432 1485 Christus
468 1459 525 1491 est,
553 1450 645 1485 devio
674 1452 797 1485 tramite
828 1451 1035 1495 declinemus,

282 1511 322 1534 ne
351 1499 390 1534 ab
417 1512 454 1535 eo
482 1500 574 1542 iuste,
597 1512 691 1547 quem
725 1513 783 1535 nos
819 1501 914 1548 impie
937 1502 1036 1537 relin—

280 1549 422 1595 quimus,
456 1549 649 1585 deseramur.
677 1550 770 1591 Quod
799 1563 871 1585 eum
905 1553 1033 1598 superni

278 1598 393 1633 favoris
426 1600 545 1634 auxilio
581 1611 617 1634 ea
649 1599 741 1634 nobis
785 1609 886 1646 potest
914 1602 1034 1637 ratione

277 1648 474 1694 contingere,
501 1649 526 1684 si
548 1649 720 1696 apostolica
747 1648 906 1695 dogmata,
928 1651 953 1685 si
978 1664 1033 1696 pa—

277 1704 359 1732 trum
379 1698 525 1733 mandata
553 1711 725 1733 servemus.
748 1699 833 1734 Dicit
854 1701 937 1734 enirn
966 1701 1033 1736 Do-

278 1746 384 1782 minus
403 1756 525 1782 noster.
554 1748 615 1790 Qui
635 1748 737 1794 diligit
763 1761 826 1790 me,
853 1762 1031 1785 sermonem

277 1808 383 1831 meum
400 1797 549 1838 servabit,
563 1805 593 1832 et
605 1797 697 1833 Pater
712 1810 802 1832 meus
819 1798 928 1845 diliget
946 1812 1031 1841 eum,

276 1853 308 1880 et
328 1846 366 1880 ad
390 1858 462 1881 eum
486 1847 659 1889 veniemus,
682 1855 711 1881 et
735 1848 931 1883 mansionem
946 1850 1030 1896 apud

276 1907 348 1930 eum
376 1895 527 1931 faciemus
549 1900 602 1940 (a).
630 1897 669 1931 Et
697 1896 769 1931 licet
796 1898 873 1932 haec
910 1899 1032 1944 possint

275 1945 463 1990 generaliter
484 1946 566 1980 dicta
589 1946 745 1990 sullicere,
770 1956 802 1981 ut
827 1947 872 1982 vel
895 1947 1029 1984 decline-

277 2007 347 2029 mus
385 2004 497 2036 errata,
536 1995 583 2030 vel
618 1996 835 2032 custodiamus
876 1997 1028 2033 catholica

275 2044 462 2086 constituta,
486 2053 589 2080 tamen
616 2045 689 2092 quia
712 2045 837 2081 Ioannis
860 2047 972 2088 fratris,
999 2057 1030 2083 et

276 2094 455 2141 coepiscopi
479 2095 574 2129 nostri
598 2095 690 2129 nobis
717 2095 927 2132 insinuatione
961 2098 1029 2131 vul-

275 2151 381 2189 gatum
409 2151 467 2185 est,
494 2152 603 2178 contra
635 2156 792 2179 canonum
820 2147 1026 2182 reverentiam

276 2192 425 2228 nonnulla
449 2194 624 2240 praesumi,
651 2194 839 2241 periculum,
862 2196 946 2243 quod
970 2197 1028 2232 do-

274 2242 413 2277 ctoribus
428 2243 571 2278 imminet
581 2243 619 2278 de
633 2244 1026 2288 taciturnitatedeclinans,

274 2299 304 2325 et
329 2292 510 2339 prophetica
534 2305 610 2328 voce
632 2304 855 2341 compunctus,
879 2297 952 2343 quia
976 2297 1027 2330 di-

274 2341 365 2384 citur,
386 2341 527 2388 loquere,
551 2354 589 2377 ne
610 2350 724 2383 taceas,
744 2345 944 2391 generalibus
957 2346 1027 2381 edi-

273 2390 408 2425 cendum
429 2391 548 2426 credidi
576 2392 755 2428 constitutis
778 2397 827 2439 (b).

325 2443 355 2474 1.
384 2440 425 2475 Ut
448 2441 478 2475 in
501 2441 719 2477 sacerdotibus
736 2444 932 2489 ordinandis,
947 2458 1026 2492 quae

1085 856 1135 889 cui
1164 856 1376 902 gubernacula
1399 858 1640 893 committuntur
1666 860 1838 896 Ecclesiae.

1084 904 1154 939 Non
1184 918 1335 951 negamus
1361 919 1428 941 esse
1453 908 1482 941 in
1507 908 1592 942 laicis
1614 909 1681 943 Deo
1706 910 1838 956 placit-‘is

1063 963 1210 999 ¹morvs,
1238 956 1292 989 sed
1329 956 1444 991 milites
1485 970 1560 991 suos
1604 958 1750 1003 proliatos
1780 960 1837 994 sibi

289 1004 366 1040 dum
388 1005 569 1040 dilectionis
591 1013 715 1039 nostrae
738 1005 852 1051 pignus
866 1005 1041 1051 reddimus,
1062 1008 1064 1047 J
1084 1012 1238 1050 qtmerunt
1271 1006 1411 1039 instituta
1452 1006 1565 1040 tidelia.
1595 1007 1725 1042 Discere
1754 1009 1839 1054 prius

1083 1054 1219 1101 quisque
1243 1054 1348 1094 debet,
1363 1063 1530 1102 antequam
1554 1056 1675 1098 doceat,
1692 1066 1720 1091 et
1737 1070 1839 1093 exem-

1083 1103 1169 1149 plum
1189 1103 1352 1149 religiosae
1368 1105 1615 1140 conversationis
1630 1106 1668 1141 de
1683 1120 1716 1141 se
1733 1108 1838 1154 potius

1082 1152 1151 1187 aliis
1175 1161 1342 1199 praestare,
1376 1167 1470 1201 quam
1506 1168 1648 1190 sumere:
1684 1157 1836 1192 emenda-

1081 1201 1191 1237 tiorem
1223 1215 1291 1237 esse
1319 1204 1465 1238 convenit
1499 1205 1628 1251 populo,
1655 1218 1749 1252 quem
1773 1219 1836 1241 ne-

1081 1263 1168 1286 cesse
1197 1260 1243 1287 est
1270 1265 1359 1288 orare
1394 1266 1450 1300 pro
1483 1254 1612 1301 populo.
1646 1255 1753 1302 Longa
1782 1257 1835 1291 ob-

1059 1308 1060 1314 *
1080 1301 1255 1336 servatione
1277 1303 1443 1349 religiosus
1465 1304 1568 1338 cultus
1591 1305 1776 1346 retardatur,
1803 1316 1834 1341 ut

1079 1351 1193 1395 luceat,
1210 1360 1239 1386 et
1253 1352 1451 1387 clericalibus
1464 1352 1624 1400 obsequiis
1639 1355 1834 1391 erudiendus

1078 1399 1237 1442 inserviat,
1261 1410 1293 1436 ut
1320 1402 1359 1436 ad
1383 1402 1550 1437 venerandi
1574 1403 1690 1449 gradus
1708 1417 1830 1440 summa

1078 1449 1274 1495 perductus,
1309 1451 1361 1498 qui
1405 1452 1445 1486 sit
1487 1452 1606 1487 fructus
1649 1453 1833 1489 humilitatis

1077 1499 1232 1534 ostendat.
1256 1500 1321 1535 Nec
1339 1501 1416 1542 leve,
1433 1513 1492 1535 nee
1508 1514 1639 1536 vacuum
1658 1502 1729 1544 fuit,
1745 1505 1831 1550 quod

1077 1560 1135 1582 nec
1163 1549 1245 1595 apud
1281 1558 1401 1585 veteres
1435 1550 1582 1597 quidem,
1620 1552 1678 1586 nisi
1713 1552 1831 1588 levitici

1075 1598 1202 1643 generis
1225 1599 1291 1639 viri,
1315 1600 1350 1634 ad
1375 1608 1481 1635 sancta
1509 1600 1756 1637 admittebantur
1786 1603 1832 1638 al-

1076 1647 1164 1688 taria,
1192 1660 1231 1682 ne
1254 1649 1402 1695 pessime,
1427 1650 1544 1684 meritis
1559 1652 1761 1698 contemptis,
1777 1660 1830 1688 aut

1075 1697 1186 1742 pretio,
1202 1706 1256 1732 aut
1270 1699 1530 1746 praesumptione
1546 1700 1582 1733 ad
1603 1713 1709 1735 saeros
1725 1702 1828 1737 cultus

1075 1745 1176 1792 impar
1190 1748 1351 1783 accedere.
1370 1748 1460 1783 Tune
1475 1749 1650 1794 migrabant
1672 1763 1727 1797 per
1746 1751 1829 1786 illam

1074 1797 1321 1842 praerogativam
1344 1797 1531 1832 familiarum
1552 1798 1589 1832 ad
1606 1800 1744 1835 instituta
1760 1802 1829 1836 cul-

1073 1851 1194 1879 torum:
1233 1859 1317 1881 nune
1353 1855 1399 1882 est
1435 1847 1577 1882 doctrina
1610 1861 1667 1896 pro
1700 1862 1826 1896 genere.

1072 1893 1165 1935 Quod
1190 1894 1250 1929 illis
1274 1896 1345 1931 facit
1367 1898 1467 1936 nasei,
1499 1897 1560 1932 hoc
1594 1899 1686 1933 nobis
1713 1900 1825 1935 imbui.

1072 1943 1145 1978 Illos
1168 1944 1372 1981 tabernaculo
1400 1947 1493 1982 dabat
1516 1955 1637 1994 natura,
1665 1961 1723 1984 nos
1746 1949 1826 1985 alta-

1071 1993 1159 2028 ribus
1182 1995 1313 2041 parturit
1340 1996 1518 2042 disciplina.
1550 1997 1616 2033 Nec
1638 2006 1757 2034 tantum
1786 2000 1825 2035 de

1071 2093 1307 2138 poenitentibus
1329 2095 1496 2142 quisquam
1524 2096 1652 2143 quidem
1689 2098 1726 2132 ad
1762 2099 1824 2133 liu-

1070 2142 1204 2177 iusmodi
1233 2144 1366 2189 gradum
1400 2146 1548 2192 profanus
1571 2154 1739 2182 temerator
1765 2148 1823 2183 ad-

1069 2192 1178 2238 spiret.
1212 2192 1296 2227 Satis
1331 2194 1373 2228 illi
1413 2196 1583 2242 postulanti
1619 2197 1658 2231 sit
1688 2198 1821 2233 veniam.

1068 2240 1136 2283 Qua
1159 2243 1351 2277 couscientia
1367 2243 1507 2280 absolvat
1529 2258 1630 2291 reum,
1649 2247 1701 2293 qui
1718 2259 1751 2282 se
1768 2261 1823 2295 per

1070 2299 1195 2337 peccata
1218 2304 1271 2327 sua
1298 2293 1416 2340 populo
1443 2295 1482 2329 sit
1509 2302 1587 2330 teste
1619 2296 1823 2332 consessum?

1067 2340 1147 2382 Quis
1161 2341 1361 2389 enim,quem
1373 2344 1464 2390 paulo
1479 2352 1551 2379 ante
1564 2345 1639 2379 vidit
1656 2346 1821 2391 iacentem,

1068 2398 1235 2426 veneretur
1249 2393 1437 2427 antistitem?
1449 2394 1634 2429 praeferens
1650 2396 1820 2430 miserandi

1067 2439 1210 2475 criminis
1245 2441 1360 2483 labem,
1390 2455 1453 2477 uon
1487 2444 1579 2479 babet
1610 2444 1745 2480 lucidam
1768 2458 1819 2481 sa-

1881 2018 1937 2039 l‘nen
1950 2024 1963 2038 ti
1974 2024 2021 2041 ntes

1070 2042 1157 2077 laicis
1188 2046 1363 2080 consecrari
1396 2046 1589 2091 inhibemus,
1623 2048 1678 2082 sed
1706 2061 1764 2084 nec
1785 2049 1825 2085 de
1875 2062 1894 2073 ¹¹

1858 2089 1930 2112 vendi.

63 2496 121 2518 'nutu
139 2503 246 2538 cummim
272 2497 345 2523 sunt
372 2502 388 2524 a
417 2491 558 2537 patribus
592 2493 801 2540 praescripta,
836 2503 865 2529 et
897 2495 1024 2530 dcsmita
1066 2489 1205 2525 CCNlOUS
1227 2490 1425 2538 dlgssiffllssffl-

63 2538 142 2590 ’ΜΨ
181 2534 246 2555 “““““““
272 2539 430 2585 cogitetis:
462 2541 535 2587 quia
565 2549 648 2575 stcut
674 2551 720 2576 est
742 2552 837 2590 caput
864 2544 1046 2579 Ecclesiae'
1116 2541 1148 2573 2·
1172 2539 1241 2574 HOC
1264 2554 1389 2588 (IUOqUe
1412 2541 1448 2576 {ld
1473 2543 1642 2589 PsssssssstSSss
1670 2544 1821 2590 fflllssflgl·
1853 2549 1894 2569 'N
1913 2558 1959 2578 ‘'¹“
1978 2558 2036 2590 ''l‘'-

63 2577 231 2627 ¹¹⁸¹¹32¹=2N4w
273 2586 428 2633 Christus,
446 2589 562 2624 Christi
585 2599 689 2625 aurem
705 2592 809 2627 vicarii
832 2594 1022 2634 sacerdon-15q
1066 2600 1147 2628 mus,
1171 2601 1210 2624 ne
1238 2589 1502 2630 benedictionem,
1528 2605 1607 2639 quae
1627 2593 1730 2627 divina
1752 2607 1820 2629 esse
1945 2595 2036 2609 “''''''¹'¹¹

61 2639 142 2662 carini
159 2641 244 2663 vicarii.
273 2637 315 2672 350
341 2646 371 2672 et
393 2639 424 2673 jn
447 2639 602 2686 eligendis
624 2640 674 2675 1135
689 2653 795 2677 curam
818 2652 1023 2692 oportctesse
1042 2655 1045 2667 ι
1065 2638 1205 2673 creditur
1233 2652 1287 2686 per
1314 2641 1550 2688 impositionem
1587 2655 1713 2689 manus,
1748 2645 1820 2691 quis
1850 2656 1909 2679 ‹iu-1..

304 2693 344 2730 (α)
361 2695 434 2723 Ioan.
455 2697 496 2723 tu.
535 2696 645 2733 (b)1sai.
662 2698 702 2726 ¹8.
1103 2704 1143 2742 (a)
1160 2706 1185 2733 Ξ.
1204 2706 1320 2734 Timoth.
1337 2708 1365 2736 5.
