2237 3127
69 314 121 344 An.
143 314 172 343 C.
199 314 252 342 495

69 795 127 822 Qun
146 794 165 815 iu
189 793 254 816 Cli-il-

70 839 89 851 Εἰ

91 829 187 852 dnm-usi

70 865 128 887 nudo

212 837 232 858 sy
242 842 253 846 -

199 866 254 886 nuru

71 900 169 923 ummteta
194 905 253 930 gesta

71 937 165 962 fuerunt,

73 973 171 1002 probi-til
211 972 253 992 [sn

72 1009 133 1030 Pons.

75 1798 174 1820 Ani-tina·
218 1804 256 1826 pro

75 1833 138 1862 ικΊίῃ,
180 1835 257 1854 rathn-

76 1872 117 1894 [ιι-α
136 1871 190 1900 apud
218 1880 237 1892 in

75 1917 197 1941 '’Talori-m
216 1920 227 1933 n

74 1948 103 1969 hl
121 1949 193 1976 ogiam·
213 1948 225 1969 «l

76 1989 182 2005 nnunsu·t

889 335 914 358 S.
942 334 1095 358 censius
1122 336 1132 358 1
1158 334 1208 357 PP.

284 404 357 426 nere
374 391 449 426 nihil
469 389 580 438 potuit,
596 398 721 425 sanctae
737 389 905 424 memoriae
922 402 1033 436 papam

287 441 424 476 Leonem
449 442 583 475 summis
615 440 761 475 laudibus
788 447 1033 486 prosequutum,

287 491 372 537 quod
392 503 547 525 canonum
571 490 694 535 regulas
714 489 821 523 violari
841 490 924 523 nulla
944 489 1034 523 fuerit

287 541 406 574 ratione
452 551 633 587 perpessus.
675 539 814 572 Audiant
854 539 1032 572 Anatolium

284 590 426 624 eiusdem
451 590 534 624 sedis
561 588 754 631 antistitem,
782 588 899 621 clerum
930 588 1034 634 potins

286 637 690 684 Constantinopolitanum,
718 648 810 682 quam
842 649 875 671 se
898 644 1032 671 tentasse

285 689 355 722 talia
376 688 589 727 confitentem,
611 695 704 732 atque
723 687 754 719 in
770 685 930 731 apostolici
949 698 1035 732 prac-

285 738 364 772 sulis
385 744 485 771 totum
518 735 675 770 dicentem
704 735 839 780 positum
864 742 1029 781 potestate.

284 787 390 834 lpsum
414 786 450 820 B.
481 797 592 832 papam
622 785 761 818 Leonem
794 783 878 818 sedis
905 792 1032 829 aposto-

284 836 361 870 licae
389 834 583 882 praesulem,
619 833 710 868 cuins
738 833 876 880 synodus
898 832 1033 867 Chalce-

282 884 433 919 donensis
455 884 639 918 auctoritate
660 883 778 917 firmata
799 890 856 922 est,
879 882 1031 929 quicquid

215 944 253 956 “-
283 934 361 968 ultra
384 945 478 980 quam
501 932 539 967 ab
568 932 678 967 eodem
708 944 765 979 pro
794 932 854 966 lide
885 939 915 966 et
942 944 1031 966 com-

281 983 432 1017 munione
454 981 627 1021 catholica,
649 990 743 1028 atque
774 981 944 1027 apostolica
970 981 1032 1015 illic

280 1032 451 1079 agendum,
476 1039 634 1066 constaret
661 1044 730 1066 esse
748 1031 925 1075 delegatum
941 1058 949 1071 ,
977 1043 1032 1077 per

280 1081 479 1117 occasionem
513 1081 767 1127 congregationis
802 1080 887 1115 illius
910 1088 1033 1127 praeter

279 1131 437 1167 Nicaenos
459 1143 608 1172 canones,
632 1142 709 1165 nova
733 1129 892 1164 videretur
910 1130 1032 1164 actione

282 1189 445 1226 tentatum,
462 1180 654 1227 competenti
670 1179 855 1214 refutatione
872 1192 1030 1214 vacuasse.

282 1231 392 1278 anue
439 1229 646 1265 nihilominus
685 1230 778 1264 etiam
814 1229 873 1264 sub
908 1238 1032 1263 sanctae

283 1280 454 1315 memoriae
477 1292 555 1327 papa
578 1279 763 1326 Simplicio,
792 1279 926 1324 legatum
949 1279 1033 1313 sedis

284 1329 476 1378 apostolicae
493 1336 619 1363 sanctae
635 1329 805 1363 memoriae
824 1328 960 1362 Probum
976 1328 1034 1362 Ca-

284 1380 416 1414 nusinae
440 1378 527 1413 urbis
549 1379 743 1425 episcopum,
765 1378 871 1412 Leone
895 1378 1033 1424 principe

285 1437 361 1463 tunc
384 1436 509 1476 petente
537 1436 726 1475 praesente,
753 1428 899 1462 docuisse
931 1427 1035 1461 nulla-

286 1487 378 1513 tenus
410 1490 502 1525 posse
533 1478 667 1521 tentari,
698 1489 802 1523 neque
828 1477 877 1511 hic
904 1489 1034 1523 prorsus

288 1527 469 1575 praebuisse
497 1539 699 1561 consensum.
735 1526 839 1573 Atque
872 1526 943 1561 ideo
970 1539 1033 1560 non

286 1578 324 1612 ad
348 1577 480 1612 civitatis
503 1576 671 1611 cuiuslibet
698 1576 869 1623 respiciant
901 1576 1035 1623 qualita-

286 1635 363 1672 tem,
385 1626 440 1661 sed
465 1626 592 1660 modum
615 1626 864 1672 dispensationis
885 1626 1036 1660 ecclesia-

285 1677 393 1721 sticae⁷
415 1684 542 1723 paterna
574 1676 743 1710 traditione
766 1676 923 1710 firmatum
957 1687 1036 1710 con-

286 1727 450 1761 venienter
477 1725 654 1760 observent.

335 1780 350 1820 5
371 1778 429 1809 27.
452 1775 582 1810 Dicatur
596 1784 700 1809 autem
715 1774 752 1808 de
768 1774 983 1809 Alexandrino
1006 1782 1037 1808 et

289 1826 488 1860 Antiocheno
528 1825 685 1871 episcopis
724 1833 817 1858 certis
859 1836 895 1858 ex
933 1824 1037 1858 causis

240 1880 254 1892 ¹·
287 1875 462 1922 principem
488 1886 586 1919 magis
609 1874 675 1914 illa,
710 1886 789 1920 quae
823 1882 909 1919 gesta
942 1882 1035 1913 sunt,

243 1925 256 1966 ζ
287 1937 349 1958 non
386 1924 530 1959 Acatinm
570 1923 765 1970 percepisse,
809 1923 862 1957 sed
900 1923 1035 1970 principi

288 1973 460 2009 christiano
482 1973 630 2007 decuerat
647 1985 816 2019 suggerere
842 1973 1036 2006 sacerdotem

288 2024 422 2058 maxime
439 2023 527 2056 cuius
542 2022 749 2056 familiaritate
773 2030 803 2056 et
825 2022 929 2056 favore
951 2022 1038 2056 frue-

290 2073 402 2113 batur,
437 2072 552 2106 salvam
586 2072 650 2106 sore
678 2072 717 2106 de
749 2071 890 2106 eiusdem
928 2072 1037 2105 iniuria

288 2123 541 2168 contumeliaque
574 2121 744 2156 vindictam
759 2149 767 2161 ,
788 2129 909 2155 tantum
934 2121 1041 2156 utEc-

288 2173 402 2207 clesiae
416 2171 533 2206 sineret
548 2171 737 2206 christianus
754 2171 902 2218 princeps
917 2171 1040 2217 regulas

289 2221 454 2260 custodiri,
484 2221 556 2268 quia
579 2229 608 2255 et
633 2233 709 2255 nova
738 2221 767 2254 in
792 2230 926 2268 utroque
958 2233 1038 2267 pon-

291 2272 374 2306 tifice
387 2283 480 2306 causa
496 2279 577 2305 esset
600 2278 718 2314 exorta,
740 2279 769 2305 et
789 2282 898 2305 novam
919 2270 1041 2304 discns-

292 2322 413 2355 sionem
436 2328 667 2367 consequenter
694 2320 877 2366 inquireret,
911 2328 941 2354 et
959 2321 1041 2354 sicut

293 2382 419 2417 semper
440 2377 523 2404 esset
545 2370 702 2413 effectum,
724 2382 759 2404 ac
781 2370 904 2404 divinae
928 2370 1042 2416 pariter

294 2421 390 2466 leges,
418 2419 637 2466 humanaeque
659 2427 848 2459 censerent,
877 2428 910 2454 ut
937 2432 1042 2454 sacer-

294 2469 389 2505 dotali
429 2469 564 2503 concilio
598 2469 636 2503 de
674 2469 890 2503 sacerdotibus
927 2468 1041 2503 iudicia

295 2519 508 2567 provenirent,
543 2531 605 2553 non
632 2531 646 2552 a
675 2518 825 2553 saeculari
860 2518 1044 2553 viderentur

295 2569 542 2616 qualescumque
565 2567 741 2614 pontifices,
768 2568 825 2602 etsi
848 2580 953 2603 errore
989 2568 1045 2602 hu-

297 2619 435 2653 manitus
467 2618 660 2657 accedente,
696 2630 756 2652 non
785 2625 887 2652 tamen
916 2617 1044 2663 religio-

295 2681 366 2702 nem
388 2667 546 2702 ullatenus
574 2668 774 2709 excedentes,
798 2675 951 2714 potestate
970 2680 1043 2714 per-

297 2718 379 2753 celli.
419 2717 471 2752 An
507 2718 611 2752 adhuc
646 2717 726 2752 iusta
753 2718 872 2752 ratione
909 2717 1042 2765 principi

1704 324 1771 355 tto

1077 388 1272 437 suggerenda
1307 400 1369 422 non
1393 395 1457 423 erat
1480 387 1582 434 regiae
1603 386 1735 422 civitatis
1758 389 1823 422 hc-

1076 452 1151 473 nore
1185 439 1353 473 sublimis?
1387 438 1419 472 Si
1459 438 1559 473 sactus
1586 445 1651 472 erat
1682 437 1712 471 in
1735 438 1820 483 regia

1075 489 1196 524 civitate
1230 488 1414 528 sublimior,
1455 496 1539 522 tanto
1573 487 1675 532 magis
1707 487 1736 521 in
1773 487 1822 521 his

1074 538 1281 584 suggerendis
1308 537 1416 572 debuit
1448 549 1517 571 esse
1552 536 1755 571 constantior.
1786 537 1820 571 Si

1074 596 1177 622 autem
1206 588 1236 621 in
1260 587 1325 627 his,
1352 599 1432 633 qnae
1455 600 1510 633 pro
1530 586 1680 632 religione
1699 585 1822 621 fuerant

1075 637 1249 675 exerenda,
1286 637 1390 670 existit
1423 635 1684 683 contemptibilis,
1712 644 1742 669 et
1768 644 1821 670 aut

1073 687 1189 732 segnis,
1212 694 1264 720 aut
1284 686 1427 720 fiduciam
1452 698 1512 719 non
1537 686 1655 719 hahens
1678 685 1822 719 intiman-

1074 736 1121 773 di,
1155 736 1184 769 in
1212 748 1274 782 quo
1308 747 1363 781 per
1391 736 1506 781 regiam
1534 735 1691 768 civitatem
1720 734 1821 769 maior

1074 786 1203 819 effectus
1225 786 1294 819 est?
1324 786 1371 818 An
1401 794 1433 818 ut
1454 796 1509 831 per
1535 796 1569 818 ea
1592 795 1668 818 snae
1691 796 1821 830 praeva-

1074 835 1232 868 ricationis
1278 842 1418 868 exereret
1454 835 1557 879 potius
1598 833 1819 880 tyrannidem,

1073 896 1166 930 quam
1194 896 1304 918 causas
1339 883 1500 929 religionis
1532 883 1670 929 legitime
1706 895 1820 930 procu-

1072 935 1179 968 raret‘?

1121 987 1135 1025 ξ
1157 985 1214 1016 28.
1237 981 1359 1016 Nathan
1383 981 1547 1028 propheta,
1576 981 1690 1028 palam,
1712 981 1818 1028 publi-

1073 1044 1172 1079 ceque
1189 1032 1218 1065 in
1243 1031 1320 1066 facie
1343 1032 1406 1077 regi
1428 1031 1540 1071 David,
1562 1039 1592 1065 et
1614 1031 1818 1065 commissum

1073 1081 1292 1129 pronunciavit
1313 1093 1473 1124 errorem7
1496 1089 1526 1114 et
1553 1081 1656 1127 ipsum
1684 1081 1821 1115 commi·
1853 1119 1896 1130 ..

1073 1132 1152 1167 sisse
1170 1144 1233 1165 non
1250 1131 1358 1169 tacuit,
1383 1138 1413 1165 et
1427 1130 1623 1165 confessione
1643 1138 1820 1165 correctum

1074 1188 1305 1227 consequenter
1326 1180 1458 1215 absolvit
1479 1183 1529 1224 (a).

1122 1232 1142 1278 ξ
1173 1233 1230 1265 29.
1271 1230 1386 1264 Beatae
1427 1229 1596 1264 memoriae
1631 1228 1821 1264 Ambrosius

1073 1280 1318 1315 lllediolanensis
1339 1279 1485 1314 sacerdos
1510 1279 1688 1318 Ecclesiae,
1712 1278 1820 1313 maiori

1073 1330 1252 1364 Theodosio
1280 1329 1457 1376 imperatori
1479 1329 1736 1363 communionem
1761 1340 1820 1375 pu-

1075 1380 1167 1423 blice,
1195 1379 1359 1426 palamque
1381 1378 1557 1425 suspendit,
1573 1387 1665 1425 atque
1686 1377 1723 1412 ad
1748 1390 1820 1425 poe-

1075 1430 1237 1463 nitentiam
1262 1428 1380 1474 redegit
1403 1429 1517 1474 regiam
1542 1435 1738 1474 potestatem.

1124 1479 1143 1525 S
1171 1480 1226 1513 50.
1250 1478 1365 1512 Beatae
1387 1478 1559 1512 memoriae
1585 1489 1662 1524 papa
1681 1477 1758 1520 Leo,
1785 1476 1821 1511 si·

1075 1537 1127 1563 cut
1151 1528 1274 1574 legitur,
1297 1528 1518 1574 imperatorem
1541 1526 1757 1561 Theodosium
1774 1527 1824 1560 iu-

1076 1579 1214 1619 niorem,
1241 1577 1405 1624 Ephesino
1428 1577 1589 1612 latrocinio
1608 1576 1705 1611 libere
1733 1588 1824 1611 coar-

1076 1629 1154 1675 guit,
1182 1628 1399 1662 excedentem.

1125 1682 1139 1721 g
1163 1680 1219 1711 51.
1244 1677 1378 1711 Sanctae
1401 1676 1572 1710 memoriae
1593 1687 1720 1723 qnoque
1745 1686 1823 1721 papa

1077 1727 1204 1761 Hilarus
1232 1726 1436 1760 Anthemium
1474 1726 1717 1772 imperatorem,
1752 1736 1824 1758 cum

1077 1777 1265 1811 Philothens
1291 1775 1537 1810 macedonianus
1565 1776 1632 1809 eins
1664 1774 1826 1808 familiari-

1079 1835 1139 1861 tate
1153 1826 1298 1861 suffultus
1312 1826 1502 1860 diversarum
1519 1823 1725 1859 conciliabula
1747 1835 1825 1857 nova

1079 1885 1233 1911 sectarum
1257 1876 1287 1909 in
1311 1875 1419 1909 urbem
1443 1874 1534 1909 vellet
1559 1875 1719 1917 iuducere,
1742 1872 1825 1920 apud

1080 1926 1204 1960 beatum
1233 1925 1361 1959 Petrum
1392 1924 1568 1971 apostolum
1602 1923 1704 1971 palam
1735 1935 1772 1956 ne
1796 1922 1825 1956 id

1080 1976 1167 2010 lieret
1194 1976 1276 2010 clara
1304 1987 1378 2009 voce
1406 1974 1615 2015 constrinxit,
1646 1973 1676 2007 in
1705 1980 1825 2006 tantum

1081 2033 1114 2060 ut
1147 2037 1209 2059 non
1243 2037 1279 2060 ea
1313 2024 1454 2059 facienda
1488 2036 1559 2058 cum
1589 2022 1828 2069 interpositione

1080 2075 1266 2110 sacramenti
1290 2074 1371 2108 idem
1395 2074 1591 2121 promitteret
1613 2073 1794 2119 imperator.

1129 2125 1149 2171 S
1177 2127 1233 2158 5⁶2.
1270 2124 1405 2158 Sanctae
1429 2123 1597 2158 memoriae
1624 2121 1829 2156 nihilominus

1083 2187 1160 2222 papa
1183 2174 1379 2220 Simplicius,
1394 2180 1507 2220 etpost
1525 2185 1597 2207 eum
1620 2179 1746 2206 sanctae
1768 2182 1829 2204 me·

1082 2224 1199 2258 moriae
1222 2235 1301 2271 papa
1320 2222 1418 2263 Felix,
1443 2235 1504 2256 non
1521 2223 1621 2257 solum
1639 2220 1827 2256 Basiliscum

1083 2282 1267 2321 tyrannum,
1290 2272 1345 2307 sed
1367 2273 1460 2307 etiam
1485 2273 1704 2319 imperatorem
1728 2270 1830 2304 Zeno-

1085 2336 1170 2363 nem,
1196 2335 1251 2370 pro
1280 2322 1391 2357 iisdem
1414 2323 1490 2369 ipsis
1517 2321 1699 2356 excessibus
1720 2327 1831 2354 aucto-

1085 2374 1172 2408 ritate
1193 2373 1287 2407 libera
1307 2372 1433 2419 saepius
1448 2372 1628 2418 increpasse
1646 2377 1830 2411 noscuntur,

1084 2423 1230 2469 flectique
1247 2418 1830 2470 potuisset,nisiConstantinopolitani

1086 2473 1236 2519 praesulis
1258 2471 1485 2507 accenderetur
1507 2471 1667 2514 instinctu,
1689 2468 1741 2516 qui
1760 2479 1832 2515 par-

1086 2523 1186 2569 ticeps
1225 2530 1372 2557 externae
1411 2520 1644 2555 communionis
1686 2519 1830 2558 effectus,

1086 2572 1262 2607 necessario
1292 2572 1322 2605 in
1350 2570 1433 2618 quod
1464 2570 1625 2610 inciderat,
1653 2568 1713 2603 iam
1740 2567 1834 2602 sove-

1087 2621 1156 2663 hav,
1184 2621 1305 2656 malens
1328 2621 1357 2654 in
1382 2632 1457 2655 snae
1477 2617 1753 2667 praevaricationis
1776 2616 1834 2651 ol)-

1085 2672 1254 2706 stinatione
1279 2670 1456 2718 persistere,
1483 2681 1577 2717 quam
1604 2667 1762 2703 curandus
1796 2666 1832 2700 al

1121 2728 1208 2764 (11)st
1231 2729 1293 2763 llcg.
1319 2729 1358 2755 12.

1847 318 1898 345 ΑΒΔ
1922 316 1949 346 C.
1977 317 2028 346 495
