2237 3127
66 279 119 308 An.
137 279 166 309 G.
196 278 248 309 932

89 507 231 531 t'nnlirmutio

63 543 177 568 bononun-

89 2056 209 2079 Anathemn

57 2096 134 2116 contr-

56 2129 121 2152 ntium
133 2129 183 2152 huie
197 2130 240 2152 Ee-

57 2164 138 2187 clasiae
177 2165 239 2188 info-

56 2204 139 2224 nutet.

172 2093 240 2116 mole-

901 285 1034 307 lOANn'Es

280 337 421 373 ordinata
443 337 479 372 ad
503 337 663 372 meliorem
692 338 806 373 fuerint
832 339 898 374 sine
926 339 1022 374 dnbio

279 395 394 422 statum
411 387 570 434 perducta.
587 388 683 434 Igitur
697 389 768 436 qnia
785 397 883 424 vestra
900 389 1023 425 dilectio

280 444 387 472 nostro
421 437 607 484 apostolatui
643 438 802 473 humiliter
836 439 972 486 postulat
1006 452 1022 473 a

280 486 385 521 nobis:
407 494 563 534 quatenus
589 488 810 528 concedamus,
843 496 873 522 et
907 488 1023 523 confir-

279 548 402 571 memus
424 536 476 571 tibi
501 537 659 571 iamdicto
681 537 829 583 episeopo
856 537 1020 572 ecclesiam

278 586 553 633 protho-martyris
587 585 750 631 Stephani⁷
778 594 807 620 et
825 586 932 621 Sancti
956 587 1021 621 Sa-

277 635 409 674 turnini,
431 643 461 669 et
482 636 615 670 Sanctae
639 635 765 677 Mariae,
788 636 870 682 quod
896 644 1021 670 vocatur

276 684 368 720 Sedis
389 684 532 725 Tolosae,
559 697 631 719 cnm
666 685 814 719 omnibns
840 684 957 725 fundis,
992 694 1021 720 et

276 734 441 772 casalibus,
465 734 510 768 vel
532 734 715 768 adiacentiis
737 746 857 777 eornm7
881 735 940 769 hoc
962 742 1020 779 cst,

275 783 367 823 casis,
391 783 506 827 vincis,
537 784 627 817 terris
649 792 677 817 et
700 784 805 831 sylvis⁷
822 792 914 830 atque
929 784 1019 825 vittis,

275 833 407 880 campis,
431 833 537 880 pratis,
560 833 694 879 pascuis,
710 833 836 873 salietis,
855 833 1021 868 arboribus

275 882 447 929 pomiferis,
480 882 646 917 fructiferis
673 883 718 916 vel
747 882 946 918 infructiferis
973 884 1021 917 di—

275 932 355 967 versi
368 931 503 978 generis,
521 933 635 978 puteis,
651 932 802 977 fontibus,
818 933 903 977 rivis,
919 933 1019 980 aquis,

273 993 490 1029 aquarumque
517 982 713 1022 decursibus,
743 982 944 1027 molendinis,
973 983 1020 1030 pi-

273 1031 476 1076 scationibus,
510 1044 568 1067 nec
601 1045 663 1066 non
699 1042 729 1067 et
763 1033 932 1067 salinarum
954 1033 1020 1068 filas

273 1081 393 1116 cultum
431 1081 479 1117 vel
513 1081 677 1123 incultum,
712 1094 772 1117 una
807 1094 879 1117 cum
921 1083 1020 1117 servis

272 1137 303 1166 et
322 1130 455 1172 ancillis,
483 1131 604 1167 colonis
644 1140 675 1166 et
701 1132 874 1168 colonabus
902 1132 1017 1167 ibidem

274 1181 516 1228 pertinentibus,
550 1189 581 1216 et
614 1193 684 1216 cum
721 1182 868 1216 omnibus
903 1195 1020 1229 supra-

272 1231 392 1278 scripto
410 1231 559 1278 episcopo
581 1233 624 1276 (l)
645 1231 830 1277 generaliter
860 1241 886 1266 et
917 1232 946 1266 in
971 1232 1020 1266 'm-

273 1287 362 1326 tegro
390 1281 637 1328 pertinentibus,
671 1281 764 1315 situm
804 1282 832 1315 in
871 1282 1018 1317 comitatu

274 1329 443 1374 Tolosano,
479 1330 534 1364 tihi
568 1340 661 1378 atque
688 1331 923 1365 successoribus
959 1333 1019 1365 tuis

272 1378 492 1424 detinendum7
515 1380 627 1415 emissa
656 1381 876 1427 praereptione
903 1393 1020 1415 conee—

272 1428 345 1464 dere
371 1437 402 1464 et
437 1431 622 1464 confirmare
645 1430 850 1471 deberemns3
881 1431 1016 1465 inclinati

272 1478 419 1525 precibus
441 1480 502 1514 tuis
535 1492 589 1526 per
614 1479 707 1514 huius
727 1480 876 1526 privilegii
904 1480 1016 1514 seriem

270 1528 519 1576 suprascriptum
532 1529 717 1576 episcopum
730 1533 773 1572 (2)
784 1542 854 1563 enm
870 1530 1018 1564 oinnibns

271 1577 390 1619 fundis,
402 1586 432 1613 et
450 1578 605 1613 casalibus
623 1580 701 1619 suis,
718 1579 763 1612 vel
780 1591 850 1613 cnm
869 1579 1017 1614 omnihus

272 1627 487 1674 pertinentiis,
524 1637 555 1663 et
589 1628 784 1667 adiacentiis,
814 1638 846 1662 ut
872 1630 1018 1675 superins

270 1676 394 1723 legitur,
415 1689 432 1713 a
454 1679 611 1725 praesenti
639 1678 747 1724 quinta
776 1679 959 1722 indictione,
988 1688 1018 1713 et

271 1738 369 1774 usque
390 1727 422 1762 in
444 1737 629 1775 perpetuum
651 1728 718 1769 nbi,
742 1729 866 1774 tuisque
888 1741 1018 1763 succes-

269 1777 393 1812 soribus
414 1778 630 1821 concedimus,
658 1786 688 1812 et
715 1780 938 1812 confirmamus
960 1778 1018 1813 de-

271 1825 445 1861 tinendum.
468 1826 601 1873 Insuper
623 1828 834 1867 decernimus
858 1837 889 1862 ut
913 1828 1017 1861 nullus

270 1875 482 1923 episcopusin
499 1876 559 1911 illis
583 1877 721 1931 partibus
735 1877 845 1911 haheat
861 1877 1015 1911 licentiam

271 1937 301 1959 ιιι
325 1933 388 1960 toto
411 1925 471 1960 fine
492 1927 644 1973 episcopii
667 1927 712 1960 tni
734 1927 903 1973 quamlilut
932 1927 1017 1961 01di-

271 1975 426 2010 nationem
449 1975 562 2014 facere,
589 1989 645 2010 nisi
669 1976 762 2010 suerit
780 1984 832 2010 tuo
848 1988 1015 2011 consensu.

269 2023 470 2072 Quapropter
490 2034 579 2060 statu
584 2035 674 2066 ntes
697 2026 867 2071 apostolica
883 2038 1014 2060 censura

271 2073 331 2109 sul)
346 2074 441 2109 divini
458 2074 565 2109 iudicii
583 2075 789 2110 obtestatione
812 2075 1017 2110 anathematis

271 2124 485 2166 interdictum,
512 2132 546 2158 ut
572 2125 648 2159 nulli
673 2137 809 2171 unquam
838 2132 1014 2159 nostrorum

269 2185 487 2208 successorum
506 2175 699 2221 pontificum,
723 2175 769 2209 vel
791 2174 869 2209 aliae
891 2175 1017 2209 cuilitwt

271 2235 400 2269 magnae
420 2236 570 2270 personae
585 2233 690 2258 contra
714 2231 755 2265 te,
777 2236 1016 2259 successoresve

271 2280 340 2307 tuos
372 2273 508 2320 aliquam
544 2274 743 2314 melesiinn,
778 2282 830 2308 aut
863 2274 1014 2308 ιΙιηιιιιιιιι

271 2321 370 2357 facere
393 2322 495 2362 liciat
518 2324 571 2357 sed
597 2337 621 2368 p
617 2325 700 2357 ›tins
722 2332 823 2357 antem
848 2324 877 2357 in
902 2336 970 2362 usu
987 2333 1016 2357 it

271 2371 402 2406 utilitate
412 2372 456 2406 tui
471 2373 621 2419 episcopii
636 2374 664 2407 in
682 2381 866 2420 perpetuum
881 2386 928 2407 nia
934 2383 1014 2408 neat.

269 2420 301 2455 Si
324 2422 415 2467 quis
409 2431 510 2456 intem
528 2430 556 2455 ιι·
562 2435 653 2457 [ιιι-ιιιι
657 2423 692 2456 io
706 2435 784 2457 ausu
799 2432 903 2457 contra
924 2423 1016 2456 huius

270 2479 392 2506 nostiae
410 2472 562 2518 apostolix
567 2485 602 2506 ae
620 2485 661 2518 pr
658 2472 847 2519 itetptionis
870 2484 928 2519 ngt
926 2473 1015 2506 inam

271 2532 286 2554 a
305 2521 394 2555 nohis
411 2522 637 2567 promulgatam
654 2534 744 2567 agere
761 2522 1015 2568 praesumpserit,

269 2578 321 2604 aut
348 2570 379 2604 in
407 2572 624 2618 suprascripto
659 2572 818 2618 episcopio
849 2584 1016 2606 consecra-

304 2645 422 2680 (t)·1'1z19e
441 2646 602 2681 episcopatui
616 2667 623 2676 ,
648 2648 686 2672 vel
710 2647 854 2683 episcopio.
892 2646 930 2683 (⁵2)
953 2648 1017 2680 Leqe

267 2689 459 2726 episcopatum,
476 2693 515 2717 vel
531 2691 706 2726 episcopium.

1696 278 1765 312 587

1068 340 1184 376 tionem
1207 339 1328 386 fecerit,
1355 341 1414 377 nisi
1443 349 1497 377 tuo
1524 342 1618 378 fuerit
1642 356 1812 386 consensu,

1066 404 1117 430 aut
1138 396 1274 442 aliquam
1300 409 1364 431 rem
1389 397 1488 444 ipsius
1500 398 1655 445 episcopii
1673 399 1814 435 minuere

1066 449 1209 490 voluerit,
1222 451 1299 485 sciat
1313 464 1346 485 se
1361 451 1478 486 iudicio
1490 451 1676 487 humilitatis
1688 461 1814 489 nostrae

1066 516 1120 549 per
1153 505 1373 539 authoritatem
1408 506 1466 540 Dei
1507 506 1750 553 omnipotentis,
1780 516 1812 543 et

1065 556 1227 591 beatorum
1272 560 1487 605 apostolorum
1529 560 1613 595 Petri
1655 569 1685 596 et
1720 562 1809 597 Pauli

1063 610 1271 646 anathematis
1290 612 1412 646 vinculo
1432 614 1572 659 ligatum,
1595 622 1624 649 et
1646 628 1719 650 cum
1741 616 1812 651 dia-

1063 664 1146 705 hoto,
1181 672 1211 699 et
1245 666 1391 700 omnibns
1418 668 1535 714 impiis⁷
1562 681 1696 714 qnorum
1732 671 1813 717 ignis

1063 730 1124 752 uon
1148 719 1358 765 extinguetur,
1382 728 1412 755 et
1440 722 1554 756 vermis
1570 735 1630 757 non
1647 724 1810 771 morietur,

1063 772 1130 807 sine
1148 773 1210 808 fine
1224 773 1418 817 dainmrtnm,
1436 775 1492 808 nisi
1510 776 1547 809 ad
1562 777 1684 822 plenam
1701 791 1811 814 einen-

1063 827 1219 861 dationem
1257 827 1402 862 festinare
1439 828 1605 864 studuerit.
1642 831 1702 872 Qui
1739 846 1810 868 vero

1063 889 1169 916 custos
1203 890 1233 916 et
1254 882 1436 916 observator
1454 883 1588 917 extiterit
1604 885 1696 919 huius
1712 887 1808 922 nostri

1061 935 1222 981 apostolici
1248 935 1412 982 privilegii⁷
1435 936 1465 970 in
1496 937 1645 972 omnibus
1672 939 1810 975 benedi-

1062 989 1174 1024 ctionis
1186 989 1315 1036 gratiam
1334 998 1363 1024 ct
1385 990 1643 1032 inisericordiam,
1656 993 1812 1041 vitamque

1061 1053 1219 1079 aeternam
1242 1057 1258 1079 a
1283 1045 1575 1079 misericordissimo
1599 1046 1737 1083 Domino
1752 1061 1809 1083 uo-

1061 1106 1124 1133 stro
1147 1099 1297 1145 consequi
1322 1107 1477 1133 mereatur
1499 1099 1528 1133 in
1551 1101 1674 1135 saecula
1695 1114 1809 1137 saecu-

1062 1154 1173 1187 lorum.
1197 1154 1356 1200 Scriptum
1378 1166 1432 1200 per
1452 1166 1561 1187 manns
1583 1155 1735 1201 Stephani
1751 1169 1810 1191 no-

1061 1208 1142 1247 tarii,
1165 1215 1194 1241 et
1217 1207 1293 1241 sacri
1310 1207 1449 1241 scrinarii
1466 1207 1687 1243 Lateranensis
1701 1210 1807 1258 palatii

1061 1261 1091 1295 in
1128 1272 1235 1295 mense
1251 1288 1258 1301 ι
1294 1271 1324 1295 et
1358 1261 1530 1296 indictione
1565 1263 1684 1309 quinta.
1721 1265 1809 1301 Bene

1062 1316 1160 1350 valete
1188 1317 1242 1358 tl).

1115 1372 1221 1411 Script.
1243 1380 1344 1400 mense
1363 1372 1438 1401 maio
1457 1381 1533 1402 anno
1552 1372 1666 1404 Doniini
1685 1375 1753 1413 932,

1240 1416 1341 1455 pontis.
1363 1415 1480 1446 loannis
1503 1427 1579 1447 anno
1601 1426 1632 1448 ιι.

1062 286 1094 307 X!
1124 286 1172 308 PP.

1348 1533 1430 1582 LE&
1466 1534 1523 1582 Wl

1313 1617 1407 1646 ΡΑΡᾹ
1430 1617 1553 1647 CXXXlX

1060 1676 1152 1709 Anno
1170 1688 1259 1710 aerae
1278 1677 1391 1710 Christi
1411 1690 1516 1711 comm.
1535 1677 1807 1712 DCCCCXXXV.

1063 1741 1149 1821 Leo
1157 1783 1225 1827 Vll,
1239 1784 1343 1825 italus,
1360 1783 1456 1831 patria
1474 1797 1633 1829 romanus,
1647 1785 1808 1820 ordinatus

1060 1844 1190 1871 estante
1209 1837 1291 1872 diem
1304 1840 1324 1872 9
1342 1838 1458 1872 mensis
1473 1838 1614 1879 ianuarii,
1628 1851 1710 1873 anno
1725 1841 1807 1874 956.

1059 1890 1149 1925 Sedit
1182 1904 1282 1926 aiinos
1316 1905 1366 1932 ιιι,
1396 1892 1464 1927 dies
1491 1905 1509 1926 x
1538 1893 1593 1936 (uti
1616 1894 1807 1927 conveniunt

1061 1953 1182 1990 praeter
1203 1947 1280 1981 alios
1302 1955 1446 1981 auctores
1467 1956 1603 1994 quatuor
1621 1959 1635 1981 a
1658 1947 1806 1993 Vignolio

1059 1999 1132 2033 editi
1168 2001 1322 2045 catalogi),
1358 2001 1588 2048 imperantibus
1610 2002 1639 2035 in
1676 2001 1806 2037 Oriente

1059 2053 1267 2089 Constantino
1280 2055 1566 2103 Porphyrogenito,
1584 2055 1616 2090 in
1632 2055 1807 2090 Occidente

1060 2120 1131 2141 vero
1157 2108 1284 2143 Othone
1318 2109 1432 2155 Magno
1454 2109 1582 2144 Henriei
1613 2110 1677 2144 filio
1705 2110 1803 2157 impp.

1058 2161 1144 2196 Obiit
1166 2163 1248 2197 circa
1271 2163 1355 2197 diem
1384 2166 1425 2197 18
1448 2164 1512 2197 iulii
1546 2163 1619 2198 anni
1641 2165 1725 2205 959,
1747 2175 1805 2198 se—

1061 2218 1229 2265 pultusque
1250 2225 1298 2252 est
1324 2217 1362 2252 ad
1389 2217 1541 2252 Sanctum
1565 2217 1705 2253 Petrum.

1093 2283 1132 2319 (t)
1152 2284 1309 2311 Gnillelmus
1325 2284 1356 2310 de
1373 2284 1444 2310 Catel
1470 2283 1618 2311 Continent.
1645 2283 1806 2319 Linguadoc.

1058 2324 1102 2350 lib.
1122 2333 1149 2355 v,
1161 2332 1174 2350 a
1188 2324 1261 2351 nobis
1271 2324 1463 2359 suprarelatus,
1481 2324 1648 2358 Prit'ilegium
1659 2324 1708 2350 hoc
1720 2325 1807 2351 loanni

1060 2365 1107 2390 1³1¹.
1130 2365 1188 2391 Vttt
1206 2365 1308 2397 tribuit,
1331 2365 1519 2400 Raymundum
1538 2365 1545 2390 l
1562 2364 1721 2391 Tolosanum
1746 2365 1807 2399 epi-

1057 2413 1166 2439 scopum
1177 2405 1323 2440 imperante
1333 2405 1426 2432 Carolo
1438 2404 1518 2431 Calvo
1531 2405 1631 2431 vixisse
1642 2404 1806 2431 existimans:

1058 2450 1083 2471 at
1100 2445 1161 2471 illud
1179 2445 1288 2471 sortasse
1301 2454 1351 2471 neit
1362 2444 1477 2471 advertit
1488 2445 1610 2470 loannem
1625 2445 1680 2471 Vlll
1693 2453 1706 2471 a
1718 2453 1808 2471 mense

1058 2486 1190 2513 decembri
1206 2486 1265 2511 anni
1282 2486 1344 2517 872,
1365 2493 1418 2519 qno
1439 2484 1489 2510 lam
1519 2484 1643 2510 currebat
1665 2487 1741 2511 sexta
1767 2484 1808 2510 in·-

1058 2527 1147 2557 dictio,
1159 2526 1341 2562 pontificatum
1355 2524 1512 2559 perduxisse
1525 2523 1557 2548 ad
1575 2522 1653 2549 finem
1669 2523 1730 2550 anni
1742 2524 1806 2557 882,

1058 2567 1199 2593 indictione
1215 2575 1233 2593 1.
1252 2565 1339 2599 Quare
1356 2573 1403 2591 nos
1425 2563 1639 2590 Samni-arthanos
1653 2566 1806 2598 sequentes,

1058 2608 1102 2642 qui
1121 2607 1308 2642 Raymundum
1325 2606 1429 2632 circiter
1445 2614 1506 2631 ann.
1524 2606 1571 2631 951
1591 2605 1680 2631 sedem
1697 2605 1807 2632 Tolosa-

1059 2656 1119 2674 nain
1149 2648 1294 2674 obtinuisse
1318 2649 1450 2677 asserunt,
1468 2645 1634 2680 privilegium
1655 2645 1744 2672 loanni
1766 2646 1806 2673 XI

1059 2688 1204 2722 reddimus,
1221 2688 1248 2715 in
1266 2688 1341 2715 cuius
1356 2696 1426 2715 annu
1440 2688 1459 2715 2.
1472 2686 1569 2715 cesten,
1580 2686 1674 2714 nutura
1685 2685 1804 2713 indictio.

1839 277 1892 306 An.
1922 277 1951 307 C.
1971 278 2023 308 932

1838 1784 1888 1811 An.
1920 1782 1948 1811 C.
1969 1782 2022 1811 935
