2237 3127
86 325 127 352 An
162 325 188 352 C.
216 326 267 350 Μ’.)

948 343 1113 366 MARTINL‘S
1134 344 1145 366 1
1171 343 1223 366 PP.

294 396 430 431 scientes
446 395 691 437 solicitudinem,
707 404 737 432 et
758 396 859 431 edocti
876 396 1042 444 diligenter

297 459 312 480 a
350 446 502 481 divinitus
539 447 700 494 inspiratis
728 447 924 494 Scripturis,
958 448 1041 494 quod

295 496 377 531 nulla
407 505 453 531 est
481 497 679 543 participatio
715 497 849 531 iustitiae
879 509 950 531 cum
981 498 1043 531 iui-

294 545 423 592 quitate,
448 558 551 593 neque
579 546 713 581 societas
736 546 795 580 luci
823 546 860 579 ad
884 546 1041 589 tenebras,

294 607 352 629 nec
377 605 545 630 conventio
560 595 678 630 Christi
705 595 742 630 ad
765 595 876 639 Belial⁷
896 608 954 630 nec
972 608 1042 642 pars

295 645 378 679 fideli
402 658 473 680 cum
509 644 712 688 infidelibus⁷
735 657 839 690 neque
866 657 1041 679 consensus

293 695 539 729 orthodoxorum
563 707 634 728 cum
670 694 837 728 haereticis
863 698 921 738 ta):
954 695 1039 728 omni

292 745 433 779 custodia
468 744 624 779 custodite
651 755 705 778 cor
729 751 890 787 vestrum,
922 743 1039 777 nullam

294 794 564 840 participationem
588 792 752 835 habentes,
769 805 826 826 nec
846 792 1041 834 societatem,

292 855 350 877 nec
384 842 617 877 confessionem
640 870 647 882 ,
688 854 747 876 nec
780 843 1040 883 connexionem,

291 904 362 926 cum
379 891 561 926 huiusmodi
584 892 729 926 homine:
749 904 785 926 ac
808 892 890 926 nulla
922 892 1040 926 ratione

291 941 508 976 assentiamini
530 942 599 976 eius
621 941 804 980 doctrinae,
837 941 893 976 sed
915 941 1040 976 assidue

293 999 513 1037 permanentes
536 991 565 1025 in
600 991 798 1025 sanctissima
827 999 931 1025 nostra
956 991 1015 1026 lide
1031 1019 1039 1031 ,

294 1041 407 1075 servite
428 1040 496 1075 Deo
518 1040 549 1075 in
577 1040 768 1075 conscientia
792 1053 880 1087 pura.
905 1041 1038 1088 Synaxis

293 1097 398 1124 autem
423 1090 629 1125 ministerium
655 1090 817 1137 perficiant
845 1090 956 1130 vobis,
985 1092 1038 1137 qui

292 1139 334 1173 ibi
361 1149 432 1174 sunt
456 1140 626 1188 presbyteri
654 1148 685 1174 et
714 1140 837 1174 diaconi
855 1167 864 1184 ,
891 1141 943 1187 qui
967 1140 1040 1174 dili-

293 1197 416 1235 genter,
427 1197 457 1224 et
472 1189 708 1236 acceptabiliter
730 1198 846 1224 rectam
869 1190 1038 1224 catholicae

292 1238 453 1273 Ecclesiae
469 1239 633 1274 nobiscum
649 1239 823 1274 doctrinam
850 1239 1037 1287 suscipiunt,

291 1300 372 1335 qnae
399 1300 503 1335 nuper
528 1288 567 1323 ad
592 1301 645 1322 i'os
673 1301 689 1322 a
713 1288 804 1323 nobis
827 1290 942 1336 scripta
972 1297 1036 1323 est:

291 1346 322 1372 et
351 1337 536 1373 abiicientes
559 1350 683 1372 omnem
708 1338 862 1373 haeresim
878 1367 887 1377 ‚
910 1351 945 1373 ac
973 1351 1039 1373 no-

290 1387 431 1431 vitatem.
453 1400 532 1434 quae
554 1387 592 1422 ab
614 1389 784 1435 apostolica
806 1387 1038 1435 praedicatione

291 1436 536 1478 condemnatum
563 1450 626 1485 quo
646 1450 757 1484 usque,
780 1445 813 1472 ut
835 1437 955 1472 dictum
979 1447 1037 1479 est,

290 1485 344 1521 ille
354 1499 409 1521 sua
423 1486 570 1533 corrigat,
586 1495 637 1521 aut
648 1488 730 1521 alius
743 1499 800 1534 pro
815 1487 868 1521 illo
886 1487 1038 1522 canonice

291 1535 428 1581 eligatur
449 1545 555 1583 pastor
581 1535 685 1570 bonus
720 1548 756 1571 ac
782 1549 890 1577 verus,
918 1538 1038 1584 quique

292 1585 430 1620 animam
467 1598 523 1633 pro
557 1585 822 1631 ovibus,ponat‚
863 1586 1038 1621 imitatione

292 1635 446 1682 principis
477 1643 635 1682 pastorum
663 1634 780 1670 Christi
810 1636 838 1670 in
873 1636 942 1671 loco
976 1636 1038 1671 Pa-

292 1696 387 1719 scuae
404 1697 460 1719 vos
481 1685 655 1725 collocans,
683 1694 712 1720 et
735 1698 831 1732 super
852 1698 965 1733 aquam
989 1699 1038 1721 re-

289 1733 434 1769 sectionis
460 1734 611 1769 educans.
645 1735 716 1782 Ipse
742 1744 846 1770 autem
863 1763 871 1773 ,
903 1736 956 1783 qui
980 1748 1037 1770 nos

290 1783 452 1818 vobiscum
484 1784 649 1819 confirmat
676 1784 705 1819 in
742 1784 938 1819 divinissima
970 1786 1038 1820 eius

289 1833 500 1874 confessione,
523 1834 641 1881 quique
664 1835 750 1868 unxit
770 1847 839 1873 nos,
854 1846 889 1869 ac
903 1835 1037 1880 signavit

289 1882 441 1929 deditque
467 1884 654 1918 arrabonem
679 1884 809 1930 spiritus
832 1884 862 1918 in
889 1884 1038 1919 cordibus

288 1933 416 1972 nostris,
426 1933 600 1967 sanctificet
611 1945 664 1967 vos
676 1932 821 1980 perfecte,
830 1933 1038 1980 spiritumque

290 1991 429 2016 vestrum
453 1990 484 2016 et
510 1982 646 2016 animam
664 2010 672 2023 ,
703 1990 732 2017 et
768 1995 884 2030 corpus
906 1983 1038 2029 integra,

291 2039 385 2079 atque
406 2032 696 2079 irreprehensibilia
714 2032 869 2067 custodiat
893 2041 1038 2079 receptu-

293 2093 344 2116 ros
367 2082 397 2115 in
431 2082 553 2115 saecula
576 2081 772 2116 saeculorum
790 2109 799 2122 ,
826 2094 905 2129 quae
929 2096 1039 2130 repro-

289 2131 375 2166 misit
398 2130 604 2177 diligentibus
630 2144 701 2166 eum
725 2134 774 2175 tbjt.
798 2131 911 2167 Amen.

651 2233 686 2268 V.

291 2284 493 2329 Privt'leyium
532 2288 673 2321 coenobio
719 2289 891 2324 Elnonenst'
905 2317 914 2331 ,
953 2292 1038 2325 cuius

338 2334 419 2368 bona
439 2335 545 2369 omnia
570 2339 805 2382 confirmantur,
827 2348 853 2373 et
878 2343 1039 2374 monocho-

337 2395 407 2416 rum
434 2386 568 2429 reyimen
601 2387 665 2420 sine
702 2389 834 2422 alieuius
871 2391 1039 2424 interventu

335 2444 484 2477 personae
504 2436 610 2469 abbati
628 2439 828 2472 committitur
847 2441 906 2483 (l).

557 2495 773 2529 SUMMARIUM

287 2545 454 2578 Exordium.
481 2565 521 2571 —
537 2549 716 2581 Coenobium
739 2551 925 2584 Helnonense
947 2564 963 2585 a
992 2554 1039 2585 Si-

328 2587 446 2625 geberto
463 2598 532 2627 rege
550 2596 762 2622 constructum.
784 2609 824 2616 —
841 2592 920 2624 Bona
941 2595 1037 2625 onmia

323 2644 399 2679 (102.
411 2645 532 2674 Corinth.
545 2647 571 2674 6.
590 2647 628 2683 (b)
640 2649 712 2676 Ioan.
726 2650 773 2682 ¹03
785 2651 879 2685 psalm.
892 2652 1038 2687 22.(1)Ex

287 2679 412 2707 Bollando
431 2682 491 2709 Act.
508 2683 554 2710 SS.
574 2683 699 2711 februarii
718 2685 769 2712 sub
785 2686 826 2712 die
842 2688 858 2713 ὓ
876 2688 994 2715 eiusdem
1013 2689 1038 2715 in

286 2715 483 2745 Commentario
507 2720 616 2753 praevio
640 2720 674 2748 ad
694 2721 778 2748 vitam
799 2721 827 2749 S.
848 2723 962 2751 Amandi
978 2723 995 2761 S
1010 2725 1036 2751 5.

1720 333 1791 368 203

1125 397 1344 426 confirmantur.
1369 413 1410 419 —
1425 395 1599 427 immunitas
1618 397 1653 427 ab
1678 399 1839 438 episcopali

1124 437 1328 466 iurisdictione
1361 437 1390 466 iu
1414 438 1635 476 temporalibus.
1658 455 1698 460 —
1715 439 1838 469 Abbatis

1124 477 1228 506 electio
1245 487 1334 516 pones
1353 478 1522 507 monachos.
1540 495 1580 500 —
1604 478 1642 507 Dc
1665 479 1838 509 ordinandis

1124 517 1287 546 monachis.
1308 534 1349 539 —--
1372 517 1535 556 Episcopus
1564 518 1673 547 missas
1702 519 1837 557 publicas

1123 556 1164 586 ibi
1188 566 1246 586 non
1270 557 1365 586 saciat.
1387 574 1427 579 -
1448 557 1620 587 lmmunitas
1648 568 1662 588 a
1691 560 1838 589 saeculari

1124 601 1273 635 potestate.
1303 613 1343 619 —·
1373 598 1535 627 Anathema
1567 603 1668 628 contra
1696 599 1836 629 inobser-

1125 641 1234 665 rantes.

1083 693 1217 721 martinus
1231 694 1381 729 episcopm,
1401 694 1513 723 ultimus
1530 702 1669 724 servorum
1685 695 1740 729 Dei,
1752 697 1837 725 omni=

1218 739 1267 766 bus
1284 739 1460 774 diligentibus
1480 739 1559 768 Deum
1570 741 1697 769 satutem.

1133 791 1181 826 De
1211 793 1395 839 quotidiano
1429 801 1555 828 sanctae
1587 796 1696 830 matris
1722 796 1835 832 catho-

1083 840 1162 875 licae
1184 851 1275 888 atque
1291 843 1480 888 apostolicae
1502 843 1665 878 Ecclesiae
1681 846 1835 892 profectu,

1083 902 1118 924 ac
1141 891 1404 937 multiplicatione
1433 893 1571 938 gaudere
1594 893 1764 938 debemus,
1795 905 1838 930 at-

1082 951 1144 986 que
1168 940 1198 974 in
1228 941 1315 974 vinea
1338 941 1465 975 Domini
1490 954 1545 988 pro
1573 944 1718 978 mercede
1747 945 1836 979 labo-

1084 989 1226 1024 rantibus
1260 990 1411 1024 auxilium
1442 990 1522 1025 ferre
1545 991 1708 1027 debemus.
1742 993 1836 1029 Unde

1084 1046 1192 1073 notum
1226 1039 1291 1074 fore
1326 1040 1470 1074 volumus
1496 1049 1622 1076 sanctae
1651 1043 1837 1080 universatis

1080 1087 1242 1124 Ecclesiae
1265 1089 1337 1124 filiis
1362 1098 1422 1124 tam
1448 1091 1676 1136 praesentibus,
1691 1106 1785 1139 quam
1801 1103 1832 1128 et

1082 1138 1206 1181 futuris,
1222 1139 1356 1186 qualiter
1376 1148 1503 1175 sanctae
1517 1140 1695 1176 dilectionis
1709 1151 1834 1178 nostrae

1082 1187 1165 1222 fitius
1196 1188 1364 1223 Amandus
1386 1201 1459 1223 cum
1495 1202 1664 1232 consensu,
1692 1200 1721 1226 et
1745 1193 1832 1239 peti-

1080 1237 1165 1271 tione
1194 1238 1347 1272 carissimi
1385 1238 1439 1273 [ilii
1471 1240 1570 1274 nostri
1599 1267 1606 1275 .
1633 1267 1640 1274 .
1665 1268 1673 1275 .
1709 1254 1833 1277 memo-

1080 1286 1144 1321 riae
1165 1285 1335 1333 Dagoberti
1359 1287 1554 1323 Francorum
1579 1290 1672 1336 regis,
1695 1291 1760 1326 sive
1775 1292 1829 1326 fittt

1079 1336 1148 1370 eitis
1183 1336 1341 1383 Sigeberti
1387 1338 1589 1385 privilegium
1637 1342 1833 1377 auctoritatis

1080 1395 1205 1420 nostrae
1238 1387 1404 1434 expetierit
1431 1387 1470 1422 de
1494 1388 1630 1435 quodam
1654 1391 1833 1436 coenobio,

1080 1435 1130 1469 cui
1170 1435 1326 1470 Helnonis
1357 1436 1473 1471 indidit
1507 1450 1647 1480 nomen,
1680 1441 1831 1488 quodque

1080 1485 1173 1518 etiam
1200 1485 1239 1519 ab
1262 1486 1330 1532 ipso
1347 1495 1565 1522 consecratum
1588 1496 1635 1522 est
1655 1488 1685 1523 in
1710 1490 1830 1526 honore

1079 1533 1253 1569 beatissimi
1288 1537 1504 1583 apostolorum
1540 1537 1693 1584 principis
1718 1539 1831 1584 Petri,

1079 1583 1281 1632 doctorisque
1303 1586 1444 1632 gentium
1464 1586 1554 1621 Pauli
1567 1587 1646 1622 intra
1659 1588 1829 1624 decursum

1079 1633 1214 1668 duorum
1246 1634 1414 1670 fluminum
1441 1635 1564 1683 Scarp,
1597 1645 1628 1671 et
1661 1637 1827 1675 Helnonis.

1081 1682 1285 1730 Privilegium
1308 1685 1438 1731 quidem
1473 1696 1599 1721 sanctae
1633 1688 1828 1723 auctoritatis

1080 1741 1227 1775 nostrae,
1269 1735 1386 1769 nostris
1427 1734 1604 1782 futurisque
1630 1738 1829 1783 temporibus

1080 1791 1252 1818 memorato
1280 1783 1349 1818 loco
1381 1783 1596 1831 indulgemus.
1630 1785 1826 1823 Ordinamus

1081 1832 1186 1878 itaque
1207 1840 1300 1879 atque
1319 1833 1482 1868 firmamus
1494 1833 1533 1868 de
1548 1834 1715 1870 stabilitate
1729 1837 1829 1884 ipsius

1081 1880 1140 1915 loci
1167 1881 1206 1916 de
1237 1882 1327 1923 villis,
1349 1891 1380 1917 et
1408 1882 1607 1919 facultatibus
1629 1884 1668 1920 de
1687 1887 1829 1922 ecclesiis

1080 1939 1110 1965 et
1132 1930 1337 1966 ecclesiarum
1361 1932 1496 1967 decimis
1523 1934 1588 1969 sive
1620 1934 1757 1976 familia,
1790 1937 1829 1972 sle

1080 1980 1333 2028 quibuscumque
1357 1982 1524 2029 stipendiis
1546 1984 1726 2030 specialiter
1750 1986 1826 2021 inibi

1080 2029 1146 2064 Deo
1174 2031 1391 2066 servientium.
1419 2032 1642 2068 lutei-dicimus
1668 2043 1773 2070 autem
1797 2037 1826 2070 in

1082 2080 1208 2114 nomine
1245 2080 1373 2115 Domini
1401 2083 1499 2117 nostri
1535 2082 1604 2117 lesu
1632 2083 1749 2119 Christi
1766 2113 1775 2129 7
1797 2094 1827 2120 et

1080 2141 1118 2164 ex
1139 2130 1322 2165 auctoritate
1345 2130 1375 2165 b.
1399 2131 1482 2166 Petri
1504 2133 1718 2179 apostolorum
1743 2135 1827 2182 prin-

1080 2179 1159 2226 cipis
1192 2179 1422 2227 prohibemus,
1449 2183 1541 2216 cuius
1569 2183 1634 2217 rice
1662 2183 1736 2218 huic
1758 2185 1828 2220 Ec—

1080 2228 1195 2264 clesiae
1216 2241 1376 2272 romanae,
1398 2239 1526 2266 auctore
1546 2231 1633 2277 Deo⁷
1661 2234 1826 2279 praeside-

1080 2290 1163 2320 mus,
1191 2286 1224 2313 ut
1244 2279 1352 2314 nullus
1383 2281 1607 2328 episcoporum
1630 2282 1708 2318 ultra
1731 2297 1828 2331 prae-

1080 2336 1183 2363 sumat
1208 2327 1248 2364 de
1283 2329 1483 2371 redditibus,
1507 2331 1612 2371 rebus,
1635 2332 1682 2367 vel
1709 2334 1826 2368 chartis

1081 2390 1202 2419 eorum,
1230 2378 1278 2413 vel
1305 2379 1386 2414 villis
1407 2392 1612 2428 quocumque
1634 2382 1728 2418 modo
1754 2396 1828 2430 qua-

1080 2427 1155 2462 libet
1177 2428 1388 2476 exquisitione
1409 2430 1564 2471 minuere‚
1588 2443 1646 2465 nec
1667 2431 1757 2467 dolos
1778 2433 1825 2467 vel

1081 2476 1330 2514 intermissiones
1356 2479 1477 2527 aliquas
1507 2480 1631 2525 facere,
1662 2493 1721 2516 nec
1749 2482 1827 2517 illo-

1080 2539 1148 2561 rum
1169 2527 1290 2574 ingredi
1316 2530 1558 2571 monasterium,
1576 2542 1678 2577 neque
1702 2532 1825 2578 placita,

1079 2588 1138 2611 nec
1159 2577 1243 2612 aliud
1270 2578 1346 2626 quid
1370 2579 1482 2614 facere.
1505 2579 1568 2614 Sed
1590 2580 1617 2614 si
1644 2593 1706 2628 qua
1732 2593 1826 2617 causa

1081 2626 1159 2662 forte
1173 2627 1254 2663 inter
1267 2635 1382 2663 terram
1392 2629 1568 2664 venientem
1583 2629 1621 2664 ad
1636 2638 1755 2678 partem
1771 2658 1778 2666 .
1793 2658 1801 2666 .
1816 2659 1824 2666 .

1080 2676 1251 2719 ecclesiae,
1279 2686 1309 2713 et
1330 2678 1513 2713 monasterii
1539 2680 1696 2720 evenerit;
1723 2688 1754 2714 et
1775 2693 1828 2727 pa-

1080 2725 1170 2763 cifice
1195 2739 1258 2763 non
1277 2728 1416 2777 potuerit
1438 2727 1589 2773 ordinari,
1609 2729 1694 2779 apud
1709 2731 1827 2768 electos

1873 331 1923 358 An.
1948 332 1974 357 (ζ,
2002 332 2053 358 ι’,ὖῑῐ

1870 820 1995 843 Exordium.

1894 1311 2026 1333 coenubium

1868 1347 2008 1369 llilunnense
2041 1355 2052 1369 a

1867 1383 1983 1412 sigeberto
2017 1392 2053 1405 re⁴

1868 1426 1893 1447 ge
1949 1424 2052 1442 constru-

1867 1460 1936 1478 ctum.

1897 1835 1954 1856 Bona
1978 1835 2051 1857 omnia

1866 1870 2032 1892 confirmantur.

1864 2068 1992 2090 immunitas
2022 2067 2047 2088 ab

1863 2104 1986 2134 episcopali
2011 2104 2048 2124 iu-

1863 2141 1994 2162 risd'ctiont·
2027 2142 2047 2162 in

1863 2177 2030 2207 uniporalibus.
