2237 3127
218 235 270 262 An.
292 234 321 261 C.
350 234 399 262 Δ147

215 749 396 771 Γ11501111111115100

212 793 223 806 u
264 785 395 807 alaim-tineis

293 823 394 844 ‹ison-ti.

493 233 540 266 60

436 295 577 331 Ecclesia
600 295 799 331 solummodo
820 294 984 339 catholica,
1006 295 1061 330 sed
1087 296 1181 330 etiam

435 357 451 379 a
474 358 530 380 suo
553 355 678 380 auctore
702 344 866 378 damnatis.
890 344 958 378 Non
983 344 1021 378 sit
1049 356 1182 390 perver-

434 395 478 428 sis
500 395 633 429 liberum
656 393 805 428 simulare
841 393 925 440 quod
961 393 1099 440 fingunt,
1124 407 1181 429 nec

432 443 493 477 sub
516 443 669 478 velamine
690 442 828 477 nominis
846 442 1007 477 christiani
1043 443 1179 478 decreto-

432 505 501 526 rum
530 492 739 539 imperialium
767 500 880 527 statuta
908 492 1077 527 declinent.
1105 493 1179 528 Ideo

431 542 514 575 enim
538 541 576 576 ad
598 541 774 576 Ecclesiam
797 541 980 577 catholicam
1004 555 1073 576 eum
1095 550 1177 578 tanta

430 591 534 625 cordis
555 591 734 626 diversitate
756 591 961 635 conveniunt,
981 601 1024 631 ut,
1046 600 1076 626 et
1097 605 1177 639 quos

429 648 585 687 possunt,
608 653 682 676 suos
704 640 827 685 faciant,
850 648 880 675 et
901 641 1004 686 legum
1028 642 1177 677 severita-

427 697 502 733 tem,
518 690 592 724 dum
608 702 641 725 se
653 697 777 725 nostros
793 691 999 732 mentiuntur,
1012 691 1173 737 effugiant.

426 738 559 773 Faciunt
581 740 640 774 hoc
666 739 944 780 priscillianistae,
973 740 1089 775 faciunt
1116 741 1176 776 hoc

426 788 613 829 Manichaei,
636 801 771 836 quorum
794 801 864 824 cum
888 789 955 824 istis
977 798 1037 824 tam
1062 790 1175 825 foede-

425 846 487 872 rata
500 847 571 872 sunt
584 838 689 879 corda,
702 847 733 873 nt
749 838 823 874 solis
837 839 1020 874 nominibus
1033 839 1172 881 discreti,

423 887 594 933 sacrilegiis
616 896 719 923 autem
748 889 814 923 suis
840 889 1037 923 inveniantur
1072 890 1171 925 uniti:

423 937 494 983 quia
518 937 574 972 etsi
596 945 684 972 vetus
705 937 955 983 Testamentum,
971 939 1054 985 quod
1075 939 1122 974 isti
1138 952 1170 975 50

422 986 584 1033 suscipere
611 987 782 1028 simulant,
815 988 989 1023 Manichaei
1013 988 1170 1031 refutant,

420 1036 459 1069 ad
483 1049 579 1070 unum
602 1044 706 1072 tamen
731 1037 823 1071 finem
853 1047 1056 1085 utrorumque
1072 1039 1171 1074 tendit

421 1085 575 1127 intentio,
610 1098 682 1121 011111
710 1087 795 1133 quod
822 1087 871 1121 isti
894 1087 1076 1135 recipiendo
1099 1101 1171 1123 eor-

422 1143 598 1182 rumpunt,
635 1136 678 1170 illi
711 1136 888 1172 abdicando
915 1137 1110 1183 impugnant.
1133 1138 1168 1173 In

419 1184 650 1220 execrabilibus
688 1193 792 1220 autem
831 1187 987 1234 mysteriis
1027 1200 1135 1222 eorum
1160 1215 1168 1233 ,

419 1246 498 1280 quae
521 1243 638 1281 quanto
661 1234 871 1270 immundiora
893 1246 978 1281 sunt,
1000 1244 1086 1271 tanto
1113 1237 1168 1271 di-

418 1283 565 1329 ligentius
587 1284 795 1329 occultantur,
817 1298 914 1320 unum
938 1298 1068 1333 prorsus
1083 1287 1169 1322 nefas

418 1340 477 1375 est,
500 1346 560 1368 una
583 1342 630 1368 est
656 1334 854 1370 obscoenitas
880 1344 910 1370 et
932 1335 1043 1370 similis
1064 1338 1168 1384 turpi-

419 1382 506 1416 tudo.
532 1383 634 1424 Quam
663 1384 721 1418 etsi
744 1384 846 1432 eloqui
869 1385 1096 1427 erubescimus,
1120 1399 1168 1421 so-

418 1431 603 1467 licitissimis
626 1441 727 1467 tamen
752 1434 1010 1481 inquisitionibus
1043 1435 1168 1482 indaga-

417 1489 490 1521 tam,
513 1489 543 1516 et
564 1482 819 1518 Manichaeorum
836 1511 844 1525 ,
867 1484 920 1531 qni
944 1485 1163 1531 comprehensi

416 1538 501 1571 sunt,
523 1531 777 1567 confessionibus
799 1533 952 1568 detectam
969 1562 976 1574 ,
999 1534 1037 1568 ad
1062 1535 1166 1582 publi-

416 1592 483 1614 cam
508 1580 640 1615 fecimus
662 1583 823 1627 pervenire
846 1584 1010 1618 notitiam:
1040 1596 1078 1619 ne
1101 1585 1164 1619 ullo

415 1630 509 1664 modo
533 1631 631 1676 possit
652 1631 782 1666 dubium
806 1632 929 1677 videri,
952 1633 1036 1679 qnod
1060 1634 1091 1668 in
1114 1635 1164 1669 111-

309 1701 327 1713 n.
354 1694 389 1714 1...
415 1679 499 1713 ‹lieio
522 1689 652 1725 nostro,
679 1681 729 1715 cui
757 1694 819 1717 non
844 1683 947 1717 solum
970 1682 1163 1730 frequentis--

415 1729 492 1762 sima
516 1730 689 1775 praesentia
712 1731 922 1771 sacerdotum,
938 1732 993 1767 sed
1013 1733 1107 1767 etiam
1130 1734 1164 1768 il-

415 1778 559 1812 lustrium
584 1779 718 1814 virorum
741 1781 887 1827 dignitas,
914 1791 944 1816 et
973 1794 1043 1829 pars
1065 1795 1163 1830 quae-

312 1845 366 1858 sum.
415 1827 484 1861 ‹lam
508 1837 635 1864 senatus
656 1841 691 1864 ac
714 1830 813 1877 plebis
835 1831 984 1873 interfuit,
1009 1832 1161 1879 ipsorum,

414 1878 465 1923 qui
489 1889 581 1912 omne
607 1879 727 1914 facinus
749 1889 974 1928 perpetrarant,
997 1894 1050 1916 010
1077 1895 1163 1917 rese-

416 1936 514 1961 ratum
538 1936 596 1971 est,
618 1928 700 1963 sicut
720 1942 766 1969 ea,
794 1942 873 1977 quae
900 1930 937 1965 ad
961 1931 1160 1967 dilectionem

415 1984 498 2010 tuam
522 1989 606 2012 nunc
628 1978 811 2020 direximus,
831 1989 918 2026 gesta
934 1980 1160 2016 demonstrant.

416 2025 508 2066 Quod
545 2035 649 2062 autem
684 2027 723 2062 de
761 2028 1017 2064 Manichaeorum
1051 2031 1161 2066 foedis—

414 2076 494 2109 simo
517 2076 646 2118 scelere,
669 2077 728 2112 hoc
743 2079 835 2113 etiam
851 2079 890 2114 de
900 2079 1161 2116 priscillianista-

414 2137 482 2159 rum
511 2125 717 2161 incestissima
738 2129 967 2164 consnetudinc
986 2130 1059 2164 olim
1080 2143 1161 2165 com-

415 2182 563 2221 pertum,
595 2177 794 2224 multumque
816 2178 973 2225 vulgatum
1006 2188 1062 2214 est.
1097 2181 1159 2222 Qui

414 2224 497 2257 enim
522 2236 577 2271 per
598 2226 700 2260 omnia
724 2235 797 2261 sunt
825 2227 983 2274 impietate
1010 2242 1159 2264 sensuum

415 2286 515 2320 pares,
539 2287 599 2309 non
623 2285 757 2322 possunt
770 2277 800 2311 in
817 2278 914 2312 sacris
928 2279 993 2313 suis
1007 2291 1075 2313 esse
1097 2280 1162 2315 (lis-

414 2323 542 2357 similes.
566 2323 715 2359 Decursis
738 2326 840 2373 itaque
862 2328 1018 2369 omnihus,
1041 2330 1164 2376 quaeli-

414 2372 485 2406 belli
508 2373 604 2408 series
631 2376 900 2422 comprehendit,
934 2385 963 2411 et
995 2390 1011 2412 a
1045 2378 1162 2425 quibus

413 2423 643 2457 commonitorii
672 2423 771 2460 forma
793 2438 855 2460 non
879 2426 1057 2474 discrepat,
1080 2429 1163 2463 suffi-

413 2471 533 2506 cienter
555 2475 601 2516 (ut
619 2473 743 2520 opinor)
771 2475 982 2521 ostendimus,
1013 2477 1086 2524 quid
1122 2478 1161 2513 de

415 2520 462 2555 liis
477 2548 485 2564 ,
507 2534 587 2568 quae
616 2523 654 2557 ad
691 2536 748 2559 nos
770 2524 944 2560 fraternitas
966 2534 1017 2561 tua
1041 2527 1160 2572 retulit,

413 2582 619 2612 censeamus,
642 2580 672 2607 01
693 2586 786 2621 (11111111
823 2587 883 2609 11011
907 2575 947 2609 511
975 2576 1160 2618 ferendum,

413 2619 437 2653 si
461 2628 522 2655 tam
546 2622 686 2670 profanis
704 2624 864 2659 erroribus
891 2625 981 2660 etiam
1005 2637 1160 2674 quorum-

1019 241 1210 265 nummum!

1237 242 1400 265 ROMANUM

1224 295 1295 330 dam
1323 295 1521 330 sacerdotum
1550 295 1642 331 corda
1678 299 1902 344 consentiunt,
1926 299 1972 335 vel

1223 348 1267 388 (ut
1295 345 1401 379 mitius
1432 345 1576 388 dixerim)
1609 358 1669 379 non
1708 348 1867 383 resistunt.
1903 349 1969 391 Qua

1222 394 1415 429 conscientia
1438 394 1589 429 honorem
1612 394 1671 428 sibi
1695 395 1835 432 debitum
1859 397 1970 433 vindi--

1221 452 1304 488 cant,
1327 443 1380 491 qui
1403 456 1459 489 pro
1485 443 1649 478 animabus
1675 444 1734 478 sibi
1755 446 1883 482 creditis
1904 460 1967 483 non

1220 493 1375 528 laborant?
1396 492 1520 528 Bestiae
1544 493 1678 537 irruunt,
1700 502 1730 528 et
1751 495 1855 530 ovium
1881 506 1967 544 septa

1221 555 1283 577 non
1305 542 1467 577 claudunt.
1489 542 1590 577 Fures
1612 542 1802 578 insidiantur
1820 571 1829 586 ‚
1862 553 1893 580 01
1914 559 1968 581 ex-

1219 592 1327 627 cubias
1353 604 1417 627 non
1453 591 1670 639 praetendunt.
1704 592 1805 628 Morbi
1841 594 1969 630 crebre-

1217 650 1322 686 scunt,
1344 649 1375 677 et
1396 641 1532 676 remedia
1554 641 1640 676 nulla
1662 643 1869 689 prospiciunt.
1886 643 1966 679 Cum

1217 700 1320 726 autem
1352 691 1443 726 etiam
1479 691 1554 726 illud
1589 690 1736 736 addunt,
1758 700 1793 726 ut
1819 692 1867 728 his
1882 721 1891 734 ‚
1913 694 1966 742 qui

1216 741 1368 776 solicitius
1390 748 1499 787 agunt,
1526 741 1704 775 consentire
1731 741 1915 783 detrectent,
1938 752 1967 778 et

1216 791 1394 838 impietates
1416 818 1424 832 ‚
1461 790 1535 825 olim
1564 798 1627 825 toto
1666 790 1742 825 orbe
1769 791 1933 828 damnatas
1955 821 1963 835 ,

1215 839 1505 887 subscriptionibus
1538 840 1604 874 suis
1638 852 1671 874 se
1703 840 1966 878 anathematizare

1215 890 1426 931 ‹lissimulent3
1448 889 1523 937 quid
1548 901 1580 924 se
1605 889 1735 936 intelligi
1759 890 1876 932 volunt,
1903 892 1961 927 nisi

1214 940 1297 986 quod
1320 940 1358 974 de
1380 951 1512 974 numero
1535 938 1664 973 fratrum
1687 951 1749 975 non
1784 948 1858 976 sunt
1873 969 1883 980 ,
1908 941 1963 977 sed

1213 989 1253 1024 de
1276 998 1363 1037 parte
1385 989 1540 1024 hostium?

1264 1042 1321 1074 47.
1349 1039 1383 1074 In
1407 1051 1443 1074 οο
1465 1051 1550 1080 vero,
1569 1037 1653 1085 quod
1670 1045 1807 1073 extrema
1830 1038 1962 1076 familia—

1213 1089 1256 1124 ris
1283 1088 1434 1136 epistolae
1466 1096 1539 1123 tuae
1571 1095 1658 1136 parte
1688 1088 1843 1135 posuisti,
1867 1089 1963 1125 miror

1211 1139 1395 1186 cuiusquam
1423 1138 1568 1173 catholici
1602 1137 1838 1184 intelligentiam
1873 1138 1963 1174 labo-

1211 1201 1292 1233 rare,
1319 1198 1477 1235 tamquam
1500 1188 1654 1222 incertum
1679 1188 1740 1228 sit,
1762 1200 1801 1222 an
1824 1187 1962 1223 descen-

1210 1237 1305 1273 dente
1327 1238 1366 1273 ad
1390 1238 1509 1272 inferna
1531 1237 1657 1272 Christo
1674 1264 1681 1276 ‚
1704 1249 1775 1271 caro
1809 1237 1877 1272 eius
1908 1250 1961 1273 re-

1209 1288 1365 1335 quieverit
1387 1288 1419 1322 in
1441 1287 1628 1335 sepulchro:
1651 1288 1732 1334 quae
1748 1286 1831 1321 sicut
1845 1299 1916 1322 vere
1932 1297 1962 1323 et

1210 1345 1332 1373 mortua
1354 1346 1401 1372 est
1423 1344 1454 1372 et
1474 1336 1596 1384 sepulta
1612 1364 1621 1382 ,
1650 1336 1689 1371 ita
1723 1348 1794 1371 vere
1828 1346 1875 1371 est
1908 1336 1961 1372 die

1209 1388 1299 1423 tertio
1322 1388 1516 1422 resuscitata.
1540 1387 1609 1421 Hoc
1631 1386 1717 1421 enim
1739 1394 1771 1420 et
1792 1385 1859 1433 ipse
1893 1386 1960 1421 Do-

1208 1437 1312 1471 minus
1339 1437 1596 1477 denunciaverat,
1620 1436 1730 1471 dicens
1752 1435 1792 1470 ad
1814 1435 1958 1472 Iudaeos:

1207 1486 1326 1522 Solvite
1348 1487 1501 1534 templum
1524 1486 1583 1521 hoe
1601 1513 1610 1531 ,
1637 1493 1667 1521 et
1689 1485 1719 1519 in
1742 1485 1846 1519 triduo
1868 1497 1958 1521 resu-

1207 1537 1324 1571 scitabo
1349 1537 1422 1570 illud
1447 1539 1498 1580 (a).
1522 1536 1583 1571 Ubi
1606 1534 1798 1582 evangelista
1820 1534 1956 1570 subiun-

1206 1587 1262 1632 git:
1286 1586 1354 1621 Hoc
1375 1594 1479 1621 autem
1503 1585 1628 1620 dicebat
1651 1585 1690 1620 tle
1712 1584 1829 1632 templo
1848 1596 1957 1632 corpo-

1206 1636 1249 1671 ris
1271 1637 1330 1670 sui.
1353 1635 1454 1670 Cuius
1477 1635 1520 1670 rei
1544 1635 1705 1670 veritatem
1733 1634 1826 1669 etiam
1854 1633 1953 1669 David

1205 1685 1360 1733 propheta
1385 1685 1594 1732 praedixerat,
1614 1684 1752 1732 loquens
1769 1683 1828 1719 sub
1851 1696 1956 1731 perso·

1205 1748 1244 1770 na
1267 1736 1394 1771 Domini
1424 1735 1605 1776 Salvatoris,
1627 1743 1658 1769 et
1679 1733 1798 1768 dicens:
1823 1732 1956 1780 Insuper

1204 1793 1235 1820 et
1256 1798 1328 1820 caro
1351 1797 1418 1820 mea
1443 1784 1618 1833 requiescet
1640 1784 1671 1818 in
1694 1795 1761 1830 spe.
1794 1782 1953 1825 Quoniam

1206 1848 1267 1870 non
1299 1835 1501 1883 derelinques
1534 1834 1672 1869 animam
1708 1845 1810 1868 meam
1838 1832 1869 1866 in
1904 1832 1954 1867 in-

1204 1885 1316 1926 ferno,
1353 1897 1410 1919 1100
1445 1885 1532 1919 dabis
1567 1890 1709 1918 sanctum
1736 1890 1824 1917 tuum
1847 1881 1954 1917 videre

1204 1935 1440 1982 corruptionem
1472 1937 1522 1979 (b).
1557 1933 1682 1976 Quibus
1708 1933 1815 1979 utique
1850 1931 1953 1966 verbis

1204 1985 1405 2019 manifestum
1429 1991 1476 2019 est
1495 2011 1504 2024 ,
1542 1983 1626 2031 quod
1655 1995 1727 2018 caro
1760 1981 1888 2016 Domini
1922 1988 1953 2016 et

1204 2046 1275 2069 vere
1297 2034 1418 2081 sepulta
1453 2033 1628 2080 requievit,
1650 2041 1681 2067 et
1717 2031 1951 2078 corruptionem

1203 2096 1265 2119 non
1290 2084 1408 2118 subiit:
1436 2083 1510 2130 quia
1533 2082 1676 2117 celeriter
1697 2081 1874 2119 vivificata,
1902 2092 1954 2115 re-

1203 2133 1268 2168 ditu
1292 2134 1414 2168 animae
1435 2132 1616 2168 resurrexit.
1639 2131 1733 2174 Quod
1746 2142 1807 2165 non
1824 2128 1952 2164 credere

1203 2184 1277 2218 satis
1300 2183 1430 2230 impium
1454 2190 1499 2217 est
1516 2210 1524 2219 ,
1551 2189 1582 2217 01
1602 2181 1639 2216 ad
1662 2179 1854 2224 Manichaei,
1876 2178 1953 2213 Pri-

1203 2233 1400 2280 scillianique
1422 2232 1596 2267 doctrinam
1619 2230 1775 2279 pertinere
1802 2241 1864 2264 non
1893 2227 1953 2263 du-

1203 2283 1288 2318 bium
1307 2291 1369 2318 est:
1385 2283 1437 2329 qui
1455 2282 1609 2328 sacrilego
1625 2292 1718 2315 seusu
1740 2280 1780 2314 ita
1797 2290 1830 2313 se
1855 2277 1954 2313 Chri-

1203 2340 1285 2367 stum
1313 2332 1463 2367 simulant
1489 2330 1643 2372 confiteri,
1659 2338 1694 2364 ut
1713 2327 1951 2367 incarnationis,

1204 2382 1313 2417 mortis
1347 2390 1376 2415 et
1402 2380 1644 2416 resurrectionis
1665 2378 1809 2414 auferant
1829 2377 1951 2412 verita-

1204 2439 1277 2466 tem.
1303 2431 1461 2465 Habeatur
1488 2443 1563 2477 ergo
1591 2430 1671 2464 inter
1693 2440 1748 2463 vos
1769 2425 1951 2481 episcopale

1203 2481 1385 2521 concilium,
1399 2489 1429 2515 et
1448 2479 1485 2515 ad
1501 2492 1572 2515 etun
1595 2479 1710 2518 locum,
1725 2476 1778 2525 qui
1796 2474 1950 2531 'omnibns

1202 2539 1401 2579 opportunus
1427 2530 1490 2568 sit,
1517 2528 1690 2564 vicinarum
1716 2537 1948 2573 prov-notarum

1202 2580 1388 2616 conveniant
1410 2579 1611 2614 sacerdotes:
1643 2585 1676 2611 ut
1702 2575 1880 2612 secuudum
1905 2585 1954 2615 ea.

1236 2638 1275 2674 (ιι)
1291 2638 1364 2666 loan.
1380 2638 1407 2665 2.
1459 2637 1499 2672 (b)
1515 2636 1610 2663 Psalm.
1635 2633 1676 2662 ¹5.

2001 253 2053 280 An.
2076 252 2106 281 C.
2129 254 2180 282 4147

1996 408 2026 429 De
2066 408 2179 438 epist-epis

1995 442 2053 471 1111111
2077 451 2115 464 sun
2136 451 2178 465 nnn

2012 478 2153 505 imitantibus

2011 514 2062 544 1111111
2086 515 2163 536 *115114

1994 550 2104 573 mnndum.

2032 1038 2063 1059 Λιι
2081 1045 2133 1059 euro

1991 1074 2070 1095 Chr-inti
2089 1074 2174 1104 requie·

1991 1110 2046 1131 verit
2079 1110 2099 1131 in
2139 1117 2160 1131 υ

1991 1145 2085 1176 pult-lun

2007 2167 2128 2189 Manichaei
2146 2172 2168 2191 et

1984 2203 2156 2226 priscilliani-us

1983 2239 2063 2260 Cliti-tt
2092 2240 2166 2260 incur-

1983 2274 2088 2302 nait-mis,
2107 2283 2167 2296 mor-

1982 2313 2009 2330 tis
2036 2313 2057 2330 et
2091 2317 2165 2331 renni·-

1982 2346 2087 2366 roz-tinnis
2126 2353 2165 2367 nu-

1982 2381 2052 2402 1110111
2085 2382 2165 2404 uritu-

1981 2421 2033 2440 tun.
