2237 3127
182 337 236 365 An.
257 335 285 364 C.
313 334 364 363 559

448 328 493 362 80

399 391 583 430 reverentia,
604 395 731 436 propter
757 386 853 421 multa
881 385 1017 432 pericula
1043 386 1083 419 sit
1096 397 1148 419 ca-

398 441 545 483 vendam,
586 451 625 473 ne
654 437 798 484 cuiquam
838 443 891 469 aut
925 435 956 469 in
984 435 1147 481 desperata

398 489 603 536 aegritudine,
644 494 697 521 aut
732 486 762 519 in
791 484 971 519 hostilitatis
1005 484 1147 524 incursu,

397 547 451 574 aut
477 539 589 572 timore
611 535 764 580 naufragii
789 546 843 581 per
865 534 1060 568 sacerdotem
1082 534 1149 568 Do-

397 588 473 622 mini
501 585 696 633 regeneratio
719 584 902 630 denegetur.
926 583 960 618 Si
982 583 1053 630 quis
1075 596 1147 617 vero

399 637 549 684 posthoc
591 634 812 672 interdictum,
841 634 871 666 in
907 632 1017 667 eadem
1055 633 1148 667 fuerit

399 685 602 733 usurpatione
625 684 780 726 detectus,
802 682 930 728 dignam
958 682 1148 729 pertinaciae

397 748 472 770 suae
501 734 617 768 incidet
645 733 815 767 ultionem:
839 732 989 779 quoniam
1011 731 1148 766 ostendit

398 797 431 820 se
454 793 545 831 turpe
568 783 674 830 potius
707 783 847 823 lucrum,
870 793 965 828 quam
988 781 1148 828 religionis

397 834 518 870 cultum
541 845 610 868 esse
633 839 796 867 sectatum.

447 883 535 918 Illam
561 882 654 917 etiam
689 889 797 916 contra
825 879 1029 927 apostolicam
1054 891 1147 925 regu-

350 946 360 958 Β
398 933 459 968 lam
484 931 788 979 praesumptionem,
810 942 903 976 quam
922 941 1021 976 nuper
1034 929 1145 975 agnovi

399 982 615 1029 aquibusdam
634 980 740 1015 illicita
756 979 960 1026 usurpatione
982 978 1147 1018 committi,

401 1032 505 1066 modis
532 1030 681 1067 omnibus
696 1029 869 1069 constituo,
896 1027 1075 1063 submoveri
1098 1028 1147 1071 (de

399 1081 593 1129 poenitentia
616 1079 773 1122 videlicet,
800 1090 878 1125 quae
900 1078 940 1111 ita
962 1090 977 1112 a
1001 1076 1148 1111 fidelibus

401 1131 585 1178 postulatur)
609 1141 646 1163 ne
670 1128 709 1163 de
735 1127 932 1174 singulorum
948 1135 1147 1173 peccatorum

400 1193 516 1227 genere
542 1179 658 1214 libellis
679 1178 795 1224 scripta
829 1176 981 1224 professio
1023 1176 1148 1223 publice

402 1230 568 1265 recitetur:
592 1241 663 1263 cum
680 1234 783 1262 reatus
804 1226 1066 1261 conscientiarum
1089 1225 1150 1259 sus-

404 1279 485 1314 iiciat
511 1279 587 1314 solis
619 1276 832 1312 sacerdotibus
865 1275 996 1309 indicari
1024 1274 1149 1309 confes-

403 1329 491 1364 sione
518 1335 649 1363 secreta.
679 1326 831 1368 Quamvis
868 1325 952 1359 enim
988 1323 1148 1371 plenitudo

404 1378 474 1414 fidei
497 1377 638 1412 videatur
649 1388 717 1411 esse
731 1374 999 1421 laudabilis7quae
1022 1382 1150 1420 propter

406 1427 461 1463 Dei
485 1428 630 1462 timorem
665 1425 747 1472 apud
785 1424 930 1458 homines
965 1423 1150 1458 erubescere

405 1490 469 1512 non
507 1484 646 1516 veretur,
673 1484 775 1509 tamen
813 1474 886 1520 quia
919 1485 981 1508 non
1009 1473 1148 1507 omnium

405 1525 588 1561 huiusmodi
612 1533 685 1559 sunt
708 1531 846 1571 peccata,
863 1530 898 1557 ut
918 1535 965 1563 ea,
986 1534 1065 1568 quae
1079 1534 1152 1569 poe-

407 1576 570 1610 nitentiam
592 1582 738 1622 poscunt,
763 1585 823 1607 non
836 1574 965 1607 timeant
979 1571 1151 1618 publicare,

407 1633 605 1660 removeatur
626 1632 689 1658 tam
711 1622 927 1668 improbabilis
944 1620 1151 1661 consuetudo,

407 1688 446 1709 ne
470 1674 558 1709 multi
580 1687 595 1708 a
620 1671 829 1720 poenitentiae
858 1671 1003 1706 remediis
1023 1683 1152 1705 arcean-

409 1733 475 1759 tur:
500 1724 574 1757 dum
603 1730 654 1757 aut
689 1721 896 1764 erubescunt,
923 1729 976 1755 aut
1008 1727 1152 1754 metuunt

408 1773 543 1808 inimicis
577 1773 643 1806 suis
674 1784 728 1805 sua
757 1770 834 1805 sacta
869 1770 1011 1814 reserari,
1038 1769 1153 1816 quibus

409 1822 530 1870 possint
553 1822 656 1867 legum
683 1820 905 1855 constitutione
929 1819 1064 1866 percelli.
1079 1818 1153 1853 Suf-

410 1872 474 1907 ficit
507 1872 590 1906 enim
618 1870 668 1905 illa
709 1870 881 1913 consessio,
904 1881 984 1916 quae
1017 1868 1153 1914 primum

410 1922 477 1956 Deo
499 1921 643 1959 offertur,
683 1928 746 1953 tum
771 1919 863 1953 etiam
903 1917 1069 1962 sacerdoti,
1099 1917 1152 1964 qui

411 1984 466 2016 pro
482 1970 603 2005 delictis
626 1969 852 2016 poenitentium
867 1976 1007 2015 precator
1023 1967 1153 2001 accedit.

411 2021 502 2055 Tunc
513 2020 598 2054 enim
613 2019 740 2053 demum
758 2017 862 2064 plures
877 2017 915 2052 ad
931 2016 1154 2064 poenitentiam

413 2076 563 2117 poterunt
585 2068 763 2115 provocari,
778 2068 803 2101 si
824 2066 930 2114 populi
946 2066 1075 2101 auribus
1094 2078 1156 2100 non

414 2119 595 2166 publicetur
634 2117 828 2152 conscientia
863 2116 1053 2151 confitentis.
1084 2115 1156 2150 Dat.

416 2168 517 2216 pridie
541 2180 640 2202 nonas
658 2167 772 2211 martii,
794 2166 959 2200 Recimero
985 2165 1127 2200 consule.

483 2225 544 2255 Dat.
560 2225 605 2255 die
624 2225 641 2254 6
661 2224 766 2259 martii,
784 2233 859 2253 anno
881 2223 995 2252 Domini
1012 2223 1080 2260 459,

599 2264 700 2304 pontis.
724 2263 809 2295 Leon.
832 2272 907 2292 anno
923 2272 980 2292 xix.

655 2393 691 2441 S.
728 2392 910 2440 tittrtsst's

678 2483 772 2513 PAPA
793 2482 899 2513 XLVIII

478 2553 569 2586 Anno
587 2563 675 2586 aerae
693 2551 807 2585 Christi
826 2562 933 2584 comm.
959 2549 1101 2583 CDLXI.

420 2610 568 2683 {lilarns
582 2676 590 2687 ,
610 2648 735 2683 natione
753 2647 878 2688 sardus,
904 2646 986 2681 silius
1009 2646 1163 2694 Crispini,

421 2698 540 2733 electus
561 2698 619 2733 snit
640 2710 784 2733 summus
806 2697 946 2745 pontisex
969 2696 1020 2731 die
1048 2701 1083 2730 tt
1112 2708 1166 2731 no-

983 329 1170 355 BULLARIUM
1196 328 1361 352 ROMANUM

1190 382 1338 424 vembiis,
1360 389 1390 417 et
1410 380 1575 417 ordinatus
1596 378 1739 427 sequenti
1767 378 1817 414 die
1836 378 1935 414 domi-

1191 432 1259 467 nica
1285 434 1329 466 12
1351 431 1505 472 eiusdem,
1523 443 1605 465 anno
1619 431 1701 463 461.
1720 428 1808 463 Sedit
1829 440 1933 463 autem

1189 482 1248 516 sub
1269 481 1375 517 Leone
1389 489 1419 516 et
1440 480 1557 515 Severo
1573 492 1589 514 a
1604 478 1768 514 consulatu
1791 477 1933 513 eiusdem

1189 531 1306 566 Leonis
1328 532 1407 577 Aug.
1431 530 1457 564 11
1480 538 1509 564 et
1531 528 1637 564 Severi
1661 527 1700 562 ad
1723 527 1881 561 Busaeum
1905 534 1936 562 et

1190 580 1338 615 loannem
1361 593 1441 614 coss.
1465 578 1555 614 Sedit
1576 590 1649 612 ann.
1679 589 1722 617 x'1,
1746 588 1850 610 mens.
1870 588 1935 620 ιιι,

1189 630 1256 664 dies
1287 643 1316 664 x.
1343 629 1443 664 Unica
1484 627 1682 663 ordinatione
1708 625 1824 660 creavit
1851 637 1937 672 pres-

1191 679 1315 727 byteros
1339 677 1603 725 vigintiquinque,
1616 676 1767 710 diaconos
1787 687 1853 710 sex.
1873 674 1938 720 epi-

1189 741 1301 776 scopos
1331 741 1385 774 per
1410 728 1531 762 diversa
1547 727 1613 760 loca
1633 723 1834 771 vigintiduos.
1849 722 1936 758 Obiit

1189 778 1220 812 in
1243 778 1351 812 osculo
1378 776 1504 811 Domini
1527 776 1578 810 die
1600 777 1640 808 21
1683 773 1830 808 februarii
1853 785 1936 807 anno

1190 829 1260 861 468
1276 855 1284 870 ,
1307 827 1513 873 sepultusque
1535 834 1581 859 est
1603 823 1641 858 ad
1664 823 1697 858 S.
1727 821 1933 857 Laurentium

1189 876 1220 910 in
1243 877 1358 924 Crypta
1382 877 1467 910 iuxta
1494 886 1610 922 corpus
1630 873 1668 907 B.
1693 872 1784 908 Sixti.
1807 871 1937 906 Vacavit

1190 925 1281 960 sedes
1302 925 1369 960 dies
1395 937 1445 959 111.

1552 1007 1576 1042 Ι.

1191 1086 1306 1119 Deletio
1343 1085 1562 1119 controversiae
1594 1085 1673 1117 inter
1712 1083 1880 1126 lnqeriuum
1913 1089 1939 1115 et

1238 1137 1421 1168 ,inmanium
1432 1135 1595 1179 episcopos,
1613 1140 1818 1176 statutumque
1832 1140 1862 1165 u!
1879 1132 1939 1165 Co—

1238 1186 1372 1217 mclensis
1411 1185 1517 1217 cii-itus
1543 1191 1568 1216 et
1596 1184 1744 1216 Nicaense
1781 1182 1939 1214 castellum

1237 1235 1279 1267 ad
1292 1237 1382 1267 unius
1391 1234 1522 1278 episcopi
1529 1233 1661 1276 1·e91'1nen
1675 1238 1864 1265 revertantur
1873 1232 1935 1274 (A).

1454 1313 1670 1345 SUMMARIUM

1191 1382 1356 1412 Exordium.
1371 1398 1411 1404 —
1427 1380 1524 1411 Series
1552 1380 1632 1410 sacti.
1651 1396 1691 1402 —
1707 1379 1804 1409 Poena
1828 1378 1939 1419 obrep-

1231 1423 1382 1491 tionis.d—
1392 1421 1548 1459 Pririlegia
1574 1420 1766 1450 ecclesiarum
1789 1428 1847 1449 non
1867 1423 1936 1448 sunt

1231 1466 1328 1492 mutan
1354 1472 1378 1491 a.

1213 1540 1401 1569 Dilectissimis
1418 1539 1554 1568 fratribus
1575 1539 1689 1571 Vorano,
1708 1537 1816 1566 Leontio
1831 1538 1859 1566 et
1876 1537 1919 1566 vi-

1332 1591 1409 1618 cturo
1428 1588 1561 1624 episcopis
1574 1608 1581 1621 ,
1601 1587 1708 1615 Hilarus
1726 1593 1806 1623 papa.

1240 1664 1403 1699 Movemur
1417 1664 1535 1698 ratione
1550 1663 1698 1704 iustitiae,
1721 1675 1801 1710 quae
1816 1663 1889 1698 licet
1904 1662 1942 1697 ab

1193 1714 1339 1749 omnibus
1361 1714 1413 1760 qui
1436 1721 1519 1748 recta
1541 1713 1679 1760 sapiunt,
1701 1713 1812 1747 debeat
1834 1722 1943 1747 custo-

1194 1764 1265 1804 diri,
1280 1772 1382 1797 tamen
1407 1763 1573 1810 praecipue
1585 1762 1713 1796 Domini
1726 1762 1943 1797 sacerdotibus

1195 1826 1257 1847 non
1280 1822 1326 1847 est
1349 1821 1467 1847 temere
1494 1811 1695 1857 negligenda,
1716 1824 1850 1858 quornm
1874 1823 1942 1846 cae-

1196 1872 1277 1897 teros
1300 1862 1460 1896 informari
1483 1862 1630 1896 convenit
1652 1861 1812 1895 institutis.
1833 1860 1944 1895 Frater

1197 1913 1292 1955 igitur
1326 1920 1356 1945 et
1394 1911 1603 1958 coepiscopus
1642 1918 1748 1945 noster
1783 1910 1945 1957 Ingenuus

1198 1961 1442 2001 libi-edanensis,
1464 1961 1592 2007 Alpium
1616 1960 1839 1994 Maritimarum
1869 1972 1946 2006 pro-

1199 2011 1317 2045 vinciae
1355 2011 1639 2056 metropolitanus,
1673 2021 1798 2056 semper
1825 2008 1945 2044 honore

1198 2060 1364 2098 subnixus,
1394 2060 1423 2093 in
1458 2059 1684 2106 praeiudicium
1713 2071 1804 2093 suum
1822 2086 1831 2099 ,
1866 2059 1946 2093 sicut

1199 2122 1319 2144 annexa
1352 2108 1521 2143 declaravit
1547 2109 1756 2155 querimonia,
1791 2108 1944 2154 quaedam

1201 2172 1269 2199 nos,
1298 2166 1421 2205 petente
1448 2157 1540 2192 fratre
1567 2166 1596 2192 et
1623 2158 1811 2203 coepiscopo
1839 2165 1946 2191 nostro

1201 2208 1355 2247 Auxanio,
1369 2207 1515 2241 statuisse
1531 2215 1768 2249 commemorat,
1781 2218 1860 2253 quae
1877 2206 1948 2240 uni-

1201 2258 1298 2292 versis
1321 2258 1351 2291 in
1376 2257 1433 2291 bac
1454 2256 1563 2290 eadem
1580 2263 1683 2290 'causa
1710 2255 1948 2290 defensionibus

1202 2306 1399 2341 contrairent.
1423 2305 1586 2352 Siquidem
1609 2305 1815 2340 relationibus
1836 2305 1868 2339 in
1889 2317 1951 2340 no-

1203 2364 1267 2391 stro
1307 2355 1421 2390 iudicio
1457 2355 1621 2389 recensitis
1636 2382 1644 2398 ,
1677 2367 1755 2402 quas
1790 2354 1884 2389 frater
1919 2362 1950 2389 et

1203 2405 1410 2452 coepiscopus
1442 2413 1548 2439 noster
1580 2404 1726 2439 Voranus
1759 2403 1798 2438 ad
1825 2412 1950 2438 sanctae

1205 2454 1372 2489 memoriae
1387 2454 1584 2488 decessorem
1608 2466 1713 2488 meum
1727 2465 1800 2488 cum
1821 2452 1951 2487 caeteris

1205 2504 1383 2551 provinciae
1405 2503 1619 2538 sacerdotibus
1646 2503 1742 2547 misit,
1769 2510 1799 2537 et
1824 2510 1952 2549 aposto-

1205 2554 1282 2588 licae
1303 2553 1398 2596 sedis,
1420 2565 1500 2599 quae
1521 2560 1596 2587 tunc
1620 2552 1736 2587 directa
1758 2551 1868 2593 suerat,
1891 2564 1952 2598 pa—

1206 2603 1313 2637 tefacta
1327 2602 1533 2648 responsione
1549 2602 1778 2637 manifestatum
1797 2610 1856 2645 est,
1874 2600 1952 2635 nihil

1207 2660 1311 2698 postea
1337 2651 1483 2685 debuisse
1505 2652 1636 2694 tentari,
1666 2663 1723 2686 nec
1744 2651 1783 2686 ad
1807 2650 1952 2685 iniuriam

1241 2709 1280 2744 (l)
1301 2708 1377 2735 Card.
1395 2708 1484 2735 Carasa
1501 2717 1531 2735 ex
1551 2716 1614 2735 mss.

1951 297 2005 326 An.
2028 295 2058 325 C.
2083 295 2132 324 46¹

2002 1665 2126 1690 [madium.

1988 1838 2061 1860 Series
2078 1837 2139 1859 tut-ti.
