2237 3127
174 307 226 333 An.
256 306 285 333 C.
306 306 355 333 757

439 304 510 339 246

385 369 516 409 Stephanus
534 368 653 406 episi-opus
670 374 746 394 serviis
758 362 925 394 servoruinllei
945 362 961 391 F
965 362 1059 391 aldrado
1081 360 1135 390 reli-

422 414 488 452 gioso
511 411 643 451 presbytero
659 410 736 439 abbati
759 407 896 438 venerabilis
911 406 1044 436 monasterii
1060 405 1135 434 Sancti

422 458 504 487 Christi
521 456 625 495 martyris
643 455 750 492 Dioiiisii,
771 457 793 483 et
808 462 848 492 per
865 460 918 481 enin
942 451 965 480 in
987 450 1067 479 eodeni
1096 459 1134 479 vc-

421 500 520 531 ncrabili
538 500 677 530 monasterio
697 498 718 528 in
735 500 879 537 perpetuum.

434 564 517 599 Cura
540 562 630 598 nohis
652 570 745 608 atque
777 557 946 595 solicitudo
968 565 1014 592 est
1038 557 1133 591 nimia

383 613 445 648 illis
466 612 608 648 conferre
635 609 862 646 sacerdotalem
888 608 1051 647 honorem,
1079 606 1132 653 qui

385 676 440 709 per
461 662 565 696 omnia
589 661 751 707 religiose,
774 667 923 704 casteque
946 657 1065 696 vivere,
1099 668 1134 690 ac

384 713 451 746 Deo
476 712 598 759 placere
623 718 748 753 norunt,
771 715 927 755 quatenus
949 713 979 741 et
1001 706 1044 750 hi,
1067 705 1133 751 qni-

382 761 443 796 bus
466 762 601 807 dignitas
625 759 794 802 confertur,
818 757 849 791 in
863 756 947 791 diem
970 755 1058 789 illum
1075 763 1133 788 ter-

384 811 520 851 ribilem,
556 822 629 845 eum
652 817 723 844 ante
751 807 893 841 divinum
917 805 1054 840 iudicem
1076 803 1132 838 ad-

383 860 530 903 stiterint,
558 857 848 906 irreprehensibiles
875 854 1132 901 comprobentur,

384 918 414 945 et
438 923 493 944 nos
515 909 538 943 si
564 909 651 955 digni
674 906 845 947 extiterint,
865 905 903 940 de
926 904 983 939 sibi
1006 907 1048 947 (l)
1072 903 1133 937 col-

384 960 445 994 lato
463 971 551 993 sacro
575 959 694 993 honore
719 968 830 991 noxam
854 961 1053 1002 peccatorum
1074 952 1132 986 mi—

265 1026 283 1038 ιε
309 1027 340 1038 ιιυ
385 1009 468 1043 nime
512 1009 719 1042 incurramus.
768 1006 874 1052 ltaque
913 1004 1010 1038 nimio
1045 1002 1131 1036 ducti

258 1062 354 1110 “mmm
384 1071 489 1093 amore
529 1057 678 1105 praedicti
719 1054 910 1090 honorabilis
951 1051 1131 1086 monasterii

303 1100 324 1146 ,Η
351 1144 355 1153 ,
386 1108 574 1155 protectoris
608 1106 729 1147 nostri,
764 1113 856 1151 atque
890 1102 1019 1137 fautoris
1054 1100 1132 1134 beati

236 1171 246 1182 ¹·
385 1157 501 1191 Christi
534 1157 677 1203 martyris
714 1153 853 1201 Dionysii
883 1153 966 1186 intus
1007 1150 1133 1197 provin-

250 1206 355 1254 '‚W¹,',J‚','j
384 1207 463 1241 ciam
490 1206 638 1240 Franciae
661 1204 836 1246 constituti,
862 1213 1037 1247 congruum
1062 1212 1133 1245 pro-

298 1279 353 1291 i···-
384 1257 544 1303 speximus
566 1254 734 1301 apostolica
756 1261 860 1287 nostra
882 1250 1065 1286 auctoritate
1093 1248 1131 1283 ad

385 1306 536 1340 honorem
563 1304 642 1339 sacri
670 1303 774 1338 altaris
801 1302 912 1347 dignos
934 1299 1073 1339 ordinis,
1104 1306 1133 1333 et

386 1354 567 1390 testimonio
595 1354 677 1388 bono
699 1351 919 1399 comprobatos
941 1362 995 1384 sex
1016 1348 1134 1383 consti-

386 1413 473 1440 tuere
507 1404 677 1443 diaconos,
713 1403 765 1449 qui
802 1401 913 1436 stolam
948 1398 1133 1433 dalmaticae

387 1454 506 1490 decoris
531 1453 710 1492 induantur,
737 1459 766 1486 ut
803 1452 849 1485 sic
876 1461 1001 1484 sacrum
1038 1460 1133 1494 pera—

387 1513 458 1551 gant
487 1503 571 1538 omni
601 1511 741 1549 tempore
771 1499 992 1539 ministerium,
1021 1505 1133 1544 qnate-

388 1567 447 1588 nus
487 1552 602 1588 nostris
643 1551 840 1598 temporibus
875 1549 915 1583 oh
951 1548 1133 1581 decoratum

387 1608 530 1643 ordinem
553 1607 735 1641 diaconatus
752 1606 782 1639 in
807 1604 942 1652 praefato
965 1600 1133 1637 venerabili

388 1661 578 1696 monasterio
605 1668 633 1694 et
658 1672 777 1694 merces
797 1658 886 1693 nobis
909 1656 1080 1698 adcrescat,
1105 1662 1134 1688 et

389 1728 472 1750 nunc
496 1727 551 1762 pro
573 1714 624 1748 tali
659 1713 811 1747 henelicio
835 1713 866 1745 in
890 1710 1024 1758 posteris
1053 1718 1134 1743 tem-

389 1770 516 1817 poribus
537 1769 605 1803 sine
627 1767 722 1801 dubio
755 1766 852 1800 nostri
880 1765 1018 1799 nominis
1045 1763 1134 1797 iude-

388 1825 528 1858 sinenter
549 1821 733 1856 memoriam
756 1821 793 1854 ad
826 1832 928 1853 sacras
957 1819 1068 1853 missas
1093 1819 1135 1851 sa-

388 1890 458 1913 cere
487 1890 548 1912 non
576 1875 811 1913 obliviscantur,
834 1881 927 1919 atque
953 1872 1047 1906 etiam
1075 1872 1136 1905 im-

330 1953 357 1962 «κ
392 1943 486 1977 penso
510 1930 661 1965 beneficio
684 1931 726 1972 (⁶3)
757 1927 861 1962 missis
883 1933 1136 1961 sanctaenostrw

346 1991 358 2030 j
392 1985 547 2020 Ecclesiae
584 1983 733 2019 euntibus
767 1990 797 2016 et
833 1980 1064 2023 redeuntibus,
1105 1980 1134 2013 in

338 2059 357 2070 ιι»
392 2048 541 2087 quantum
584 2037 774 2085 possibilitas
808 2035 887 2075 erit,
933 2033 1138 2068 humanitatis

391 2093 625 2140 susceptionem
649 2092 679 2125 in
708 2091 767 2125 iam
793 2090 853 2124 fato
876 2088 1046 2123 xenerabili
1069 2100 1138 2122 mo-

393 2148 528 2183 nasterio
555 2147 656 2182 faeere
679 2157 741 2180 non
768 2144 930 2182 desistant,
959 2151 992 2177 ut
1021 2155 1058 2177 ex
1079 2142 1138 2176 hoc

394 2210 424 2237 et
447 2202 578 2248 religiosi
602 2200 746 2235 monachi
771 2199 814 2232 illi
838 2198 990 2244 degentes
1013 2196 1137 2231 laudem

393 2256 450 2291 sibi
479 2256 592 2290 bonam
626 2254 709 2302 apud
743 2254 824 2288 lianc
859 2261 996 2287 sanctam
1033 2250 1139 2285 sedem

392 2310 595 2358 apostolicam
618 2308 798 2355 adquirant,
832 2314 862 2341 et
888 2305 969 2351 apud
994 2305 1141 2350 omnipo-

393 2374 509 2400 tenu-m
536 2363 652 2406 Deum,
675 2371 704 2396 et
726 2362 930 2402 Salvatorem,
959 2366 989 2393 et
1011 2362 1055 2403 (5)
1092 2358 1140 2405 ip-

393 2433 462 2455 sum
500 2417 696 2454 Dominum,
735 2423 764 2448 et
797 2422 956 2448 auctorem
997 2421 1139 2447 nostrum

394 2474 519 2508 beatum
556 2470 729 2518 principem
763 2468 974 2516 apostolorum
1012 2467 1139 2501 Petrum

394 2536 549 2563 aeternam
577 2525 756 2572 possideant
780 2525 823 2567 (4)
846 2522 1030 2556 bonitatem.
1055 2520 1140 2554 Bene

397 2582 503 2617 valete.

430 2643 469 2677 (l)
486 2642 596 2668 Maluit:
618 2641 716 2666 Cultam
741 2641 811 2664 xm‘ri
831 2640 938 2664 lionoris=
959 2638 1087 2668 beneficio.
1102 2635 1140 2669 (⁹2)

399 2678 497 2705 Mabitt.
515 2678 688 2703 addamnmn
706 2677 886 2701 vicissitudine.
904 2673 943 2708 (5)
954 2671 1050 2699 Mabill.
1071 2675 1142 2697 recte

397 2717 522 2749 ipsorum.
560 2714 599 2748 (lt)
619 2712 782 2739 beatitahau.

974 308 1161 330 Bt*i.1..iiiit'xt
1184 306 1345 328 Romamn!

1411 382 1446 430 S.
1478 381 1639 430 l'AUliUS
1678 382 1690 429 l

1459 473 1551 502 l'Al'A
1581 471 1647 502 xtlv

1211 543 1302 576 Anno
1323 553 1412 575 (cerae
1436 540 1549 573 Cla-{sei
1569 550 1677 573 comm.
1708 539 1893 574 DCCLVH.

1179 621 1334 702 inultis,
1359 662 1481 696 natione
1503 672 1663 704 romanus,
1685 672 1724 695 ex
1741 666 1827 706 patre
1842 658 1924 694 Con-

1174 712 1324 752 stantino,
1340 711 1492 758 Stephani
1520 711 1559 754 lt,
1579 709 1828 757 praedecessoris
1849 721 1928 755 pon-

1175 761 1267 795 tilicis
1288 773 1458 806 gitti-manus
1480 760 1583 800 frater,
1607 771 1643 793 ex
1666 759 1801 793 diacono
1823 758 1857 792 S.
1885 757 1925 792 R.

1176 811 1211 844 ti.
1234 818 1437 845 consecratus
1464 817 1510 844 est
1539 808 1677 856 pontifex
1697 809 1747 842 ilie
1764 807 1923 843 dominica

1175 862 1219 893 29
1255 860 1372 894 mensis
1412 859 1483 892 maii
1527 871 1609 893 anuo
1646 860 1726 891 757.
1768 857 1859 892 Sedit
1892 857 1923 890 in

1176 909 1358 955 pontificatu
1389 909 1448 942 sub
1477 908 1684 943 Constantino
1719 906 1924 954 Copronymo

1175 959 1249 1005 imp.
1280 970 1379 992 annos
1405 970 1437 1002 x,
1460 970 1601 992 mensem
1629 969 1651 991 1.
1683 956 1770 991 Fecit
1793 955 1924 990 ordina-

1173 1009 1289 1042 tionem
1327 1019 1422 1041 unam
1458 1006 1713 1054 presbyterorum
1741 1005 1923 1044 duodecim,

1174 1057 1378 1092 diaconorum
1415 1056 1576 1095 duorum,
1609 1056 1833 1102 episcoporum
1871 1067 1926 1101 per

1174 1107 1294 1142 diversa
1318 1107 1383 1141 loca
1407 1107 1512 1140 trium.
1549 1105 1636 1140 Obiit
1661 1105 1699 1139 ad
1722 1104 1756 1139 S.
1789 1103 1924 1139 Paulum

1173 1156 1223 1190 die
1246 1159 1291 1191 28
1321 1156 1438 1190 mensis
1473 1155 1549 1189 iunii
1577 1167 1659 1189 anuo
1683 1155 1774 1195 7ss7;
1802 1162 1832 1188 et
1854 1154 1921 1200 pri-

1175 1218 1244 1239 mus
1272 1207 1301 1239 in
1325 1205 1453 1239 basilica
1475 1205 1509 1239 S.
1544 1204 1631 1238 Pauli
1659 1203 1784 1250 sepeliri
1811 1215 1845 1237 se
1868 1215 1922 1237 vo—

1175 1255 1242 1296 luit,
1271 1256 1322 1289 ubi
1346 1255 1409 1289 sere
1434 1255 1528 1288 trium
1551 1253 1706 1289 mensium
1726 1252 1826 1299 spatio
1851 1252 1922 1286 eius

1175 1305 1371 1339 inhumatum
1403 1303 1572 1351 permansit
1593 1303 1701 1337 funus:
1720 1301 1921 1349 postmodum

1175 1355 1205 1388 in
1229 1354 1414 1389 Vaticanum
1438 1353 1621 1388 translatum
1645 1360 1704 1395 est,
1730 1359 1762 1386 et
1790 1351 1821 1385 in
1853 1362 1925 1385 ora-

1176 1405 1267 1445 torio,
1283 1404 1366 1451 quod
1397 1404 1463 1450 ipse
1486 1402 1603 1437 Paulus
1625 1414 1722 1449 prope
1743 1400 1839 1435 altare
1856 1412 1925 1434 ma-

1176 1453 1223 1487 ius
1256 1462 1416 1493 erexerat,
1452 1452 1625 1487 eonditum,
1668 1450 1795 1485 Vacavit
1833 1449 1925 1484 sedes

1175 1516 1292 1537 annum
1317 1516 1339 1547 i,
1364 1510 1394 1537 et
1422 1513 1562 1536 mensem
1591 1514 1612 1535 i.

1225 1552 1371 1587 Schisma
1411 1552 1615 1586 undecimum
1651 1550 1682 1583 in
1710 1548 1854 1584 Ecclesia
1875 1560 1927 1583 ro-

1179 1615 1281 1637 mana.

1226 1652 1343 1686 Paulus
1372 1663 1449 1698 papa
1491 1650 1522 1684 in
1556 1648 1753 1695 aegritudine
1789 1647 1922 1695 positus,

1176 1715 1248 1736 cum
1283 1700 1424 1735 nondum
1467 1699 1609 1745 spiritum
1648 1698 1817 1738 exhalaret,
1843 1697 1924 1732 Toto

1176 1751 1302 1797 quidam
1348 1751 1412 1783 dux
1459 1749 1634 1795 Nepesinae
1681 1747 1814 1782 civitatis
1852 1759 1924 1780 cuin

1177 1801 1302 1834 armatis
1323 1800 1480 1845 germanis
1512 1799 1579 1832 suis
1612 1797 1802 1844 rusticiSsple
1828 1808 1921 1843 quam

1178 1850 1284 1884 multis
1305 1849 1410 1884 subito
1429 1849 1552 1883 fratrem
1569 1860 1661 1881 snum
1678 1847 1924 1881 Constantinum

1179 1900 1336 1934 hominem
1365 1899 1479 1933 laicum
1501 1898 1685 1932 existentem
1722 1908 1776 1943 pei·
1798 1895 1859 1930 vim
1895 1895 1925 1929 in

1179 1949 1370 1994 pontificiam
1399 1948 1504 1982 sedem
1542 1946 1678 1989 intrusit,
1712 1953 1928 1992 occupatoque

1179 1998 1378 2032 lniteranensi
1408 1997 1607 2044 patriarchio,
1636 1996 1706 2029 l'ecit
1729 2006 1785 2041 per
1802 1994 1927 2040 Grego-

1178 2048 1259 2082 rium
1282 2048 1521 2082 Praenestinum
1560 2046 1756 2092 episcopum,
1783 2044 1856 2079 lieet
1879 2056 1928 2078 re-

1179 2098 1360 2140 luctantem,
1384 2097 1414 2130 in
1447 2096 1597 2130 clericum
1624 2093 1791 2134 tonsurari,
1820 2106 1836 2128 a
1864 2105 1927 2140 quo

1179 2148 1273 2181 altera
1300 2147 1351 2180 ‹lie
1384 2145 1613 2183 subdiaconus,
1647 2153 1741 2190 atque
1773 2143 1928 2178 diaconus

1180 2205 1285 2231 contra
1308 2205 1486 2229 sanctorum
1505 2206 1661 2228 canonum
1686 2200 1825 2227 instituta
1847 2204 1927 2227 con-

1180 2254 1319 2280 secratus
1347 2253 1410 2279 est:
1434 2246 1544 2290 sieque
1570 2244 1752 2277 uuiversum
1776 2242 1928 2289 populum

1180 2295 1237 2330 sihi
1261 2301 1491 2329 sacramentum
1517 2293 1666 2340 praebere
1695 2292 1779 2335 fecit,
1817 2299 1848 2326 et
1876 2303 1930 2338 per

1181 2345 1253 2379 anni
1282 2345 1429 2390 spatium,
1464 2351 1494 2377 et
1523 2354 1662 2377 mensem
1698 2354 1794 2375 unum
1823 2340 1929 2376 sedem

1182 2394 1382 2441 apostolicam
1424 2394 1561 2427 invasam
1590 2391 1734 2426 detinuit.
1769 2392 1849 2432 Quo,
1875 2403 1930 2425 ex-

1184 2445 1284 2490 pulso,
1307 2443 1487 2489 Philippum
1523 2441 1689 2488 quenulam
1715 2440 1929 2488 presbyterum

1183 2493 1397 2539 Waldipertus
1421 2491 1580 2538 presbyter
1612 2490 1718 2536 elegit,
1745 2489 1797 2537 qui
1825 2497 1930 2524 tamen

1183 2543 1293 2578 eodem
1320 2542 1371 2575 die
1398 2541 1434 2575 ad
1458 2540 1680 2575 monasterinm
1704 2552 1796 2574 suum
1818 2538 1852 2573 S.
1863 2538 1927 2573 Viti

1183 2593 1283 2627 redire
1310 2599 1436 2625 coaetus
1463 2598 1521 2633 est,
1544 2602 1580 2624 ac
1607 2590 1726 2623 electus
1747 2588 1931 2635 Stephanus

1183 2641 1336 2689 pontifex:
1367 2652 1424 2674 nec
1451 2640 1547 2674 multo
1571 2647 1637 2685 post
1653 2638 1740 2672 multi
1762 2650 1798 2672 ex
1821 2649 1926 2672 arma-

1183 2692 1220 2726 tis
1245 2690 1440 2727 Constantini
1459 2697 1609 2725 eruerunt.
1626 2689 1655 2723 ei
1676 2688 1798 2729 oculos,
1812 2694 1842 2722 et
1857 2697 1926 2721 eae-
