2237 3127
468 264 541 314 693
563 274 568 275 ⁷
1013 284 1203 308 nummum
1228 283 1394 307 notamur!

516 345 710 382 confirmatis
731 344 823 379 bonis
845 344 911 379 eius
934 343 1095 384 omnibus,
1114 343 1173 377 sub
1191 343 1384 390 protectione
1406 342 1542 378 Sanctae
1563 342 1656 378 Sedis
1679 343 1838 390 recipitur,
1859 347 1963 381 567a

514 403 545 430 et
572 398 603 433 b,
634 407 692 428 nec
714 406 775 428 non
797 406 864 438 seq.
1014 438 1018 440 Π

418 444 551 480 Turolth
575 444 800 477 monasterium
827 442 866 477 ab
899 440 1133 487 Hamburgensi
1162 440 1299 475 Ecclesia
1331 440 1521 486 disiungitur
1546 452 1562 476 a
1596 441 1728 476 Nicolao
1751 442 1760 475 l
1784 442 1862 486 PP.‚
1890 444 1963 478 505

516 505 536 527 a
562 500 592 527 et
617 504 677 536 seq.

418 542 612 578 Turonensis
635 540 774 575 Ecclesia
791 539 1024 587 privilegiorum
1046 551 1177 574 suorum
1194 538 1463 574 confirmationem
1485 538 1605 574 obtinet
1628 550 1645 573 a
1663 538 1779 574 Ioanne
1792 539 1864 574 VIII
1880 539 1962 582 ΡΡ.,

518 592 588 625 559
610 591 627 624 b
655 598 686 624 et
711 603 771 635 seq.

1174 685 1212 727 U

419 772 588 809 Uldaricus
609 771 811 806 canonizatur
827 783 843 805 a
865 770 981 806 Ioanne
1002 770 1062 806 XV
1082 770 1159 811 ΡΡ.,
1181 773 1225 805 4.
1218 774 1252 805 9
1271 772 1300 805 b

420 820 616 868 Urgellensis
640 820 778 855 Ecclesia
797 819 1068 855 confirmationem
1095 819 1269 860 bonorum
1293 819 1529 866 privilegiorum
1556 819 1715 859 omnium,
1738 827 1768 853 et
1797 818 1970 866 privilegia.

521 870 618 904 multa
642 882 697 914 pro
719 870 876 916 episcopis
911 869 977 903 suis
1003 869 1123 903 obtinet
1152 869 1190 903 ab
1218 868 1359 916 Agapeto
1387 869 1415 903 Il
1438 869 1512 907 PP.,
1537 870 1606 902 409.
1629 871 1645 900 b
1667 877 1695 902 et
1718 881 1776 914 seq.
1801 869 1829 903 Α
1854 868 1962 903 Bene-

519 920 602 954 dicto
623 919 693 953 Vllt
717 919 778 952 PP.
799 927 904 952 autem
926 918 1186 965 archiepiscopali
1206 918 1360 964 dignitate
1378 927 1558 956 exornatur,
1580 922 1649 952 510
1667 919 1695 951 b.

423 967 525 1004 Usura
553 968 730 1003 christianis
753 967 858 1002 illicita
879 967 1056 1002 declaratur
1076 980 1091 1002 a
1114 967 1221 1003 Leone
1244 966 1360 1014 Magno
1382 966 1459 1008 ΡΡ.,
1482 969 1526 1000 47
1551 968 1579 1001 b.

1107 1061 1202 1101 vet
1228 1061 1286 1102 W

426 1148 586 1184 Valentina
607 1147 747 1182 Ecclesia
769 1146 941 1182 Viennensi
961 1147 1156 1194 suffraganea
1179 1147 1369 1192 declaratur,
1394 1149 1463 1182 550
1491 1161 1522 1182 a.

423 1197 575 1233 Vaticana
599 1197 724 1231 basilica
747 1197 883 1243 diploma
907 1198 1026 1232 obtinet
1048 1209 1065 1232 a
1087 1197 1193 1231 Leone
1217 1197 1261 1231 IX
1280 1196 1344 1231 PP.
1368 1197 1406 1231 de
1433 1196 1638 1232 concessione
1668 1196 1810 1232 decimae
1833 1197 1969 1233 oblatio-

523 1258 598 1280 num
621 1246 649 1279 ei
672 1245 748 1280 sacta
771 1246 809 1280 ab
831 1246 941 1280 eodem
964 1246 1097 1281 Summo
1120 1246 1293 1286 pontefice
1322 1248 1387 1280 591
1411 1248 1428 1280 b
1450 1254 1480 1280 et
1501 1259 1560 1291 seq.

425 1295 631 1330 Vedastinnm
655 1295 878 1329 monasterium
906 1296 1176 1329 conliimitionem
1201 1295 1405 1329 (lonitionum
1434 1296 1460 1329 ei
1490 1295 1640 1330 factarum
1677 1307 1693 1329 a
1730 1294 1845 1329 Cat-010
1872 1294 1970 1330 Calvo

524 1344 710 1389 imperatore
731 1344 851 1378 obtinet
869 1357 885 1378 a
908 1344 1023 1378 Ioanne
1044 1344 1115 1379 VIII
1138 1344 1215 1388 PP.
1239 1347 1307 1378 554
1331 1347 1348 1378 b
1371 1352 1402 1378 et
1420 1356 1478 1389 seq.

427 1393 539 1429 Vicarii
562 1393 655 1428 Sedis
678 1392 905 1439 Apostolicae
899 1406 947 1427 ius
970 1393 1083 1427 habeut
1106 1405 1201 1440 supra
1225 1393 1553 1440 inetropolitanos,-18
1576 1394 1593 1426 b
1616 1400 1646 1426 et
1669 1394 1714 1426 49
1737 1405 1766 1426 a.
1791 1391 1970 1439 Episcopo-

530 1455 598 1477 rum
622 1454 735 1476 causae
762 1454 816 1489 per
838 1454 892 1476 cos
919 1442 1061 1477 adhibito
1083 1451 1278 1477 caeterorum
1307 1455 1463 1477 consensu
1487 1450 1559 1475 sunt
1586 1440 1815 1482 discutiendae,
1841 1444 1910 1476 149
1940 1445 1970 1477 b.

525 1492 773 1527 Constituantur
796 1500 826 1526 ut
849 1499 1053 1525 conservetur
1078 1504 1134 1538 pax
1157 1492 1185 1524 in
1209 1492 1371 1531 Ecclesiis,
1398 1493 1467 1525 155
1489 1493 1516 1524 b.
1540 1490 1628 1532 Quae
1651 1502 1760 1524 eorum
1784 1491 1846 1524 sint
1869 1491 1969 1526 faent-

527 1550 614 1581 tates‚
640 1543 708 1574 195
731 1553 751 1574 α
772 1548 801 1574 6ῑ
824 1543 894 1574 289
917 1554 946 1574 α.
970 1540 1156 1575 Obcdicntia
1184 1541 1300 1574 eisdem
1326 1540 1522 1586 praestanda,
1555 1541 1630 1574 ibid.
1662 1539 1903 1586 Appellationes
1935 1541 1973 1576 ad

525 1590 641 1625 Sedem
666 1589 878 1636 Apostolicam
908 1590 997 1636 prius
1019 1590 1057 1624 ab
1084 1590 1129 1623 eis
1152 1589 1401 1635 cognoscendae,
1424 1591 1500 1623 ibid.
1522 1590 1599 1623 Sine
1620 1600 1730 1623 eorum
1753 1588 1879 1624 licentia
1904 1590 1974 1638 epi-

527 1639 613 1685 scopi
635 1651 651 1673 a
676 1639 800 1685 propria
822 1639 956 1674 dioecesi
977 1638 1099 1673 discere
1122 1650 1183 1673 nou
1208 1640 1291 1677 licet,
1316 1643 1380 1673 551
1408 1651 1439 1672 a.

428 1689 563 1724 Victoris
575 1688 631 1732 (S.)
647 1689 871 1722 monasterium
885 1701 901 1722 3
916 1688 1106 1734 Berengario
1118 1688 1266 1734 episcopo
1276 1687 1476 1722 Virdunense
1492 1686 1640 1721 fundatur
1653 1694 1683 1721 et
1697 1686 1843 1726 donatur,
1853 1689 1922 1722 427
1933 1701 1964 1723 a.

428 1738 551 1773 Viduae
579 1749 640 1771 non
674 1745 746 1771 sunt
777 1737 937 1779 velandae,
967 1739 1036 1771 ι104
1070 1739 1098 1771 b.
1126 1736 1326 1783 Propositum
1353 1736 1503 1771 castitatis
1531 1747 1592 1769 non
1628 1744 1789 1770 servantes
1823 1745 1966 1783 peccant,

533 1788 601 1821 105
624 1788 641 1820 b
663 1794 693 1820 et
717 1788 784 1821 150
808 1788 836 1820 b.

429 1836 621 1871 Viennensis
643 1835 782 1869 Ecclesia
815 1835 1058 1880 assignationem
1090 1834 1221 1868 limitum
1245 1834 1337 1868 habet
1359 1846 1375 1868 a
1401 1833 1508 1868 Leone
1532 1832 1663 1880 Magno,
1701 1837 1744 1867 75
1771 1835 1799 1868 b.
1827 1833 1972 1876 Quatuor

530 1885 672 1920 civitates
702 1884 912 1918 subiiciuntur
932 1884 960 1918 ei
984 1884 1022 1918 ab
1044 1883 1156 1918 eodem
1179 1883 1351 1926 Pontifice,
1384 1885 1458 1917 ibid.
1491 1882 1704 1917 Confirmatur
1725 1883 1752 1917 ei
1776 1884 1936 1930 provincia
1957 1897 1974 1920 a

532 1934 638 1968 Leone
665 1933 677 1967 I
699 1933 761 1967 ΡΡ.
791 1934 959 1968 constituta
982 1945 998 1967 a
1025 1932 1059 1967 S.
1087 1932 1278 1980 Symmacho
1302 1932 1375 1975 ΡΡ.,
1400 1934 1461 1965 ’151
1491 1944 1511 1966 α
1537 1939 1567 1966 6ῑ
1588 1934 1616 1966 b.

434 1983 571 2030 vigilius
593 1983 763 2028 episcopus
784 1982 976 2017 Arelatensis
991 1994 1007 2016 a
1021 1981 1176 2028 Gregorio
1197 1981 1211 2015 I
1234 1981 1293 2015 PP.
1311 1981 1486 2015 declaratur
1507 1980 1600 2015 Sedis
1621 1979 1822 2027 Apostolicae
1840 1981 1975 2018 vicarius

535 2033 566 2066 in
591 2043 686 2078 regno
719 2031 914 2066 Clnldeberti
949 2031 1079 2066 iunioris
1113 2031 1343 2064 Austratiorum
1375 2030 1473 2075 regis,
1506 2032 1576 2064 165
1603 2032 1631 2064 b.
1663 2030 1760 2064 Pallio
1793 2031 1974 2073 decoratur,

539 2082 606 2114 165
629 2094 659 2115 a.
685 2079 966 2115 Confirmationem
991 2080 1224 2127 privilegiorum
1247 2079 1422 2114 Arelatensi
1444 2080 1634 2113 monasterio
1655 2079 1775 2114 obtinet
1796 2080 1835 2114 ab
1858 2080 1971 2115 eodem

534 2130 699 2169 Ponfifice,
725 2131 793 2164 170
816 2143 835 2164 a
857 2138 887 2164 et
909 2131 937 2164 b.

435 2179 591 2214 Vincentii
615 2178 672 2222 (S.)
695 2179 840 2226 martyris
862 2178 1087 2213 monasterium
1111 2176 1230 2212 ordinis
1251 2176 1286 2212 S.
1310 2176 1472 2212 Benedicti
1495 2176 1646 2211 Metensis
1673 2176 1828 2212 dioecesis
1860 2177 1979 2212 confir-

536 2229 703 2262 mationem
739 2228 907 2262 erectionis
933 2239 1008 2262 suae
1042 2236 1072 2262 et
1104 2227 1260 2261 honorum
1292 2238 1421 2260 suorum
1455 2226 1573 2261 obtinet
1599 2238 1616 2260 a
1644 2225 1760 2261 Ioanne
1791 2226 1864 2261 XIII
1892 2226 1980 2272 ΡΡ.,

536 2279 609 2311 423
631 2278 648 2310 b
674 2284 703 2310 et
725 2289 784 2321 seq.

438 2325 646 2360 Virdunensis
673 2324 812 2359 Ecclesia
834 2325 953 2360 obtinet
977 2337 992 2359 3
1014 2325 1120 2359 Leone
1143 2324 1189 2359 lx
1212 2324 1274 2359 ΡΡ.
1299 2323 1497 2370 privilegium
1513 2336 1575 2371 quo
1597 2324 1758 2359 canonicis
1781 2324 1850 2359 eius
1871 2336 1983 2360 omues

539 2374 756 2421 possessiones
777 2386 886 2408 eornm
909 2375 1148 2417 confirmantur„
1172 2376 1243 2408 588
1266 2386 1285 2408 α
1307 2381 1337 2408 et
1363 2386 1422 2418 seq.

439 2423 586 2470 Virgines
608 2423 735 2470 quando
759 2423 919 2468 velandae,
946 2425 1014 2457 104
1037 2436 1068 2457 α.
1090 2422 1122 2457 Si
1146 2423 1371 2457 continentiam
1393 2423 1456 2456 sint
1479 2422 1647 2468 professae,
1671 2423 1790 2458 nubere
1819 2434 1881 2457 non
1905 2434 1981 2470 pos-

540 2482 626 2513 sunt,
652 2475 719 2507 150
742 2474 770 2506 b.

441 2520 566 2556 Vitonis
586 2521 643 2565 (S.)
663 2520 863 2556 Virdunense
885 2521 1111 2556 monasterium
1135 2521 1404 2555 confirmationem
1428 2519 1633 2555 institutionis
1653 2532 1740 2565 suae,
1763 2520 1920 2556 bonorum
1942 2532 1980 2557 ac

544 2570 776 2618 privilegiorum
799 2570 942 2605 omnium
969 2569 1089 2605 obtinet
1114 2583 1132 2605 3
1153 2570 1270 2604 Ioanne
1292 2569 1368 2604 XIII
1390 2569 1466 2612 PP.7
1491 2572 1562 2604 426
1584 2571 1602 2604 b
1623 2577 1653 2604 et
1673 2582 1733 2614 seq.

446 2618 655 2654 Vizeliacense
678 2620 900 2653 monasterium
925 2620 1196 2654 confirmationem
1225 2618 1418 2653 fundationis
1447 2630 1522 2653 suae
1542 2627 1571 2653 et
1602 2618 1759 2664 privilegia
1782 2619 1879 2653 multa
1902 2618 1986 2653 obti-

544 2676 597 2704 net
622 2680 639 2703 a
660 2668 788 2704 Nicolao
814 2668 842 2703 II
863 2668 940 2714 ΡΡ.,
963 2670 1034 2703 506
1056 2671 1073 2703 b
1095 2676 1126 2702 et
1146 2681 1206 2716 seq.
1229 2668 1257 2702 Α
1280 2667 1453 2704 Benedicto
1474 2676 1579 2705 autem
1601 2667 1644 2702 vl
1664 2667 1728 2702 ΡΡ.
1756 2667 1985 2706 confirmantur
