2237 3127
203 258 256 287 An.
278 255 306 285 C.
333 255 382 284 451

241 1147 379 1170 Pruoemiuiu.

243 1559 309 1579 Causa
343 1556 394 1579 tinec

213 1593 234 1614 iii
251 1591 339 1622 Syiiodo
358 1601 394 1613 ro-

214 1629 281 1658 galla.

461 254 507 287 74

411 393 553 427 Decernit
573 403 637 431 eos,
659 390 714 435 qui
726 400 740 422 e
761 386 934 431 captivitate
951 388 1154 425 ret-ertantur,

457 444 485 476 si
514 454 545 476 se
576 441 746 485 baptizatos
770 435 971 481 probabiliter
997 433 1154 477 iqnorent,

457 503 519 524 non
539 492 643 524 debere
665 488 814 532 baptismo
833 483 1002 529 prohiberi:
1021 483 1059 515 ab
1081 481 1156 513 hae-

457 541 556 574 reticis
578 550 647 572 vero
669 538 839 582 baptizatos
858 545 912 578 per
933 543 1042 568 manus
1062 531 1158 574 impo-

456 590 595 623 sitionem
618 599 677 622 esse
699 588 738 620 ab
761 584 899 619 Ecclesia
920 581 1115 627 recipiendos.

679 656 893 691 SUMMARIUM

413 728 602 759 Prooemium.
621 743 661 749 -
682 727 706 756 1.
729 724 821 755 Causa
839 723 911 753 haec
930 722 960 751 in
977 719 1094 759 Synodo
1112 728 1160 749 co-

451 769 539 807 gnita.
565 784 606 789 —
626 766 681 802 Qui
707 766 801 795 nescit
832 773 862 793 se
887 762 1082 801 baptizatum,
1104 768 1158 788 nec

452 808 539 838 habet
557 807 676 837 alterius
691 805 726 835 de
750 806 804 834 lioc
822 801 1032 837 testimonium,
1054 799 1160 838 rebap-

452 848 585 878 tizandus
602 851 654 876 est.
669 862 709 868 —
722 844 905 884 Baptismum
920 850 987 871 vero
1001 840 1048 870 bis
1064 839 1161 869 scien-

452 893 496 918 ter
517 887 635 922 subire,
658 884 835 923 inexpiabile
857 887 902 912 est
923 881 1048 910 facinus.
1068 896 1108 901 —
1128 878 1160 908 ln

453 927 622 958 huiusmodi
645 925 764 955 casibus
786 924 872 961 longo
904 921 1034 951 examine
1060 920 1162 949 discu-

451 968 584 998 tiendum
599 966 680 1006 prius
697 969 750 995 est.
762 980 802 986 —
815 963 843 993 Ξ.
858 962 901 992 Ab
918 960 1073 992 haereticis
1091 959 1162 998 bap-

454 1008 532 1038 tizati
554 1015 612 1036 non
635 1010 703 1035 sunt
724 1002 928 1042 regenerandi.

416 1079 464 1107 Leo
484 1077 624 1114 episeopus
642 1075 719 1105 Leoni
738 1074 860 1111 episcopo
875 1071 1024 1102 Ravennati
1036 1071 1162 1100 salutem.

463 1144 659 1192 Frequenter
681 1142 808 1190 quidem
831 1141 861 1175 in
885 1140 1078 1175 diversarum
1101 1151 1164 1173 am-

417 1194 512 1241 biguo
551 1193 772 1240 quaestionum
813 1189 993 1225 tribulantia
1035 1188 1163 1223 fratrum

419 1243 528 1285 corda,
557 1242 669 1290 spiritu
704 1241 762 1276 Dei
800 1241 990 1282 instruente,
1017 1237 1165 1273 solidavi-

421 1305 512 1334 mus,
540 1291 754 1339 responsionis
782 1290 911 1325 formam
939 1288 986 1323 vel
1021 1300 1058 1322 ex
1090 1299 1165 1321 san-

420 1351 539 1377 ctarum
566 1341 791 1388 seripturarum
819 1337 1010 1386 disciplinis,
1045 1337 1090 1372 vel
1124 1349 1166 1371 ex

422 1392 549 1427 Patrum
571 1391 688 1437 regulis
710 1389 910 1435 colligentes,
933 1387 987 1422 sed
1011 1399 1110 1434 nuper
1132 1386 1164 1420 in

421 1441 549 1489 Synodo
571 1452 687 1475 novum
706 1448 736 1474 et
757 1438 931 1474 inauditum
954 1444 1044 1472 antea
1066 1448 1167 1482 genus
1187 1456 1189 1460 ·

421 1490 661 1526 consultationis
681 1497 824 1524 exortum
852 1495 908 1522 est.

474 1539 593 1574 1.Nam
609 1538 807 1586 quorundam
824 1537 951 1571 fratrum
966 1534 1167 1582 suggestione

423 1589 647 1637 comperimus,
666 1588 788 1635 aliquos
806 1586 999 1633 captivorum
1022 1584 1060 1619 ad
1079 1584 1169 1619 sedes

424 1651 513 1680 suas,
541 1638 780 1684 libertatemque
809 1636 976 1671 redeuntes
1011 1634 1083 1681 (qui
1112 1633 1171 1668 sci-

426 1689 496 1723 licet
517 1688 549 1723 in
577 1687 785 1735 captivitatem
814 1685 863 1720 illa
892 1693 990 1719 aetate
1016 1695 1170 1731 pervene-

426 1739 509 1779 rint,
542 1749 622 1785 quae
658 1736 775 1771 nullius
814 1736 856 1770 rei
891 1734 1013 1769 firmam
1053 1740 1172 1779 poterat

427 1787 541 1822 habere
562 1786 734 1830 notitiam),
758 1784 931 1820 remedium
956 1783 1083 1831 quidem
1112 1782 1172 1816 im-

428 1837 550 1884 plorare
567 1835 727 1883 baptismi.
747 1834 809 1869 Sed
829 1842 932 1869 utrum
952 1832 1092 1868 eiusdem
1109 1844 1173 1879 my-

429 1885 512 1921 sterii
536 1893 606 1920 ante
627 1892 820 1920 sacramenta
846 1883 1052 1930 perceperint,
1076 1881 1175 1916 infan-

430 1943 490 1970 tiae
512 1943 675 1970 inscientia
698 1946 759 1969 non
787 1945 879 1981 posse
901 1945 934 1967 se
957 1943 1126 1973 reminisci,
1145 1938 1176 1965 et

431 1985 500 2019 ideo
515 1984 575 2019 sub
592 1984 652 2019 hoc
666 1983 788 2019 latentis
802 1981 1028 2017 reeordationis
1045 1981 1174 2021 incerto,

430 2035 550 2068 animas
582 2046 655 2068 suas
688 2033 718 2068 in
746 2032 914 2067 discrimen
937 2030 1066 2071 adduci,
1100 2029 1175 2064 dum

432 2083 489 2118 sub
510 2083 616 2131 specie
643 2082 796 2118 cautionis
824 2089 955 2128 negatur
988 2080 1036 2114 liis
1061 2079 1176 2126 gratia,

433 2144 512 2179 quae
539 2132 608 2167 ideo
630 2145 693 2167 non
716 2131 925 2179 impenditur,
954 2130 1026 2177 quia
1052 2136 1178 2175 putatur

434 2183 584 2228 impensa.
607 2181 687 2216 Cum
713 2181 817 2228 itaque
835 2180 973 2215 tribuere
994 2179 1108 2214 talibus
1126 2178 1179 2212 do-

435 2243 540 2266 minici
555 2239 748 2265 sacramenta
765 2230 921 2277 mysterii,
940 2241 1003 2264 non
1019 2228 1178 2263 immerito

436 2280 645 2328 quorumdam
678 2279 806 2314 fratrum
842 2279 976 2314 formido
1002 2277 1179 2319 dubitaret,

437 2330 467 2364 iu
486 2329 628 2378 synodali
645 2331 690 2373 (ut
708 2329 853 2372 diximus)
867 2337 957 2363 coetu
976 2327 1107 2362 formam
1124 2326 1181 2360 hu-

439 2379 612 2414 iuscemodi
628 2378 865 2414 consultationis
876 2377 1066 2424 accepimus,
1086 2388 1179 2423 quam

438 2428 620 2475 diligentius
642 2428 774 2472 discuti,
795 2435 826 2462 et
853 2439 909 2474 pro
932 2426 1182 2472 uniuscuiusque

438 2490 533 2513 sensu
558 2477 681 2513 solicita
706 2476 863 2512 voluimus
889 2476 1008 2511 ratione
1036 2475 1182 2515 tractari,

439 2539 502 2573 quo
537 2526 578 2562 ad
610 2527 795 2571 veritatem,
828 2525 966 2561 adhibita
1005 2524 1184 2571 cognitione

442 2576 631 2617 multorum,
665 2576 780 2611 certius
811 2575 974 2623 pervenire
1008 2586 1182 2622 possemus.

443 2624 560 2660 Eadem
594 2637 681 2674 ergo,
708 2637 788 2673 quae
822 2625 854 2660 in
887 2636 1015 2661 sensum
1043 2631 1185 2659 nostrum

515 2716 587 2734 1³*ss

1020 250 1210 276 BULLAleu
1237 249 1329 272 ROMA
1334 248 1402 272 Nm!

1198 303 1301 337 divina
1337 299 1539 347 inspiratione
1576 305 1754 340 venerunt,
1794 297 1943 346 frequens

1197 352 1290 386 etiam
1309 350 1438 385 fratrum
1461 348 1594 383 firmavit
1616 348 1762 383 assentio.
1781 347 1815 382 In
1831 348 1942 395 primis

1197 400 1303 447 itaque
1326 398 1489 447 providere
1512 397 1682 437 debemus,
1705 409 1744 431 ne
1765 396 1841 431 dum
1866 409 1943 444 spe-

1197 451 1277 485 ciem
1299 448 1467 497 quamdam
1495 447 1647 482 cautionis
1673 454 1829 487 tenemus,
1851 445 1944 480 dam-

1199 512 1275 534 num
1302 497 1586 545 regenerandarum
1614 495 1791 530 incidamus
1817 495 1944 529 anima-

1200 561 1280 583 rum.
1311 548 1390 589 Quis
1416 547 1501 582 enim
1529 546 1569 580 ita
1605 546 1644 580 sit
1677 543 1945 591 suspicationibus

1199 598 1265 633 suis
1279 597 1419 637 deditus,
1440 604 1473 631 ut
1491 607 1599 630 verum
1615 606 1684 629 esse
1700 593 1840 639 definiat,
1859 592 1946 640 quod

1199 647 1285 682 omni
1315 645 1567 681 manifestatione
1601 650 1764 684 cessante,
1801 655 1838 677 ex
1873 641 1947 689 opi-

1201 697 1294 732 nione
1326 695 1474 742 ambigua
1509 693 1708 741 suspicatur?
1733 691 1813 727 Cum
1841 691 1946 738 itaque

1201 746 1390 793 baptizatum
1427 758 1459 780 se
1493 756 1552 779 nec
1581 743 1633 778 ille
1660 741 1858 782 recordetur,
1891 740 1946 788 qui

1201 794 1449 842 regenerationis
1475 803 1521 829 est
1542 792 1694 840 cupidus,
1717 803 1775 826 nec
1801 790 1877 826 alter
1897 798 1946 825 at-

1204 845 1305 880 testari
1334 844 1373 879 de
1400 856 1436 879 eo
1467 842 1581 891 possit,
1615 841 1701 889 quod
1724 841 1841 876 nesciat
1866 851 1948 874 con-

1203 903 1376 935 secratiim3
1403 893 1479 928 nihil
1502 900 1549 928 est
1574 904 1637 939 quo
1659 898 1821 938 peccatum
1848 889 1948 936 possit

1204 944 1366 991 obrepere,
1394 955 1465 978 cum
1488 942 1519 977 in
1542 942 1599 976 liac
1626 948 1713 988 parte
1737 938 1948 974 conscientiae

1204 1006 1278 1028 suae
1299 1005 1357 1028 nec
1384 992 1434 1027 ille
1457 1004 1528 1027 reus
1554 991 1612 1031 sit,
1646 990 1698 1037 qui
1726 994 1947 1029 consecratur,

1205 1055 1263 1078 nec
1284 1042 1334 1077 ille
1352 1042 1406 1090 qui
1421 1048 1582 1076 consecrat
1604 1043 1659 1084 (1).
1679 1039 1806 1074 Scimus
1820 1036 1949 1086 quidem

1206 1091 1394 1139 inexpiabile
1428 1103 1497 1126 esse
1529 1090 1671 1129 facinus,
1709 1088 1831 1135 quoties
1864 1087 1948 1121 iuxta

1205 1141 1432 1176 haereticorum
1456 1140 1601 1175 damnata
1623 1151 1639 1173 a
1667 1137 1783 1173 sanctis
1803 1135 1950 1172 Patribus

1206 1191 1363 1232 instituta,
1387 1190 1509 1236 cogitur
1529 1188 1643 1236 aliquis
1669 1188 1838 1230 lavacrum,
1865 1185 1950 1233 quod

1207 1240 1427 1287 regenerandis
1448 1239 1544 1274 semel
1570 1237 1722 1272 tributum
1749 1244 1812 1277 est,
1834 1235 1884 1270 bis
1899 1247 1951 1269 su·

1206 1289 1290 1331 bire,
1309 1288 1477 1337 apostolica
1497 1287 1684 1323 reclamante
1700 1285 1853 1326 doctrina,
1871 1295 1952 1331 quae

1207 1339 1300 1374 nobis
1321 1351 1416 1373 unam
1439 1337 1597 1385 praedicat
1622 1336 1655 1371 in
1676 1335 1827 1370 Trinitate
1847 1333 1954 1369 deita-

1208 1397 1289 1429 tem,
1312 1400 1406 1423 unam
1430 1388 1461 1422 in
1490 1387 1550 1422 fide
1577 1385 1826 1426 confessionem,
1854 1395 1952 1418 unum

1208 1437 1394 1484 baptismate
1409 1444 1652 1471 sacramentum.
1668 1434 1731 1469 Sed
1750 1434 1782 1469 in
1797 1433 1858 1468 hoc
1876 1432 1954 1468 nihil

1209 1487 1312 1522 simile
1335 1486 1531 1530 formidatur,
1549 1485 1697 1532 quoniam
1719 1496 1782 1518 non
1802 1490 1905 1530 potest
1921 1482 1954 1516 in

1211 1537 1384 1571 iterationis
1406 1536 1524 1571 crimen
1544 1534 1709 1574 devenire,
1731 1532 1815 1580 quod
1838 1531 1956 1566 factam

1211 1599 1279 1621 esse
1299 1586 1429 1620 omnino
1445 1585 1591 1619 nescitur.
1607 1583 1710 1630 Atque
1733 1583 1815 1622 ideo,
1833 1581 1957 1628 quoties

1212 1647 1345 1683 persona
1376 1635 1444 1669 talis
1471 1633 1634 1675 inciderit,
1661 1632 1783 1667 solicita
1817 1631 1954 1679 primum

1212 1685 1442 1719 examinatione
1463 1683 1628 1723 discutite,
1650 1690 1681 1717 et
1702 1682 1796 1727 longo
1818 1689 1959 1728 tempore

1214 1734 1272 1768 nisi
1300 1734 1379 1769 forte
1405 1745 1574 1781 supremus
1600 1732 1672 1767 finis
1694 1731 1877 1771 immineat,
1903 1729 1960 1764 in-

1214 1783 1343 1830 dagate,
1367 1791 1471 1818 utrum
1494 1794 1587 1817 nemo
1608 1781 1647 1816 sit
1670 1781 1810 1828 penitus,
1837 1778 1890 1826 qui
1913 1787 1960 1814 te-

1216 1833 1362 1868 stimonio
1389 1845 1448 1867 suo
1480 1832 1586 1867 iuvare
1620 1831 1720 1878 possit
1751 1828 1960 1876 ignorantiam

1217 1882 1396 1917 nescientis.
1424 1882 1557 1917 Etcum
1585 1879 1757 1915 constiterit
1784 1879 1880 1917 liunc,
1905 1877 1960 1924 qui

1216 1931 1414 1979 baptismatis
1436 1931 1555 1978 indiget
1580 1937 1790 1973 sacramento,
1812 1928 1877 1962 sola
1898 1927 1964 1961 ina-

1216 1981 1297 2016 niter
1319 1981 1499 2028 suspicione
1523 1979 1700 2027 prohiberi,
1721 1977 1849 2013 accedat
1865 1978 1963 2011 inti-e-

1216 2030 1311 2078 pidus
1343 2030 1383 2065 ad
1414 2028 1669 2076 consequendam
1696 2028 1846 2074 gratiam,
1872 2026 1963 2061 cuius

1217 2081 1249 2114 in
1284 2092 1317 2115 se
1344 2079 1466 2114 nullum
1498 2079 1556 2114 scit
1583 2090 1652 2113 esse
1686 2076 1861 2123 vestigium.
1896 2074 1963 2109 Nec

1218 2141 1382 2164 vereamur
1411 2128 1486 2163 huic
1521 2128 1629 2163 salutis
1663 2127 1787 2161 ianuam
1823 2124 1965 2172 aperire,

1219 2191 1311 2226 quam
1339 2190 1510 2225 numquam
1533 2186 1605 2212 ante
1632 2176 1762 2211 docetur
1794 2175 1965 2221 ingressus.

1269 2232 1302 2262 2.
1337 2228 1429 2269 Quod
1462 2228 1485 2261 si
1513 2226 1552 2262 ab
1580 2226 1744 2261 haereticis
1771 2224 1963 2272 baptizatum

1220 2277 1400 2326 quempiam
1415 2276 1509 2311 fuisse
1522 2275 1708 2316 constiterit,
1721 2286 1792 2321 erga
1804 2274 1890 2309 hunc
1903 2271 1968 2307 nut-

1222 2328 1344 2362 latenus
1370 2334 1601 2361 sacramentum
1629 2323 1876 2371 regenerationis
1903 2322 1970 2356 ite-

1224 2384 1319 2412 retur:
1347 2376 1400 2410 sed
1428 2375 1488 2410 lioc
1522 2383 1656 2415 tantum,
1678 2373 1764 2421 quod
1790 2372 1832 2407 ibi
1858 2370 1969 2413 defuit,

1223 2426 1412 2466 conferatur,
1428 2432 1462 2459 ut
1475 2437 1530 2472 per
1548 2424 1761 2471 episcopalem
1786 2432 1899 2456 manus
1912 2420 1971 2455 im-

1225 2475 1413 2523 positionem
1441 2474 1586 2509 virtutem
1607 2473 1715 2509 Sancti
1735 2471 1872 2519 Spiritus
1891 2481 1972 2506 cou-

1226 2532 1386 2572 sequatur.
1414 2523 1517 2566 Quam
1544 2535 1629 2565 rem,
1662 2522 1755 2557 frater
1787 2519 1971 2561 carissime,

1227 2642 1242 2662 c
1262 2598 1353 2662 (pifiDe
1368 2599 1519 2627 coiisecrat.
1537 2598 1605 2626 Dist.
1621 2598 1648 2625 lt.
1660 2597 1726 2624 Cum
1742 2595 1971 2629 §loquebamur-it,

1976 229 2029 258 An.
2051 228 2080 258 C.
2108 228 2155 267 45t

1980 697 2019 724 Qui
2047 697 2117 718 nescit
2141 704 2164 718 se

1996 732 2148 762 baptintum,

1981 776 2022 790 ner
2041 767 2105 790 habi-t
2128 767 2164 789 nl-

1981 805 2049 826 leuius
2073 803 2099 825 dc
2124 803 2165 825 lini:

1997 840 2156 868 testiuiuii'iuni,

1983 875 2152 906 rvluptiznndiis

1982 917 2025 934 est..

2017 1031 2151 1062 Baptismum

1983 1076 2035 1090 veru
2053 1067 2085 1088 bis
2096 1066 2168 1088 scimu-

2009 1108 2043 1125 tui·
2061 1102 2143 1124 subii-e.

1985 1137 2117 1168 inexp-abile
2138 1141 2170 1159 cst

1984 1176 2077 1198 fucinus.

2014 1585 2037 1606 ln
2047 1583 2169 1606 tiuhan-mli

1989 1621 2074 1642 eusitius
2107 1621 2173 1647 lungo

1988 1657 2085 1678 exuimini·
2102 1655 2172 1676 iliau-

1989 1692 2086 1714 tiviiiliirii
2114 1698 2174 1720 pinus

1990 1733 2033 1751 est.

2019 2225 2051 2247 At.
2060 2224 2177 2247 huoi-viteis

1992 2261 2097 2291 bal-[iuti
2135 2267 2177 2280 ιιι-η

1994 2302 2043 2319 sumt
2078 2303 2173 2324 reus-‘itc-

1994 2332 2068 2355 ran-li.
