2237 3127
46 319 97 346 An.
120 319 147 347 C.
174 321 224 348 652

77 408 218 431 Curtii-matio

43 442 160 466 bonorum.

35 1217 133 1240 Libertas
149 1218 220 1241 abba-

35 1258 83 1275 tum
112 1255 133 1277 in
161 1257 221 1284 regi-

35 1292 95 1313 mine
141 1299 219 1314 mona-

35 1327 105 1348 sterit.

658 319 663 321 Α
714 329 740 352 s.
767 326 926 351 nocemus
947 326 970 352 ι,
998 325 1024 347 s.

261 395 291 423 et
321 385 449 433 Legiae.
484 383 688 430 privilegium
728 382 856 430 quidem
882 386 1006 414 sanctae

260 441 455 477 auctoritatis
491 448 641 477 nostrae,
678 436 793 472 nostris
831 434 1007 480 futurisque

261 493 474 542 temporibus,
495 500 669 528 memorato
700 491 770 526 loco
792 488 1005 533 indulgemus,

258 549 442 584 ordinamus
468 556 562 594 atque
591 546 752 581 firmamus
773 543 812 578 de
838 541 1005 576 stabilitate

260 603 361 650 ipsius
393 602 475 646 loci,
501 602 540 636 de
562 599 642 634 villis
667 605 698 632 et
722 594 943 635 facultatibus,
966 593 1005 628 de

259 656 424 701 ecclesiis,
460 663 491 690 et
535 651 738 688 ecclesiarum
774 648 905 683 decimis
938 646 1003 681 sive

259 711 397 754 familia,
429 717 460 744 et
492 708 531 743 de
561 705 817 753 quibuscumque
838 701 1003 748 stipendiis

257 764 436 812 specialiter
468 761 544 796 inibi
571 760 641 794 Deo
669 756 871 792 servientium
899 763 929 790 et
955 767 1004 790 ec-

258 818 372 853 clesiae
385 822 641 852 ornamentorum
655 820 748 858 atque
761 809 1002 844 luminariorum

255 883 291 907 ac
307 870 602 912 matriculariorum,
617 866 790 913 hospitum,
813 871 905 910 atque
921 875 1002 910 pau-

256 936 367 971 perum
384 951 392 966 ,
427 924 512 958 iuxta
539 921 724 969 petitionem
747 918 915 954 charorum
944 930 1002 952 no-

256 985 392 1012 strorum
412 974 784 1025 praecellentissimorum
810 984 919 1018 regum
937 971 1002 1006 Da-

257 1031 378 1078 goberti
406 1039 499 1078 atque
521 1029 576 1064 filii
603 1028 671 1064 eius
698 1026 865 1073 sigeberti,
895 1033 1000 1060 nostra

254 1085 426 1132 apostolica
451 1082 636 1119 auctoritate
664 1080 858 1121 stabilimus,
885 1091 1001 1114 corro-

253 1137 426 1180 boramus,
463 1146 556 1184 atque
603 1135 787 1171 inconvulsa
821 1134 998 1169 statuimus.

255 1191 460 1227 Decrevimus
481 1192 596 1238 itaque,
619 1198 653 1225 ut
678 1190 769 1224 liceat
792 1188 926 1234 regulari
948 1187 1001 1222 ab·

251 1245 315 1281 bati
349 1246 513 1281 Florberto
547 1245 585 1280 ad
609 1256 758 1291 praesens
779 1243 856 1277 inibi
884 1242 997 1276 subro-

249 1308 320 1346 gato
342 1299 390 1334 vel
412 1300 581 1335 constituto
605 1310 621 1333 a
645 1298 708 1332 filio
724 1306 830 1332 nostro
852 1296 998 1330 Amando

254 1362 316 1388 tam
344 1353 427 1400 ipsi,
449 1365 543 1401 quam
565 1352 596 1386 in
623 1352 781 1398 reliquum
810 1350 921 1385 futuris
943 1349 999 1384 ab-

255 1406 380 1442 batibus
406 1407 436 1442 in
465 1407 617 1442 universis
641 1405 826 1441 utilitatibus
853 1404 924 1445 loci,
947 1404 997 1438 di-

254 1461 326 1496 vino
351 1461 473 1506 solatio,
497 1461 538 1495 ita
564 1460 669 1495 omnia
692 1460 872 1506 disponere,
894 1465 924 1492 et
944 1469 997 1492 or-

249 1513 368 1556 dinare,
394 1515 513 1562 absque
548 1514 643 1549 ullius
673 1512 922 1548 contradictione
950 1512 995 1546 vel

248 1568 465 1615 refragatione,
488 1577 521 1604 ut
536 1569 634 1603 libere
657 1567 819 1613 invigilent
840 1565 997 1600 mandatis

246 1621 387 1664 Domini,
409 1623 584 1658 secundum
606 1622 745 1668 regulam
767 1621 801 1656 S.
818 1620 994 1656 Benedicti.

246 1674 281 1710 Si
304 1677 375 1722 quis
401 1689 473 1712 vero
496 1676 598 1724 (quod
620 1689 684 1711 non
707 1679 871 1723 optamus)
895 1683 996 1709 teme-

247 1729 328 1764 rario
355 1742 433 1765 ausu
464 1739 572 1766 contra
594 1730 691 1765 huius
712 1730 812 1765 nostri
840 1729 995 1777 privilegii

245 1783 408 1830 apostolici
430 1784 553 1831 publica
579 1785 693 1832 scripta
716 1796 807 1830 agere
829 1796 996 1831 praesum-

245 1837 363 1883 pserit,
398 1849 488 1872 reum
519 1850 553 1873 se
579 1838 685 1873 divino
718 1838 834 1872 iudicio
861 1837 995 1871 existere

245 1891 284 1926 de
307 1898 482 1938 perpetrata
507 1892 672 1939 iniquitate
700 1899 890 1937 cognoscat,
915 1903 950 1925 ac
978 1903 994 1925 a

245 1945 455 1980 sacratissimo
476 1956 608 1993 corpore
632 1958 668 1980 ac
689 1945 841 1990 sangnine
864 1944 992 1978 Domini

245 1997 468 2045 Redemptoris
494 1999 593 2033 nostri
619 1998 689 2034 Iesu
720 1998 836 2032 Christi
872 1998 993 2032 ali-enus

247 2052 320 2093 fiat,
347 2061 442 2099 atque
476 2052 607 2099 perinde
639 2053 671 2086 in
698 2060 826 2086 aeterno
848 2051 992 2086 examine

247 2106 405 2141 districtae
423 2106 532 2141 ultioni
548 2106 718 2141 subiaceat.
738 2105 870 2140 Cunctis
887 2113 991 2139 autem

243 2160 346 2195 eidem
376 2160 445 2195 loco
477 2161 526 2195 ius
552 2160 749 2195 servantibus
765 2188 772 2200 ,
795 2168 826 2194 et
852 2159 891 2194 de
925 2159 990 2193 suis

244 2214 335 2249 bonis
357 2214 461 2249 locum
490 2214 681 2249 dictantibus
708 2215 748 2249 sit
775 2226 835 2261 pax
863 2213 991 2248 Domini

244 2268 341 2303 nostri
368 2267 438 2302 Iesu
466 2267 595 2310 Christi,
618 2276 773 2316 quatenus
794 2277 823 2303 et
845 2268 897 2302 liic
923 2268 992 2302 sru-

243 2330 329 2356 ctum
363 2321 463 2356 bonae
489 2322 622 2357 actionis
657 2323 824 2370 recipiant,
851 2330 881 2357 et
907 2322 990 2369 apud

243 2376 420 2410 districtum
456 2376 593 2411 iudicem
633 2378 806 2424 praemium
845 2385 990 2412 aeternae

243 2429 330 2477 pacis
368 2429 538 2463 inveniant.
574 2429 732 2477 Scriptum
769 2443 825 2478 per
861 2442 989 2464 manum

242 2483 397 2530 Stephani
430 2483 567 2528 notarii,
589 2492 620 2518 et
642 2485 808 2531 regionarii
836 2492 866 2520 et
891 2483 991 2519 sacri—

243 2537 349 2572 scrinii
372 2537 405 2572 S.
421 2549 569 2573 romanae
590 2538 750 2573 Ecclesiae
772 2538 804 2573 in
826 2550 934 2573 mense
951 2538 989 2573 ia-

244 2591 365 2633 nuario,
388 2591 562 2626 indictione
582 2605 607 2627 11
631 2595 685 2637 (l).
707 2592 823 2628 Datum
854 2605 914 2628 xlv
940 2592 992 2627 ka-

243 2646 351 2680 lendas
373 2646 518 2682 februarii
547 2659 603 2695 per
624 2659 753 2682 manum
770 2646 904 2682 Amantli
920 2648 990 2695 epi-

277 2704 318 2739 (t)
337 2704 405 2739 Lege
420 2711 458 2731 tx.

1047 323 1242 346 vuarinus
1268 323 1280 345 1
1301 322 1350 345 PP.
1679 313 1750 344 207

1049 377 1134 424 scopi
1161 376 1329 424 Theatrapi
1370 384 1495 412 sanctae
1533 374 1619 411 sedis
1645 375 1798 423 apostoli-

1048 438 1103 461 cae
1126 429 1181 470 (l).

1093 483 1154 513 Dat.
1176 483 1223 513 die
1243 483 1278 513 ’19
1300 483 1427 513 ianuarii
1445 492 1521 513 anno
1542 483 1659 513 Domini
1679 483 1756 522 652,

1172 523 1359 562 pontificatus
1382 522 1497 553 Martini
1515 522 1525 552 l
1544 532 1619 553 anno
1638 531 1673 553 11.-

1259 674 1295 724 S.
1331 675 1536 724 EUGENIUS
1571 676 1584 724 l

1301 756 1397 786 PAPA
1419 757 1536 787 Lxxvtl

1092 815 1184 849 Anno
1213 826 1304 849 aerae
1333 815 1447 849 Christi
1469 828 1578 851 comm.
1600 817 1704 852 DCLI
1712 819 1746 853 V.

1045 888 1247 976 Eugenius,
1266 931 1394 966 natione
1417 943 1578 976 romanus,
1600 932 1639 968 de
1661 932 1790 978 regione

1043 980 1144 1026 prima
1166 980 1333 1021 Aventina,
1356 980 1489 1015 clericus
1510 993 1527 1015 a
1541 981 1719 1026 cunabulis,
1733 995 1792 1029 pa-

1043 1036 1088 1063 tre
1101 1029 1285 1069 Rufiniano,
1299 1029 1463 1065 ordinatus
1486 1030 1537 1065 die
1560 1033 1581 1065 8
1602 1031 1791 1078 septembris

1041 1089 1124 1113 anno
1153 1081 1234 1120 654,
1266 1079 1401 1114 Martino
1435 1080 1582 1127 pontifice
1621 1080 1723 1116 adhuc
1762 1081 1794 1116 in

1041 1128 1134 1162 exilio
1156 1129 1304 1167 virente,
1338 1129 1392 1163 sed
1427 1129 1481 1176 qui
1511 1129 1698 1165 electionem
1729 1130 1793 1165 dati

1041 1177 1099 1211 sibi
1121 1177 1313 1212 successoris
1330 1178 1489 1224 probavit3
1512 1179 1593 1214 sedit
1619 1180 1678 1214 sub
1707 1179 1795 1215 Con-

1041 1234 1141 1261 stante
1158 1228 1231 1273 imp.
1250 1239 1349 1261 annos
1361 1240 1396 1268 11,
1411 1240 1536 1263 menses
1549 1241 1597 1273 1x,
1612 1228 1680 1264 dies
1697 1242 1793 1268 xxiv,

1040 1276 1160 1310 scilicet
1178 1277 1217 1311 ab
1238 1276 1434 1312 ordinatione
1457 1287 1599 1325 suscepta
1629 1291 1732 1325 usque
1753 1279 1792 1313 ad

1040 1325 1122 1359 diem
1139 1325 1271 1372 primam
1295 1327 1414 1361 mensis
1429 1326 1506 1361 iunii
1529 1339 1602 1362 ann.
1628 1330 1711 1373 657,
1730 1340 1792 1375 qua

1039 1373 1188 1409 decessit.'
1210 1374 1298 1410 Fecit
1327 1383 1432 1410 autem
1460 1377 1628 1423 episcopos
1650 1389 1707 1424 per
1736 1377 1793 1411 di-

1039 1436 1126 1458 versa
1163 1425 1229 1458 loca
1257 1437 1390 1460 numero
1429 1425 1646 1471 vigintiduos,
1673 1434 1704 1461 et
1740 1439 1794 1462 se-

1039 1472 1144 1518 pultus
1175 1481 1221 1507 est
1260 1473 1296 1507 ad
1320 1474 1452 1509 Beatum
1484 1475 1613 1510 Petrum
1644 1480 1666 1510 4
1694 1489 1794 1511 nonas

1038 1521 1127 1557 iunii.
1143 1521 1270 1557 Vacavit
1287 1523 1381 1558 sedes
1396 1535 1538 1559 mensem
1551 1537 1575 1567 1,
1588 1524 1620 1559 d.
1635 1537 1722 1561 xxlx
1734 1529 1789 1571 (2).

1221 1689 1257 1739 S.
1298 1691 1552 1741 VlTALlANUS
1587 1693 1602 1741 l

1293 1773 1388 1803 PAPA
1408 1774 1537 1804 LXXVIII

1085 1831 1178 1865 Anno
1196 1843 1285 1866 aerae
1306 1833 1421 1866 Christi
1439 1845 1546 1867 comm.
1570 1834 1737 1869 DCLVII.

1037 1900 1249 1984 Vitalianus,
1268 1943 1395 1978 natione
1412 1943 1591 1990 signiensis,
1606 1945 1785 1991 provinciae

1034 1990 1239 2038 Campaniae,
1261 1992 1345 2027 filius
1370 1992 1547 2039 Anastasii,
1568 1993 1688 2029 electus
1714 1995 1783 2029 Eu-

1035 2040 1128 2085 genio
1155 2053 1329 2080 successor.
1357 2042 1521 2077 ordinatur
1546 2043 1598 2078 die
1624 2044 1784 2079 dominica

1036 2091 1081 2124 50
1108 2090 1176 2124 iulii
1198 2103 1281 2125 anno
1308 2092 1390 2125 657.
1424 2092 1513 2126 Sedit
1540 2092 1571 2126 in
1600 2093 1782 2140 pontificatu

1034 2139 1093 2173 sub
1115 2138 1301 2184 Constante,
1334 2148 1365 2175 et
1390 2139 1599 2176 Constantino
1622 2142 1784 2189 Pogonato

1068 2209 1106 2244 (1)
1123 2210 1152 2236 In
1172 2210 1242 2237 calce
1258 2210 1398 2246 utriusque
1414 2212 1545 2247 privilegii
1561 2212 1651 2239 subdit
1676 2213 1784 2240 Bollan-

1032 2244 1082 2271 dus
1099 2248 1266 2271 indictionem
1282 2254 1300 2272 ιι
1317 2255 1376 2272 cum
1397 2251 1512 2279 tempore
1527 2250 1591 2273 sedis
1602 2250 1715 2274 ,tlarttni
1732 2258 1785 2275 mm

1031 2284 1178 2313 court-nir&
1200 2289 1229 2307 rx
1248 2284 1336 2313 potius
1349 2286 1499 2314 ponendam
1515 2292 1574 2314 esse,
1594 2288 1621 2309 ul
1642 2293 1712 2310 anno
1722 2285 1785 2316 651,

1032 2323 1085 2349 quo
1101 2316 1128 2342 S.
1150 2316 1288 2343 Amandus
1306 2318 1403 2343 Romae
1420 2318 1477 2349 fuit,
1495 2321 1577 2344 videri
1592 2322 1683 2345 ilatum
1696 2324 1783 2352 queat:

1032 2351 1058 2376 in
1075 2352 1205 2386 superiori
1223 2360 1288 2379 vero
1304 2352 1441 2387 legendum
1459 2361 1507 2379 xiv
1520 2356 1642 2380 kalendas
1653 2355 1784 2387 februarii

1031 2390 1112 2420 prout
1132 2387 1157 2413 in
1178 2387 1227 2413 hoc
1242 2388 1325 2414 altero
1345 2388 1505 2423 diplomate:
1532 2389 1576 2423 qui
1593 2389 1700 2424 quidem
1719 2391 1786 2416 scri-

1031 2424 1139 2456 ptorum
1168 2430 1274 2449 errores
1299 2424 1431 2450 nonnullis
1462 2424 1570 2451 suerunt
1599 2425 1623 2450 in
1651 2432 1729 2451 causa
1755 2430 1784 2451 ut

1031 2462 1177 2492 utrumque
1193 2457 1307 2492 diploma
1325 2458 1455 2491 fictitium,
1472 2464 1517 2485 aut
1531 2459 1622 2486 saltem
1642 2459 1786 2495 interpola-

1032 2495 1087 2518 tum
1107 2497 1269 2520 assererent:
1288 2502 1402 2528 quorum
1422 2495 1528 2529 quidem
1549 2499 1704 2529 argumenta
1723 2503 1784 2522 cum

1031 2527 1205 2555 sufficientem
1232 2537 1283 2555 non
1313 2529 1425 2556 habeant
1450 2530 1503 2556 vim
1529 2533 1647 2557 caeteros
1671 2538 1733 2557 suas
1758 2532 1785 2558 in

1030 2568 1122 2598 partes
1141 2564 1299 2597 adducendi,
1322 2569 1467 2599 utrumque
1482 2573 1530 2591 nos
1546 2565 1587 2591 hic
1613 2566 1784 2593 inserendum

1031 2599 1192 2631 censuimus,
1213 2600 1314 2626 nullum
1335 2603 1422 2627 tamen
1439 2600 1543 2634 pondus
1558 2601 1633 2628 datae
1644 2601 1782 2636 hucusque

1032 2634 1090 2660 fidei
1109 2634 1271 2661 adiicientes.
1311 2635 1349 2669 (Ξ)
1366 2636 1408 2662 Sic
1419 2635 1585 2662 habentediti
1597 2636 1720 2663 Anastas.
1732 2638 1783 2664 Co-

1031 2669 1104 2696 dices
1120 2670 1214 2704 reliqui
1233 2678 1325 2697 omnes
1341 2679 1430 2697 xxviii
1447 2671 1560 2698 exclusis
1575 2672 1714 2703 extremis,
1731 2673 1784 2698 sci-

1032 2704 1102 2737 licet,
1114 2704 1155 2732 die
1171 2705 1258 2733 obitus
1274 2706 1394 2744 Eugenii,
1413 2710 1440 2734 et
1455 2706 1497 2734 die
1516 2706 1629 2734 ordinat.
1647 2707 1779 2735 vitaliani.

1825 327 1876 353 An.
1906 326 1931 354 C,
1957 328 2007 355 55⁹.)

1823 948 1874 976 An.
1900 948 1928 977 C.
1954 948 2006 975 654

1817 1945 1871 1973 An.
1892 1943 1922 1973 C.
1948 1945 1998 1973 657
