<?xml version="1.0" encoding="UTF-8"?>
<!DOCTYPE html PUBLIC "-//W3C//DTD XHTML 1.0 Transitional//EN"
    "http://www.w3.org/TR/xhtml1/DTD/xhtml1-transitional.dtd">
<html xmlns="http://www.w3.org/1999/xhtml" xml:lang="en" lang="en">
 <head>
  <title>
</title>
<meta http-equiv="Content-Type" content="text/html;charset=utf-8" />
  <meta name='ocr-system' content='tesseract 3.04.00' />
  <meta name='ocr-capabilities' content='ocr_page ocr_carea ocr_par ocr_line ocrx_word'/>
</head>
<body>
  <div class='ocr_page' id='page_1' title='image "./bullarumdiplomat01cath/bullarumdiplomat01cath_0386.png"; bbox 0 0 2237 3127; ppageno 0'>
   <div class='ocr_carea' id='block_1_1' title="bbox 203 244 383 275">
    <p class='ocr_par' dir='ltr' id='par_1_1' title="bbox 203 244 383 275">
     <span class='ocr_line' id='line_1_1' title="bbox 203 244 383 275; baseline 0.006 -2"><span class='ocrx_word' id='word_1_1' title='bbox 203 244 255 273; x_wconf 83' lang='lat' dir='ltr'>An.</span> <span class='ocrx_word' id='word_1_2' title='bbox 277 245 305 275; x_wconf 90' lang='lat' dir='ltr'>C.</span> <span class='ocrx_word' id='word_1_3' title='bbox 331 246 383 274; x_wconf 76' lang='lat'>885</span> 
     </span>
    </p>
   </div>
   <div class='ocr_carea' id='block_1_2' title="bbox 192 855 379 1212">
    <p class='ocr_par' dir='ltr' id='par_1_2' title="bbox 192 855 379 1208">
     <span class='ocr_line' id='line_1_2' title="bbox 193 855 378 879; baseline 0.011 -2"><span class='ocrx_word' id='word_1_4' title='bbox 193 855 378 879; x_wconf 74' lang='lat' dir='ltr'>Abbatissnecon-</span> 
     </span>
     <span class='ocr_line' id='line_1_3' title="bbox 194 893 378 916; baseline 0.005 -1"><span class='ocrx_word' id='word_1_5' title='bbox 194 894 288 915; x_wconf 70' lang='lat' dir='ltr'>sci-ratio</span> <span class='ocrx_word' id='word_1_6' title='bbox 352 893 378 916; x_wconf 79' lang='lat' dir='ltr'>ad</span> 
     </span>
     <span class='ocr_line' id='line_1_4' title="bbox 209 929 362 951; baseline 0.007 -1"><span class='ocrx_word' id='word_1_7' title='bbox 209 929 362 951; x_wconf 64' lang='lat' dir='ltr'>Medi-›lanen-</span> 
     </span>
     <span class='ocr_line' id='line_1_5' title="bbox 193 966 379 996; baseline 0.005 -11"><span class='ocrx_word' id='word_1_8' title='bbox 193 971 238 987; x_wconf 70' lang='lat' dir='ltr'>scm</span> <span class='ocrx_word' id='word_1_9' title='bbox 269 966 379 996; x_wconf 77' lang='lat' dir='ltr'>archicpi-</span> 
     </span>
     <span class='ocr_line' id='line_1_6' title="bbox 195 1012 378 1036; baseline -0.005 -9"><span class='ocrx_word' id='word_1_10' title='bbox 195 1014 287 1036; x_wconf 80' lang='lat' dir='ltr'>scopum</span> <span class='ocrx_word' id='word_1_11' title='bbox 327 1012 378 1034; x_wconf 80' lang='lat' dir='ltr'>spe-</span> 
     </span>
     <span class='ocr_line' id='line_1_7' title="bbox 193 1042 376 1071; baseline -0.005 -8"><span class='ocrx_word' id='word_1_12' title='bbox 193 1046 248 1071; x_wconf 72' lang='lat' dir='ltr'>ctet,</span> <span class='ocrx_word' id='word_1_13' title='bbox 282 1042 316 1071; x_wconf 84' lang='lat' dir='ltr'>qni</span> <span class='ocrx_word' id='word_1_14' title='bbox 345 1045 376 1063; x_wconf 78' lang='lat' dir='ltr'>ta-</span> 
     </span>
     <span class='ocr_line' id='line_1_8' title="bbox 192 1079 377 1101; baseline 0.005 -1"><span class='ocrx_word' id='word_1_15' title='bbox 192 1086 241 1101; x_wconf 78' lang='lat' dir='ltr'>men</span> <span class='ocrx_word' id='word_1_16' title='bbox 296 1079 353 1101; x_wconf 89' lang='lat' dir='ltr'>nunll</span> <span class='ocrx_word' id='word_1_17' title='bbox 343 1087 377 1101; x_wconf 86' lang='lat' dir='ltr'>nm</span> 
     </span>
     <span class='ocr_line' id='line_1_9' title="bbox 192 1114 377 1145; baseline 0.006 -9"><span class='ocrx_word' id='word_1_18' title='bbox 192 1114 254 1137; x_wconf 72' lang='lat' dir='ltr'>habet</span> <span class='ocrx_word' id='word_1_19' title='bbox 281 1123 307 1145; x_wconf 81' lang='lat' dir='ltr'>po</span> <span class='ocrx_word' id='word_1_20' title='bbox 296 1120 337 1137; x_wconf 74' lang='lat' dir='ltr'>orl</span> <span class='ocrx_word' id='word_1_21' title='bbox 334 1119 377 1137; x_wconf 66' lang='lat' dir='ltr'>sta-</span> 
     </span>
     <span class='ocr_line' id='line_1_10' title="bbox 195 1151 376 1173; baseline 0.012 -2"><span class='ocrx_word' id='word_1_22' title='bbox 195 1151 222 1172; x_wconf 83' lang='lat' dir='ltr'>tis</span> <span class='ocrx_word' id='word_1_23' title='bbox 241 1159 272 1171; x_wconf 77' lang='lat' dir='ltr'>ius</span> <span class='ocrx_word' id='word_1_24' title='bbox 292 1152 310 1172; x_wconf 90' lang='lat' dir='ltr'>in</span> <span class='ocrx_word' id='word_1_25' title='bbox 329 1159 341 1172; x_wconf 92' lang='grc' dir='ltr'>ιι</span> <span class='ocrx_word' id='word_1_26' title='bbox 344 1160 376 1173; x_wconf 85' lang='grc' dir='ltr'>ι-ῡ</span> 
     </span>
     <span class='ocr_line' id='line_1_11' title="bbox 194 1187 322 1212; baseline 0.008 -5"><span class='ocrx_word' id='word_1_27' title='bbox 194 1187 322 1212; x_wconf 64' lang='grc' dir='ltr'>ιιιιςῑειιι·ιιιι</span> 
     </span>
    </p>
   </div>
   <div class='ocr_carea' id='block_1_3' title="bbox 187 1615 375 1745">
    <p class='ocr_par' dir='ltr' id='par_1_3' title="bbox 187 1615 375 1745">
     <span class='ocr_line' id='line_1_12' title="bbox 188 1615 375 1636; baseline -0.005 0"><span class='ocrx_word' id='word_1_28' title='bbox 188 1615 268 1636; x_wconf 79' lang='lat' dir='ltr'>Pacem</span> <span class='ocrx_word' id='word_1_29' title='bbox 303 1616 375 1636; x_wconf 73' lang='lat' dir='ltr'>tamen</span> 
     </span>
     <span class='ocr_line' id='line_1_13' title="bbox 187 1650 374 1672; baseline 0 0"><span class='ocrx_word' id='word_1_30' title='bbox 187 1650 210 1672; x_wconf 87' lang='lat' dir='ltr'>in</span> <span class='ocrx_word' id='word_1_31' title='bbox 241 1650 374 1672; x_wconf 75' lang='lat' dir='ltr'>monasterio</span> 
     </span>
     <span class='ocr_line' id='line_1_14' title="bbox 189 1686 374 1709; baseline 0 -1"><span class='ocrx_word' id='word_1_32' title='bbox 189 1686 318 1709; x_wconf 70' lang='lat' dir='ltr'>servandam</span> <span class='ocrx_word' id='word_1_33' title='bbox 337 1693 374 1708; x_wconf 86' lang='lat' dir='ltr'>cu-</span> 
     </span>
     <span class='ocr_line' id='line_1_15' title="bbox 189 1725 231 1745; baseline -0.024 0"><span class='ocrx_word' id='word_1_34' title='bbox 189 1725 231 1745; x_wconf 77' lang='lat' dir='ltr'>ret.</span> 
     </span>
    </p>
   </div>
   <div class='ocr_carea' id='block_1_4' title="bbox 184 1811 375 2014">
    <p class='ocr_par' dir='ltr' id='par_1_4' title="bbox 184 1811 375 2014">
     <span class='ocr_line' id='line_1_16' title="bbox 184 1811 375 1835; baseline -0.01 0"><span class='ocrx_word' id='word_1_35' title='bbox 184 1813 206 1835; x_wconf 89' lang='lat' dir='ltr'>Si</span> <span class='ocrx_word' id='word_1_36' title='bbox 224 1811 375 1835; x_wconf 73' lang='lat' dir='ltr'>Mediolanen-</span> 
     </span>
     <span class='ocr_line' id='line_1_17' title="bbox 186 1847 375 1870; baseline -0.005 0"><span class='ocrx_word' id='word_1_37' title='bbox 186 1848 217 1870; x_wconf 86' lang='lat' dir='ltr'>sis</span> <span class='ocrx_word' id='word_1_38' title='bbox 255 1847 308 1870; x_wconf 83' lang='lat' dir='ltr'>haec</span> <span class='ocrx_word' id='word_1_39' title='bbox 335 1855 375 1869; x_wconf 82' lang='lat' dir='ltr'>ne-</span> 
     </span>
     <span class='ocr_line' id='line_1_18' title="bbox 186 1884 372 1914; baseline -0.005 -8"><span class='ocrx_word' id='word_1_40' title='bbox 186 1884 286 1914; x_wconf 67' lang='lat' dir='ltr'>glexerit,</span> <span class='ocrx_word' id='word_1_41' title='bbox 300 1884 372 1906; x_wconf 76' lang='lat' dir='ltr'>omnia</span> 
     </span>
     <span class='ocr_line' id='line_1_19' title="bbox 185 1918 374 1949; baseline 0 -9"><span class='ocrx_word' id='word_1_42' title='bbox 185 1918 212 1940; x_wconf 78' lang='lat' dir='ltr'>ad</span> <span class='ocrx_word' id='word_1_43' title='bbox 241 1918 374 1949; x_wconf 83' lang='lat' dir='ltr'>Aquileien-</span> 
     </span>
     <span class='ocr_line' id='line_1_20' title="bbox 185 1946 373 1985; baseline -0.006 -8"><span class='ocrx_word' id='word_1_44' title='bbox 185 1962 231 1977; x_wconf 86' lang='lat' dir='ltr'>scm</span> <span class='ocrx_word' id='word_1_45' title='bbox 272 1946 373 1985; x_wconf 53' lang='lat' dir='ltr'>fichiep.</span> 
     </span>
     <span class='ocr_line' id='line_1_21' title="bbox 185 1990 341 2014; baseline 0 -1"><span class='ocrx_word' id='word_1_46' title='bbox 185 1990 341 2014; x_wconf 75' lang='lat' dir='ltr'>devolvantur.</span> 
     </span>
    </p>
   </div>
   <div class='ocr_carea' id='block_1_5' title="bbox 184 2106 373 2316">
    <p class='ocr_par' dir='ltr' id='par_1_5' title="bbox 184 2106 373 2316">
     <span class='ocr_line' id='line_1_22' title="bbox 202 2106 372 2130; baseline 0 -1"><span class='ocrx_word' id='word_1_47' title='bbox 202 2107 236 2129; x_wconf 88' lang='lat' dir='ltr'>Ius</span> <span class='ocrx_word' id='word_1_48' title='bbox 252 2110 326 2130; x_wconf 72' lang='lat' dir='ltr'>tamen</span> <span class='ocrx_word' id='word_1_49' title='bbox 344 2106 372 2130; x_wconf 80' lang='lat' dir='ltr'>ad</span> 
     </span>
     <span class='ocr_line' id='line_1_23' title="bbox 200 2142 351 2173; baseline 0 -8"><span class='ocrx_word' id='word_1_50' title='bbox 200 2142 351 2173; x_wconf 76' lang='lat' dir='ltr'>Apostoltcam</span> 
     </span>
     <span class='ocr_line' id='line_1_24' title="bbox 185 2180 373 2212; baseline 0.006 -10"><span class='ocrx_word' id='word_1_51' title='bbox 185 2180 264 2203; x_wconf 80' lang='lat' dir='ltr'>Sedem</span> <span class='ocrx_word' id='word_1_52' title='bbox 293 2180 373 2212; x_wconf 75' lang='lat' dir='ltr'>appel-</span> 
     </span>
     <span class='ocr_line' id='line_1_25' title="bbox 184 2216 373 2247; baseline 0.005 -8"><span class='ocrx_word' id='word_1_53' title='bbox 184 2216 244 2239; x_wconf 83' lang='lat' dir='ltr'>landi</span> <span class='ocrx_word' id='word_1_54' title='bbox 286 2225 373 2247; x_wconf 78' lang='lat' dir='ltr'>semper</span> 
     </span>
     <span class='ocr_line' id='line_1_26' title="bbox 186 2253 370 2276; baseline 0.006 -1"><span class='ocrx_word' id='word_1_55' title='bbox 186 2253 279 2276; x_wconf 77' lang='lat' dir='ltr'>habeant</span> <span class='ocrx_word' id='word_1_56' title='bbox 323 2261 370 2276; x_wconf 80' lang='lat' dir='ltr'>me-</span> 
     </span>
     <span class='ocr_line' id='line_1_27' title="bbox 185 2291 263 2316; baseline 0 -2"><span class='ocrx_word' id='word_1_57' title='bbox 185 2291 263 2316; x_wconf 81' lang='lat' dir='ltr'>niales.</span> 
     </span>
    </p>
   </div>
   <div class='ocr_carea' id='block_1_6' title="bbox 466 241 537 275">
    <p class='ocr_par' dir='ltr' id='par_1_6' title="bbox 466 241 537 275">
     <span class='ocr_line' id='line_1_28' title="bbox 466 241 537 275; baseline 0 0"><span class='ocrx_word' id='word_1_58' title='bbox 466 241 537 275; x_wconf 61' lang='lat'>384</span> 
     </span>
    </p>
   </div>
   <div class='ocr_carea' id='block_1_7' title="bbox 396 304 1165 2617">
    <p class='ocr_par' dir='ltr' id='par_1_7' title="bbox 408 304 1165 795">
     <span class='ocr_line' id='line_1_29' title="bbox 417 304 1165 353; baseline -0.003 -12"><span class='ocrx_word' id='word_1_59' title='bbox 417 307 486 342; x_wconf 89' lang='lat' dir='ltr'>loco</span> <span class='ocrx_word' id='word_1_60' title='bbox 508 310 552 350; x_wconf 86' lang='lat' dir='ltr'>(l)</span> <span class='ocrx_word' id='word_1_61' title='bbox 580 305 763 352; x_wconf 82' lang='lat' dir='ltr'>praesistant</span> <span class='ocrx_word' id='word_1_62' title='bbox 792 304 933 340; x_wconf 89' lang='lat' dir='ltr'>omnium</span> <span class='ocrx_word' id='word_1_63' title='bbox 969 306 1093 353; x_wconf 88' lang='lat' dir='ltr'>penitus</span> <span class='ocrx_word' id='word_1_64' title='bbox 1114 306 1165 340; x_wconf 89' lang='lat' dir='ltr'>di-</span> 
     </span>
     <span class='ocr_line' id='line_1_30' title="bbox 416 355 1163 402; baseline 0 -12"><span class='ocrx_word' id='word_1_65' title='bbox 416 357 589 390; x_wconf 81' lang='lat' dir='ltr'>minutione</span> <span class='ocrx_word' id='word_1_66' title='bbox 608 383 615 393; x_wconf 75' lang='grc'>,</span> <span class='ocrx_word' id='word_1_67' title='bbox 650 356 694 388; x_wconf 62' lang='lat' dir='ltr'>tel</span> <span class='ocrx_word' id='word_1_68' title='bbox 721 356 880 390; x_wconf 64' lang='lat' dir='ltr'>invasione</span> <span class='ocrx_word' id='word_1_69' title='bbox 907 363 1019 402; x_wconf 83' lang='lat' dir='ltr'>sopita.</span> <span class='ocrx_word' id='word_1_70' title='bbox 1054 355 1087 389; x_wconf 92' lang='lat' dir='ltr'>ln</span> <span class='ocrx_word' id='word_1_71' title='bbox 1118 357 1163 390; x_wconf 86' lang='lat' dir='ltr'>eis</span> 
     </span>
     <span class='ocr_line' id='line_1_31' title="bbox 415 404 1161 451; baseline 0.001 -12"><span class='ocrx_word' id='word_1_72' title='bbox 415 406 507 439; x_wconf 81' lang='lat' dir='ltr'>etiam</span> <span class='ocrx_word' id='word_1_73' title='bbox 545 404 688 447; x_wconf 79' lang='lat' dir='ltr'>familiis,</span> <span class='ocrx_word' id='word_1_74' title='bbox 724 417 801 451; x_wconf 83' lang='lat' dir='ltr'>quas</span> <span class='ocrx_word' id='word_1_75' title='bbox 837 405 876 438; x_wconf 91' lang='lat' dir='ltr'>ob</span> <span class='ocrx_word' id='word_1_76' title='bbox 912 405 1161 451; x_wconf 86' lang='lat' dir='ltr'>redemptionem</span> 
     </span>
     <span class='ocr_line' id='line_1_32' title="bbox 414 454 1162 501; baseline 0.003 -14"><span class='ocrx_word' id='word_1_77' title='bbox 414 455 535 488; x_wconf 84' lang='lat' dir='ltr'>animae</span> <span class='ocrx_word' id='word_1_78' title='bbox 560 461 679 488; x_wconf 78' lang='lat' dir='ltr'>restrae</span> <span class='ocrx_word' id='word_1_79' title='bbox 712 454 855 500; x_wconf 72' lang='lat' dir='ltr'>prudenti</span> <span class='ocrx_word' id='word_1_80' title='bbox 893 463 1037 501; x_wconf 83' lang='lat' dir='ltr'>respectu</span> <span class='ocrx_word' id='word_1_81' title='bbox 1067 455 1162 489; x_wconf 85' lang='lat' dir='ltr'>liber-</span> 
     </span>
     <span class='ocr_line' id='line_1_33' title="bbox 413 503 1160 550; baseline 0.004 -14"><span class='ocrx_word' id='word_1_82' title='bbox 413 512 473 537; x_wconf 82' lang='lat' dir='ltr'>tate</span> <span class='ocrx_word' id='word_1_83' title='bbox 495 503 644 546; x_wconf 77' lang='lat' dir='ltr'>donastis,</span> <span class='ocrx_word' id='word_1_84' title='bbox 662 503 706 537; x_wconf 61' lang='lat' dir='ltr'>rel</span> <span class='ocrx_word' id='word_1_85' title='bbox 731 504 760 537; x_wconf 92' lang='lat' dir='ltr'>in</span> <span class='ocrx_word' id='word_1_86' title='bbox 786 503 941 550; x_wconf 85' lang='lat' dir='ltr'>reliquum</span> <span class='ocrx_word' id='word_1_87' title='bbox 959 504 1160 545; x_wconf 66' lang='lat' dir='ltr'>donaveritis,</span> 
     </span>
     <span class='ocr_line' id='line_1_34' title="bbox 412 552 1159 600; baseline 0.003 -15"><span class='ocrx_word' id='word_1_88' title='bbox 412 553 504 586; x_wconf 85' lang='lat' dir='ltr'>simili</span> <span class='ocrx_word' id='word_1_89' title='bbox 523 552 615 586; x_wconf 86' lang='lat' dir='ltr'>modo</span> <span class='ocrx_word' id='word_1_90' title='bbox 632 565 688 586; x_wconf 88' lang='lat' dir='ltr'>nos</span> <span class='ocrx_word' id='word_1_91' title='bbox 702 552 788 587; x_wconf 78' lang='lat' dir='ltr'>vobis</span> <span class='ocrx_word' id='word_1_92' title='bbox 805 554 955 597; x_wconf 78' lang='lat' dir='ltr'>favemus,</span> <span class='ocrx_word' id='word_1_93' title='bbox 969 554 1159 600; x_wconf 77' lang='lat' dir='ltr'>aspiramus,</span> 
     </span>
     <span class='ocr_line' id='line_1_35' title="bbox 411 602 1161 650; baseline 0.003 -15"><span class='ocrx_word' id='word_1_94' title='bbox 411 610 441 635; x_wconf 78' lang='grc' dir='ltr'>ιιι</span> <span class='ocrx_word' id='word_1_95' title='bbox 467 602 673 648; x_wconf 63' lang='lat' dir='ltr'>apostolieum</span> <span class='ocrx_word' id='word_1_96' title='bbox 692 602 876 648; x_wconf 83' lang='lat' dir='ltr'>praebemus</span> <span class='ocrx_word' id='word_1_97' title='bbox 891 615 1066 643; x_wconf 77' lang='lat' dir='ltr'>assensum,</span> <span class='ocrx_word' id='word_1_98' title='bbox 1088 616 1161 650; x_wconf 88' lang='lat' dir='ltr'>qua-</span> 
     </span>
     <span class='ocr_line' id='line_1_36' title="bbox 411 651 1159 699; baseline 0.004 -15"><span class='ocrx_word' id='word_1_99' title='bbox 411 659 502 685; x_wconf 79' lang='lat' dir='ltr'>tenus</span> <span class='ocrx_word' id='word_1_100' title='bbox 524 659 554 685; x_wconf 87' lang='grc' dir='ltr'>(ιι</span> <span class='ocrx_word' id='word_1_101' title='bbox 587 651 629 685; x_wconf 86' lang='lat' dir='ltr'>illi</span> <span class='ocrx_word' id='word_1_102' title='bbox 663 664 770 686; x_wconf 80' lang='lat' dir='ltr'>secura</span> <span class='ocrx_word' id='word_1_103' title='bbox 807 652 949 686; x_wconf 87' lang='lat' dir='ltr'>libertate</span> <span class='ocrx_word' id='word_1_104' title='bbox 985 653 1095 699; x_wconf 82' lang='lat' dir='ltr'>potiti,</span> <span class='ocrx_word' id='word_1_105' title='bbox 1130 661 1159 687; x_wconf 90' lang='lat' dir='ltr'>et</span> 
     </span>
     <span class='ocr_line' id='line_1_37' title="bbox 409 700 1158 749; baseline 0.004 -16"><span class='ocrx_word' id='word_1_106' title='bbox 409 701 503 745; x_wconf 66' lang='lat' dir='ltr'>gratia</span> <span class='ocrx_word' id='word_1_107' title='bbox 536 700 591 734; x_wconf 76' lang='lat' dir='ltr'>Dei</span> <span class='ocrx_word' id='word_1_108' title='bbox 628 700 708 736; x_wconf 87' lang='lat' dir='ltr'>duce</span> <span class='ocrx_word' id='word_1_109' title='bbox 741 702 951 748; x_wconf 73' lang='lat' dir='ltr'>sempiternae</span> <span class='ocrx_word' id='word_1_110' title='bbox 985 702 1158 749; x_wconf 85' lang='lat' dir='ltr'>suscipiant</span> 
     </span>
     <span class='ocr_line' id='line_1_38' title="bbox 408 750 633 795; baseline 0.004 -12"><span class='ocrx_word' id='word_1_111' title='bbox 408 750 520 795; x_wconf 68' lang='lat' dir='ltr'>gaudia</span> <span class='ocrx_word' id='word_1_112' title='bbox 544 750 633 784; x_wconf 71' lang='lat' dir='ltr'>vitae.</span> 
     </span>
    </p>

    <p class='ocr_par' dir='ltr' id='par_1_8' title="bbox 396 799 1157 2617">
     <span class='ocr_line' id='line_1_39' title="bbox 457 799 1157 847; baseline 0.003 -14"><span class='ocrx_word' id='word_1_113' title='bbox 457 801 488 833; x_wconf 72' lang='lat'>2.</span> <span class='ocrx_word' id='word_1_114' title='bbox 537 799 813 834; x_wconf 80' lang='lat' dir='ltr'>Consecrationem</span> <span class='ocrx_word' id='word_1_115' title='bbox 852 812 944 847; x_wconf 87' lang='lat' dir='ltr'>porro</span> <span class='ocrx_word' id='word_1_116' title='bbox 982 800 1157 835; x_wconf 74' lang='lat' dir='ltr'>abbatissae</span> 
     </span>
     <span class='ocr_line' id='line_1_40' title="bbox 408 847 1156 897; baseline 0.005 -16"><span class='ocrx_word' id='word_1_117' title='bbox 408 847 468 883; x_wconf 87' lang='lat' dir='ltr'>loci</span> <span class='ocrx_word' id='word_1_118' title='bbox 492 849 602 895; x_wconf 82' lang='lat' dir='ltr'>ipsius,</span> <span class='ocrx_word' id='word_1_119' title='bbox 638 859 668 883; x_wconf 90' lang='lat' dir='ltr'>ut</span> <span class='ocrx_word' id='word_1_120' title='bbox 709 850 769 884; x_wconf 85' lang='lat' dir='ltr'>lilia</span> <span class='ocrx_word' id='word_1_121' title='bbox 798 850 907 884; x_wconf 74' lang='lat' dir='ltr'>devota</span> <span class='ocrx_word' id='word_1_122' title='bbox 955 851 1075 897; x_wconf 86' lang='lat' dir='ltr'>petisti,</span> <span class='ocrx_word' id='word_1_123' title='bbox 1105 864 1156 885; x_wconf 90' lang='lat' dir='ltr'>se-</span> 
     </span>
     <span class='ocr_line' id='line_1_41' title="bbox 406 898 1156 946; baseline 0.004 -14"><span class='ocrx_word' id='word_1_124' title='bbox 406 898 545 933; x_wconf 90' lang='lat' dir='ltr'>cundum</span> <span class='ocrx_word' id='word_1_125' title='bbox 581 899 665 946; x_wconf 88' lang='lat' dir='ltr'>quod</span> <span class='ocrx_word' id='word_1_126' title='bbox 700 900 730 933; x_wconf 92' lang='lat' dir='ltr'>in</span> <span class='ocrx_word' id='word_1_127' title='bbox 766 908 818 934; x_wconf 93' lang='lat' dir='ltr'>tuo</span> <span class='ocrx_word' id='word_1_128' title='bbox 850 908 1034 933; x_wconf 73' lang='lat' dir='ltr'>testamento</span> <span class='ocrx_word' id='word_1_129' title='bbox 1071 914 1087 935; x_wconf 92' lang='lat' dir='ltr'>a</span> <span class='ocrx_word' id='word_1_130' title='bbox 1128 909 1156 935; x_wconf 87' lang='lat' dir='ltr'>te</span> 
     </span>
     <span class='ocr_line' id='line_1_42' title="bbox 407 948 1155 993; baseline 0.004 -13"><span class='ocrx_word' id='word_1_131' title='bbox 407 948 652 993; x_wconf 66' lang='lat' dir='ltr'>prudentissime</span> <span class='ocrx_word' id='word_1_132' title='bbox 687 962 725 983; x_wconf 80' lang='lat' dir='ltr'>ex</span> <span class='ocrx_word' id='word_1_133' title='bbox 753 949 862 984; x_wconf 81' lang='lat' dir='ltr'>eodem</span> <span class='ocrx_word' id='word_1_134' title='bbox 886 949 1075 983; x_wconf 81' lang='lat' dir='ltr'>monasterio</span> <span class='ocrx_word' id='word_1_135' title='bbox 1103 958 1155 983; x_wconf 87' lang='lat' dir='ltr'>tuo</span> 
     </span>
     <span class='ocr_line' id='line_1_43' title="bbox 405 998 1153 1044; baseline 0.003 -13"><span class='ocrx_word' id='word_1_136' title='bbox 405 1005 547 1044; x_wconf 82' lang='lat' dir='ltr'>coaptato</span> <span class='ocrx_word' id='word_1_137' title='bbox 570 998 765 1039; x_wconf 73' lang='lat' dir='ltr'>continetur,</span> <span class='ocrx_word' id='word_1_138' title='bbox 789 998 891 1032; x_wconf 90' lang='lat' dir='ltr'>modis</span> <span class='ocrx_word' id='word_1_139' title='bbox 918 999 1066 1033; x_wconf 87' lang='lat' dir='ltr'>omnibus</span> <span class='ocrx_word' id='word_1_140' title='bbox 1089 1000 1153 1033; x_wconf 79' lang='lat' dir='ltr'>lieri</span> 
     </span>
     <span class='ocr_line' id='line_1_44' title="bbox 405 1048 1154 1087; baseline 0.004 -7"><span class='ocrx_word' id='word_1_141' title='bbox 405 1048 624 1082; x_wconf 74' lang='lat' dir='ltr'>concedimus:</span> <span class='ocrx_word' id='word_1_142' title='bbox 647 1048 780 1087; x_wconf 61' lang='lat' dir='ltr'>scilicet,</span> <span class='ocrx_word' id='word_1_143' title='bbox 808 1060 879 1082; x_wconf 88' lang='lat' dir='ltr'>cum</span> <span class='ocrx_word' id='word_1_144' title='bbox 903 1048 1075 1083; x_wconf 84' lang='lat' dir='ltr'>ordinanda</span> <span class='ocrx_word' id='word_1_145' title='bbox 1094 1049 1154 1083; x_wconf 92' lang='lat' dir='ltr'>ibi-</span> 
     </span>
     <span class='ocr_line' id='line_1_45' title="bbox 404 1096 1154 1137; baseline 0.004 -8"><span class='ocrx_word' id='word_1_146' title='bbox 404 1096 474 1130; x_wconf 70' lang='lat' dir='ltr'>dvm</span> <span class='ocrx_word' id='word_1_147' title='bbox 499 1096 592 1131; x_wconf 81' lang='lat' dir='ltr'>fuerit</span> <span class='ocrx_word' id='word_1_148' title='bbox 622 1097 801 1137; x_wconf 79' lang='lat' dir='ltr'>abbatissa,</span> <span class='ocrx_word' id='word_1_149' title='bbox 829 1097 1075 1132; x_wconf 81' lang='lat' dir='ltr'>Mediolanensis</span> <span class='ocrx_word' id='word_1_150' title='bbox 1101 1111 1154 1132; x_wconf 84' lang='lat' dir='ltr'>ar-</span> 
     </span>
     <span class='ocr_line' id='line_1_46' title="bbox 404 1145 1151 1193; baseline 0.003 -14"><span class='ocrx_word' id='word_1_151' title='bbox 404 1145 649 1193; x_wconf 75' lang='lat' dir='ltr'>(hiepiscopus,</span> <span class='ocrx_word' id='word_1_152' title='bbox 673 1147 725 1193; x_wconf 83' lang='lat' dir='ltr'>qni</span> <span class='ocrx_word' id='word_1_153' title='bbox 749 1147 778 1181; x_wconf 90' lang='lat' dir='ltr'>in</span> <span class='ocrx_word' id='word_1_154' title='bbox 808 1159 844 1180; x_wconf 81' lang='grc' dir='ltr'>ιιιι</span> <span class='ocrx_word' id='word_1_155' title='bbox 880 1156 1020 1193; x_wconf 84' lang='lat' dir='ltr'>tempore</span> <span class='ocrx_word' id='word_1_156' title='bbox 1048 1148 1151 1188; x_wconf 86' lang='lat' dir='ltr'>suerit,</span> 
     </span>
     <span class='ocr_line' id='line_1_47' title="bbox 406 1196 1152 1243; baseline 0.007 -16"><span class='ocrx_word' id='word_1_157' title='bbox 406 1205 537 1229; x_wconf 71' lang='lat' dir='ltr'>vocatus</span> <span class='ocrx_word' id='word_1_158' title='bbox 563 1196 601 1230; x_wconf 86' lang='lat' dir='ltr'>ab</span> <span class='ocrx_word' id='word_1_159' title='bbox 631 1196 691 1230; x_wconf 90' lang='lat' dir='ltr'>illis</span> <span class='ocrx_word' id='word_1_160' title='bbox 719 1197 862 1243; x_wconf 75' lang='lat' dir='ltr'>personis</span> <span class='ocrx_word' id='word_1_161' title='bbox 879 1224 886 1234; x_wconf 67' lang='grc' dir='ltr'>ι</span> <span class='ocrx_word' id='word_1_162' title='bbox 909 1209 988 1243; x_wconf 87' lang='lat' dir='ltr'>quas</span> <span class='ocrx_word' id='word_1_163' title='bbox 1018 1210 1055 1231; x_wconf 82' lang='lat' dir='ltr'>ex</span> <span class='ocrx_word' id='word_1_164' title='bbox 1079 1210 1152 1243; x_wconf 88' lang='lat' dir='ltr'>pro-</span> 
     </span>
     <span class='ocr_line' id='line_1_48' title="bbox 402 1245 1150 1293; baseline 0.004 -15"><span class='ocrx_word' id='word_1_165' title='bbox 402 1245 497 1290; x_wconf 72' lang='lat' dir='ltr'>genie</span> <span class='ocrx_word' id='word_1_166' title='bbox 514 1254 566 1279; x_wconf 90' lang='lat' dir='ltr'>tna</span> <span class='ocrx_word' id='word_1_167' title='bbox 595 1245 653 1291; x_wconf 75' lang='lat' dir='ltr'>ipsi</span> <span class='ocrx_word' id='word_1_168' title='bbox 670 1245 738 1279; x_wconf 77' lang='lat' dir='ltr'>loco</span> <span class='ocrx_word' id='word_1_169' title='bbox 762 1246 958 1292; x_wconf 66' lang='lat' dir='ltr'>praefeceris,</span> <span class='ocrx_word' id='word_1_170' title='bbox 972 1247 1150 1293; x_wconf 75' lang='lat' dir='ltr'>quibusque</span> 
     </span>
     <span class='ocr_line' id='line_1_49' title="bbox 402 1295 1149 1342; baseline 0.003 -14"><span class='ocrx_word' id='word_1_171' title='bbox 402 1307 511 1328; x_wconf 84' lang='lat' dir='ltr'>curam</span> <span class='ocrx_word' id='word_1_172' title='bbox 538 1295 689 1341; x_wconf 58' lang='lat' dir='ltr'>[mliorem</span> <span class='ocrx_word' id='word_1_173' title='bbox 714 1295 887 1335; x_wconf 70' lang='lat' dir='ltr'>dimiseris,</span> <span class='ocrx_word' id='word_1_174' title='bbox 911 1296 947 1330; x_wconf 89' lang='lat' dir='ltr'>ad</span> <span class='ocrx_word' id='word_1_175' title='bbox 971 1297 1149 1342; x_wconf 66' lang='lat' dir='ltr'>eligendam</span> 
     </span>
     <span class='ocr_line' id='line_1_50' title="bbox 404 1345 1151 1392; baseline 0.007 -17"><span class='ocrx_word' id='word_1_176' title='bbox 404 1352 434 1377; x_wconf 74' lang='grc' dir='ltr'>ιιι</span> <span class='ocrx_word' id='word_1_177' title='bbox 462 1345 709 1378; x_wconf 74' lang='lat' dir='ltr'>consecr-amlam</span> <span class='ocrx_word' id='word_1_178' title='bbox 747 1345 935 1379; x_wconf 72' lang='lat' dir='ltr'>abbatissam</span> <span class='ocrx_word' id='word_1_179' title='bbox 967 1346 1151 1392; x_wconf 76' lang='lat' dir='ltr'>simpliciter</span> 
     </span>
     <span class='ocr_line' id='line_1_51' title="bbox 406 1393 1150 1441; baseline 0.005 -16"><span class='ocrx_word' id='word_1_180' title='bbox 406 1393 519 1426; x_wconf 71' lang='lat' dir='ltr'>ibidem</span> <span class='ocrx_word' id='word_1_181' title='bbox 548 1394 750 1431; x_wconf 72' lang='lat' dir='ltr'>atlt·e11iat,t=t</span> <span class='ocrx_word' id='word_1_182' title='bbox 779 1408 839 1428; x_wconf 79' lang='lat' dir='ltr'>non</span> <span class='ocrx_word' id='word_1_183' title='bbox 870 1395 1061 1441; x_wconf 84' lang='lat' dir='ltr'>ultraquam</span> <span class='ocrx_word' id='word_1_184' title='bbox 1089 1408 1104 1429; x_wconf 92' lang='lat' dir='ltr'>a</span> <span class='ocrx_word' id='word_1_185' title='bbox 1122 1405 1150 1429; x_wconf 85' lang='lat' dir='ltr'>te</span> 
     </span>
     <span class='ocr_line' id='line_1_52' title="bbox 400 1444 1147 1485; baseline 0.005 -10"><span class='ocrx_word' id='word_1_186' title='bbox 400 1451 550 1476; x_wconf 81' lang='lat' dir='ltr'>statutum</span> <span class='ocrx_word' id='word_1_187' title='bbox 575 1455 632 1481; x_wconf 76' lang='lat' dir='ltr'>est</span> <span class='ocrx_word' id='word_1_188' title='bbox 657 1444 684 1476; x_wconf 91' lang='lat' dir='ltr'>iu</span> <span class='ocrx_word' id='word_1_189' title='bbox 709 1444 818 1477; x_wconf 73' lang='lat' dir='ltr'>(othni</span> <span class='ocrx_word' id='word_1_190' title='bbox 844 1458 881 1477; x_wconf 94' lang='grc' dir='ltr'>ιιι</span> <span class='ocrx_word' id='word_1_191' title='bbox 887 1454 981 1478; x_wconf 67' lang='lat' dir='ltr'>uitur</span> <span class='ocrx_word' id='word_1_192' title='bbox 1004 1445 1049 1478; x_wconf 78' lang='lat' dir='ltr'>lo(</span> <span class='ocrx_word' id='word_1_193' title='bbox 1055 1458 1083 1485; x_wconf 85' lang='lat' dir='ltr'>o</span> <span class='ocrx_word' id='word_1_194' title='bbox 1098 1454 1147 1479; x_wconf 85' lang='lat' dir='ltr'>aut</span> 
     </span>
     <span class='ocr_line' id='line_1_53' title="bbox 400 1492 1148 1540; baseline 0.004 -15"><span class='ocrx_word' id='word_1_195' title='bbox 400 1492 535 1538; x_wconf 88' lang='lat' dir='ltr'>amplius</span> <span class='ocrx_word' id='word_1_196' title='bbox 561 1492 716 1537; x_wconf 73' lang='lat' dir='ltr'>exigendo</span> <span class='ocrx_word' id='word_1_197' title='bbox 739 1494 906 1539; x_wconf 52' lang='lat' dir='ltr'>stipendian</span> <span class='ocrx_word' id='word_1_198' title='bbox 931 1507 973 1540; x_wconf 83' lang='lat' dir='ltr'>pi</span> <span class='ocrx_word' id='word_1_199' title='bbox 968 1504 1148 1540; x_wconf 68' lang='lat' dir='ltr'>2¹·&#39;ittt1quam</span> 
     </span>
     <span class='ocr_line' id='line_1_54' title="bbox 402 1541 1145 1586; baseline 0.007 -13"><span class='ocrx_word' id='word_1_200' title='bbox 402 1541 573 1586; x_wconf 68' lang='lat' dir='ltr'>praefixum</span> <span class='ocrx_word' id='word_1_201' title='bbox 598 1550 655 1582; x_wconf 86' lang='lat' dir='ltr'>est,</span> <span class='ocrx_word' id='word_1_202' title='bbox 678 1542 760 1576; x_wconf 79' lang='lat' dir='ltr'>idem</span> <span class='ocrx_word' id='word_1_203' title='bbox 787 1556 875 1575; x_wconf 60' lang='lat' dir='ltr'>mone</span> <span class='ocrx_word' id='word_1_204' title='bbox 872 1544 1036 1577; x_wconf 71' lang='lat' dir='ltr'>..ster-‹ium</span> <span class='ocrx_word' id='word_1_205' title='bbox 1031 1553 1145 1583; x_wconf 40' lang='lat' dir='ltr'>‘iamim</span> 
     </span>
     <span class='ocr_line' id='line_1_55' title="bbox 399 1590 1148 1638; baseline 0.005 -15"><span class='ocrx_word' id='word_1_206' title='bbox 399 1590 552 1625; x_wconf 82' lang='lat' dir='ltr'>Similite1</span> <span class='ocrx_word' id='word_1_207' title='bbox 574 1604 712 1638; x_wconf 87' lang='lat' dir='ltr'>quoque,</span> <span class='ocrx_word' id='word_1_208' title='bbox 739 1592 764 1626; x_wconf 87' lang='lat' dir='ltr'>si</span> <span class='ocrx_word' id='word_1_209' title='bbox 793 1601 848 1625; x_wconf 85' lang='grc' dir='ltr'>οιι·</span> <span class='ocrx_word' id='word_1_210' title='bbox 845 1605 893 1625; x_wconf 85' lang='grc' dir='ltr'>ιιιιι</span> <span class='ocrx_word' id='word_1_211' title='bbox 919 1592 1009 1627; x_wconf 73' lang='lat' dir='ltr'>suerit</span> <span class='ocrx_word' id='word_1_212' title='bbox 1028 1594 1092 1627; x_wconf 77' lang='lat' dir='ltr'>dist</span> <span class='ocrx_word' id='word_1_213' title='bbox 1097 1607 1148 1627; x_wconf 85' lang='grc' dir='ltr'>ιιι-</span> 
     </span>
     <span class='ocr_line' id='line_1_56' title="bbox 399 1639 1146 1688; baseline 0.004 -15"><span class='ocrx_word' id='word_1_214' title='bbox 399 1639 469 1674; x_wconf 80' lang='lat' dir='ltr'>diae</span> <span class='ocrx_word' id='word_1_215' title='bbox 486 1667 495 1684; x_wconf 89' lang='lat'>,</span> <span class='ocrx_word' id='word_1_216' title='bbox 527 1649 581 1675; x_wconf 90' lang='lat' dir='ltr'>aut</span> <span class='ocrx_word' id='word_1_217' title='bbox 614 1642 768 1688; x_wconf 84' lang='lat' dir='ltr'>cuiusque</span> <span class='ocrx_word' id='word_1_218' title='bbox 788 1642 990 1677; x_wconf 73' lang='lat' dir='ltr'>dissentionis</span> <span class='ocrx_word' id='word_1_219' title='bbox 1013 1643 1146 1686; x_wconf 85' lang='lat' dir='ltr'>malum,</span> 
     </span>
     <span class='ocr_line' id='line_1_57' title="bbox 400 1689 1145 1738; baseline 0.005 -16"><span class='ocrx_word' id='word_1_220' title='bbox 400 1689 532 1724; x_wconf 74' lang='lat' dir='ltr'>veniens</span> <span class='ocrx_word' id='word_1_221' title='bbox 558 1690 669 1725; x_wconf 83' lang='lat' dir='ltr'>sedare</span> <span class='ocrx_word' id='word_1_222' title='bbox 705 1691 794 1729; x_wconf 78' lang='lat' dir='ltr'>illud,</span> <span class='ocrx_word' id='word_1_223' title='bbox 817 1700 846 1725; x_wconf 89' lang='lat' dir='ltr'>ct</span> <span class='ocrx_word' id='word_1_224' title='bbox 871 1692 1004 1726; x_wconf 88' lang='lat' dir='ltr'>formare</span> <span class='ocrx_word' id='word_1_225' title='bbox 1039 1705 1145 1738; x_wconf 77' lang='lat' dir='ltr'>pacem</span> 
     </span>
     <span class='ocr_line' id='line_1_58' title="bbox 398 1738 1145 1788; baseline 0.005 -16"><span class='ocrx_word' id='word_1_226' title='bbox 398 1738 523 1773; x_wconf 78' lang='lat' dir='ltr'>studeat</span> <span class='ocrx_word' id='word_1_227' title='bbox 550 1752 622 1774; x_wconf 88' lang='lat' dir='ltr'>eum</span> <span class='ocrx_word' id='word_1_228' title='bbox 657 1740 871 1774; x_wconf 79' lang='lat' dir='ltr'>moderamine</span> <span class='ocrx_word' id='word_1_229' title='bbox 894 1741 1089 1788; x_wconf 86' lang='lat' dir='ltr'>disciplinae.</span> <span class='ocrx_word' id='word_1_230' title='bbox 1113 1742 1145 1776; x_wconf 76' lang='lat' dir='ltr'>Si</span> 
     </span>
     <span class='ocr_line' id='line_1_59' title="bbox 400 1789 1146 1836; baseline 0.005 -15"><span class='ocrx_word' id='word_1_231' title='bbox 400 1798 502 1822; x_wconf 85' lang='lat' dir='ltr'>autem</span> <span class='ocrx_word' id='word_1_232' title='bbox 537 1789 676 1836; x_wconf 84' lang='lat' dir='ltr'>qnalibet</span> <span class='ocrx_word' id='word_1_233' title='bbox 709 1791 887 1835; x_wconf 80' lang='lat' dir='ltr'>occasione,</span> <span class='ocrx_word' id='word_1_234' title='bbox 922 1799 974 1825; x_wconf 89' lang='lat' dir='ltr'>aut</span> <span class='ocrx_word' id='word_1_235' title='bbox 1007 1799 1077 1826; x_wconf 87' lang='lat' dir='ltr'>tuae</span> <span class='ocrx_word' id='word_1_236' title='bbox 1105 1791 1146 1825; x_wconf 95' lang='lat' dir='ltr'>in-</span> 
     </span>
     <span class='ocr_line' id='line_1_60' title="bbox 398 1838 1147 1885; baseline 0.005 -14"><span class='ocrx_word' id='word_1_237' title='bbox 398 1838 570 1873; x_wconf 88' lang='lat' dir='ltr'>stitutionis</span> <span class='ocrx_word' id='word_1_238' title='bbox 605 1839 867 1885; x_wconf 76' lang='lat' dir='ltr'>praevaricatione</span> <span class='ocrx_word' id='word_1_239' title='bbox 903 1840 1147 1875; x_wconf 79' lang='lat' dir='ltr'>Mediolanensis</span> 
     </span>
     <span class='ocr_line' id='line_1_61' title="bbox 398 1888 1146 1935; baseline 0.007 -15.007"><span class='ocrx_word' id='word_1_240' title='bbox 398 1888 657 1935; x_wconf 69' lang='lat' dir='ltr'>archiepiscopus</span> <span class='ocrx_word' id='word_1_241' title='bbox 696 1889 867 1934; x_wconf 61' lang='lat' dir='ltr'>neglexerit</span> <span class='ocrx_word' id='word_1_242' title='bbox 908 1890 987 1924; x_wconf 86' lang='lat' dir='ltr'>hanc</span> <span class='ocrx_word' id='word_1_243' title='bbox 1032 1890 1146 1925; x_wconf 81' lang='lat' dir='ltr'>habere</span> 
     </span>
     <span class='ocr_line' id='line_1_62' title="bbox 397 1938 1145 1986; baseline 0.007 -16"><span class='ocrx_word' id='word_1_244' title='bbox 397 1949 502 1971; x_wconf 85' lang='lat' dir='ltr'>curam</span> <span class='ocrx_word' id='word_1_245' title='bbox 525 1945 555 1971; x_wconf 87' lang='lat' dir='ltr'>et</span> <span class='ocrx_word' id='word_1_246' title='bbox 575 1938 820 1979; x_wconf 72' lang='lat' dir='ltr'>solicitudintnn,</span> <span class='ocrx_word' id='word_1_247' title='bbox 837 1948 869 1973; x_wconf 91' lang='lat' dir='ltr'>ut</span> <span class='ocrx_word' id='word_1_248' title='bbox 889 1941 1145 1986; x_wconf 83' lang='lat' dir='ltr'>praeposuimns;</span> 
     </span>
     <span class='ocr_line' id='line_1_63' title="bbox 398 1986 1145 2036; baseline 0.007 -17.047"><span class='ocrx_word' id='word_1_249' title='bbox 398 1986 611 2033; x_wconf 75' lang='lat' dir='ltr'>Aquileiensis</span> <span class='ocrx_word' id='word_1_250' title='bbox 634 1987 806 2034; x_wconf 80' lang='lat' dir='ltr'>patriarcha</span> <span class='ocrx_word' id='word_1_251' title='bbox 829 1989 973 2023; x_wconf 87' lang='lat' dir='ltr'>similiter</span> <span class='ocrx_word' id='word_1_252' title='bbox 1001 1998 1033 2023; x_wconf 87' lang='lat' dir='ltr'>ut</span> <span class='ocrx_word' id='word_1_253' title='bbox 1053 2002 1145 2036; x_wconf 88' lang='lat' dir='ltr'>supra</span> 
     </span>
     <span class='ocr_line' id='line_1_64' title="bbox 400 2037 1144 2086; baseline 0.005 -17"><span class='ocrx_word' id='word_1_254' title='bbox 400 2045 526 2071; x_wconf 68' lang='lat' dir='ltr'>iocatus</span> <span class='ocrx_word' id='word_1_255' title='bbox 549 2037 624 2071; x_wconf 84' lang='lat' dir='ltr'>haec</span> <span class='ocrx_word' id='word_1_256' title='bbox 648 2038 753 2072; x_wconf 89' lang='lat' dir='ltr'>omnia</span> <span class='ocrx_word' id='word_1_257' title='bbox 776 2038 908 2073; x_wconf 81' lang='lat' dir='ltr'>fideliter</span> <span class='ocrx_word' id='word_1_258' title='bbox 927 2047 1144 2086; x_wconf 86' lang='lat' dir='ltr'>p10sequatur.</span> 
     </span>
     <span class='ocr_line' id='line_1_65' title="bbox 398 2084 1148 2143; baseline 0.005 -24"><span class='ocrx_word' id='word_1_259' title='bbox 398 2084 435 2119; x_wconf 87' lang='lat' dir='ltr'>Et</span> <span class='ocrx_word' id='word_1_260' title='bbox 456 2086 482 2120; x_wconf 91' lang='lat' dir='ltr'>si</span> <span class='ocrx_word' id='word_1_261' title='bbox 505 2086 672 2133; x_wconf 81' lang='lat' dir='ltr'>aliquando</span> <span class='ocrx_word' id='word_1_262' title='bbox 687 2096 739 2122; x_wconf 89' lang='lat' dir='ltr'>aut</span> <span class='ocrx_word' id='word_1_263' title='bbox 757 2100 812 2135; x_wconf 93' lang='lat' dir='ltr'>pro</span> <span class='ocrx_word' id='word_1_264' title='bbox 835 2089 1035 2143; x_wconf 78' lang='lat' dir='ltr'>praescriptis</span> <span class='ocrx_word' id='word_1_265' title='bbox 1055 2101 1148 2135; x_wconf 77' lang='lat' dir='ltr'>nego-</span> 
     </span>
     <span class='ocr_line' id='line_1_66' title="bbox 399 2135 1146 2185; baseline 0.005 -16"><span class='ocrx_word' id='word_1_266' title='bbox 399 2135 458 2176; x_wconf 86' lang='lat' dir='ltr'>tiis,</span> <span class='ocrx_word' id='word_1_267' title='bbox 481 2143 534 2170; x_wconf 87' lang='lat' dir='ltr'>aut</span> <span class='ocrx_word' id='word_1_268' title='bbox 561 2148 616 2183; x_wconf 88' lang='lat' dir='ltr'>pro</span> <span class='ocrx_word' id='word_1_269' title='bbox 643 2136 746 2184; x_wconf 87' lang='lat' dir='ltr'>aliqua</span> <span class='ocrx_word' id='word_1_270' title='bbox 777 2138 926 2185; x_wconf 85' lang='lat' dir='ltr'>temporis</span> <span class='ocrx_word' id='word_1_271' title='bbox 949 2139 1146 2183; x_wconf 73' lang='lat' dir='ltr'>necessitate,</span> 
     </span>
     <span class='ocr_line' id='line_1_67' title="bbox 398 2185 1145 2233; baseline 0.005 -15"><span class='ocrx_word' id='word_1_272' title='bbox 398 2192 450 2219; x_wconf 89' lang='lat' dir='ltr'>aut</span> <span class='ocrx_word' id='word_1_273' title='bbox 480 2185 574 2220; x_wconf 83' lang='lat' dir='ltr'>etiam</span> <span class='ocrx_word' id='word_1_274' title='bbox 609 2198 666 2233; x_wconf 94' lang='lat' dir='ltr'>pro</span> <span class='ocrx_word' id='word_1_275' title='bbox 704 2186 942 2229; x_wconf 75' lang='lat' dir='ltr'>malionantium</span> <span class='ocrx_word' id='word_1_276' title='bbox 983 2188 1145 2222; x_wconf 88' lang='lat' dir='ltr'>hominum</span> 
     </span>
     <span class='ocr_line' id='line_1_68' title="bbox 398 2234 1147 2284; baseline 0.005 -16.005"><span class='ocrx_word' id='word_1_277' title='bbox 398 2234 567 2280; x_wconf 77' lang='lat' dir='ltr'>gravedine</span> <span class='ocrx_word' id='word_1_278' title='bbox 590 2236 777 2282; x_wconf 78' lang='lat' dir='ltr'>oportuerit,</span> <span class='ocrx_word' id='word_1_279' title='bbox 800 2237 881 2271; x_wconf 87' lang='lat' dir='ltr'>hanc</span> <span class='ocrx_word' id='word_1_280' title='bbox 904 2245 1041 2272; x_wconf 77' lang='lat' dir='ltr'>nostiam</span> <span class='ocrx_word' id='word_1_281' title='bbox 1064 2250 1147 2284; x_wconf 82' lang='lat' dir='ltr'>apo-</span> 
     </span>
     <span class='ocr_line' id='line_1_69' title="bbox 397 2264 1148 2332; baseline 0.007 -15"><span class='ocrx_word' id='word_1_282' title='bbox 397 2283 537 2318; x_wconf 82' lang='lat' dir='ltr'>stolicam</span> <span class='ocrx_word' id='word_1_283' title='bbox 557 2284 664 2319; x_wconf 89' lang='lat' dir='ltr'>sedem</span> <span class='ocrx_word' id='word_1_284' title='bbox 687 2264 862 2332; x_wconf 80' lang='lat' dir='ltr'>appellare,</span> <span class='ocrx_word' id='word_1_285' title='bbox 884 2286 1099 2331; x_wconf 83' lang='lat' dir='ltr'>obsecramus,</span> <span class='ocrx_word' id='word_1_286' title='bbox 1117 2295 1148 2322; x_wconf 85' lang='lat' dir='ltr'>et</span> 
     </span>
     <span class='ocr_line' id='line_1_70' title="bbox 398 2333 1147 2384; baseline 0.005 -17"><span class='ocrx_word' id='word_1_287' title='bbox 398 2333 593 2368; x_wconf 85' lang='lat' dir='ltr'>obtestamur</span> <span class='ocrx_word' id='word_1_288' title='bbox 614 2347 724 2369; x_wconf 82' lang='lat' dir='ltr'>omues</span> <span class='ocrx_word' id='word_1_289' title='bbox 739 2348 937 2371; x_wconf 70' lang='grc' dir='ltr'>5ιιοεθε5οιι5</span> <span class='ocrx_word' id='word_1_290' title='bbox 952 2344 1077 2371; x_wconf 87' lang='lat' dir='ltr'>nostros</span> <span class='ocrx_word' id='word_1_291' title='bbox 1093 2350 1147 2384; x_wconf 89' lang='lat' dir='ltr'>per</span> 
     </span>
     <span class='ocr_line' id='line_1_71' title="bbox 398 2383 1148 2432; baseline 0.005 -15"><span class='ocrx_word' id='word_1_292' title='bbox 398 2383 507 2418; x_wconf 85' lang='lat' dir='ltr'>merita</span> <span class='ocrx_word' id='word_1_293' title='bbox 525 2383 583 2417; x_wconf 90' lang='lat' dir='ltr'>Bb.</span> <span class='ocrx_word' id='word_1_294' title='bbox 596 2384 822 2431; x_wconf 85' lang='lat' dir='ltr'>apostolorum,</span> <span class='ocrx_word' id='word_1_295' title='bbox 839 2394 994 2432; x_wconf 81' lang='lat' dir='ltr'>quatenus</span> <span class='ocrx_word' id='word_1_296' title='bbox 1009 2386 1047 2421; x_wconf 86' lang='lat' dir='ltr'>ad</span> <span class='ocrx_word' id='word_1_297' title='bbox 1063 2387 1148 2421; x_wconf 90' lang='lat' dir='ltr'>sub-</span> 
     </span>
     <span class='ocr_line' id='line_1_72' title="bbox 398 2432 1148 2483; baseline 0.004 -16"><span class='ocrx_word' id='word_1_298' title='bbox 398 2432 597 2472; x_wconf 87' lang='lat' dir='ltr'>levationem,</span> <span class='ocrx_word' id='word_1_299' title='bbox 634 2442 664 2468; x_wconf 88' lang='lat' dir='ltr'>et</span> <span class='ocrx_word' id='word_1_300' title='bbox 698 2434 912 2469; x_wconf 74' lang='lat' dir='ltr'>defensionem</span> <span class='ocrx_word' id='word_1_301' title='bbox 952 2436 1012 2470; x_wconf 82' lang='lat' dir='ltr'>loci</span> <span class='ocrx_word' id='word_1_302' title='bbox 1049 2436 1148 2483; x_wconf 88' lang='lat' dir='ltr'>ipsius</span> 
     </span>
     <span class='ocr_line' id='line_1_73' title="bbox 396 2483 1147 2530; baseline 0.007 -14"><span class='ocrx_word' id='word_1_303' title='bbox 396 2493 525 2528; x_wconf 84' lang='lat' dir='ltr'>operam</span> <span class='ocrx_word' id='word_1_304' title='bbox 553 2483 681 2518; x_wconf 83' lang='lat' dir='ltr'>viriliter</span> <span class='ocrx_word' id='word_1_305' title='bbox 698 2496 795 2530; x_wconf 87' lang='lat' dir='ltr'>usque</span> <span class='ocrx_word' id='word_1_306' title='bbox 823 2485 859 2518; x_wconf 87' lang='lat' dir='ltr'>ad</span> <span class='ocrx_word' id='word_1_307' title='bbox 887 2484 1033 2520; x_wconf 74' lang='lat' dir='ltr'>effectum</span> <span class='ocrx_word' id='word_1_308' title='bbox 1062 2486 1147 2527; x_wconf 86' lang='lat' dir='ltr'>dare,</span> 
     </span>
     <span class='ocr_line' id='line_1_74' title="bbox 397 2531 1147 2582; baseline 0.008 -17"><span class='ocrx_word' id='word_1_309' title='bbox 397 2531 498 2567; x_wconf 84' lang='lat' dir='ltr'>donec</span> <span class='ocrx_word' id='word_1_310' title='bbox 513 2543 625 2568; x_wconf 88' lang='lat' dir='ltr'>omnes</span> <span class='ocrx_word' id='word_1_311' title='bbox 646 2533 713 2569; x_wconf 88' lang='lat' dir='ltr'>eius</span> <span class='ocrx_word' id='word_1_312' title='bbox 728 2536 893 2582; x_wconf 84' lang='lat' dir='ltr'>sopiantur</span> <span class='ocrx_word' id='word_1_313' title='bbox 905 2536 1147 2578; x_wconf 79' lang='lat' dir='ltr'>controversiae,</span> 
     </span>
     <span class='ocr_line' id='line_1_75' title="bbox 397 2581 554 2617; baseline 0.014 -2"><span class='ocrx_word' id='word_1_314' title='bbox 397 2581 554 2617; x_wconf 85' lang='lat' dir='ltr'>studeant.</span> 
     </span>
    </p>
   </div>
   <div class='ocr_carea' id='block_1_8' title="bbox 433 2643 545 2680">
    <p class='ocr_par' dir='ltr' id='par_1_9' title="bbox 433 2643 545 2680">
     <span class='ocr_line' id='line_1_76' title="bbox 433 2643 545 2680; baseline 0.018 -9"><span class='ocrx_word' id='word_1_315' title='bbox 433 2643 474 2680; x_wconf 85' lang='lat'>(¹)</span> <span class='ocrx_word' id='word_1_316' title='bbox 489 2644 545 2673; x_wconf 85' lang='lat' dir='ltr'>Sic.</span> 
     </span>
    </p>
   </div>
   <div class='ocr_carea' id='block_1_9' title="bbox 1015 250 1388 274">
    <p class='ocr_par' dir='ltr' id='par_1_10' title="bbox 1015 250 1388 274">
     <span class='ocr_line' id='line_1_77' title="bbox 1015 250 1388 274; baseline 0 0"><span class='ocrx_word' id='word_1_317' title='bbox 1015 251 1094 274; x_wconf 69' lang='lat' dir='ltr'>num,</span> <span class='ocrx_word' id='word_1_318' title='bbox 1104 251 1115 272; x_wconf 61' lang='grc' dir='ltr'><strong>Χ</strong></span> <span class='ocrx_word' id='word_1_319' title='bbox 1121 250 1203 273; x_wconf 69' lang='lat' dir='ltr'>mm!</span> <span class='ocrx_word' id='word_1_320' title='bbox 1224 250 1314 273; x_wconf 55' lang='lat' dir='ltr'>3³0¹le</span> <span class='ocrx_word' id='word_1_321' title='bbox 1321 251 1388 274; x_wconf 67' lang='lat' dir='ltr'>xmt</span> 
     </span>
    </p>
   </div>
   <div class='ocr_carea' id='block_1_10' title="bbox 1187 305 1949 2681">
    <p class='ocr_par' dir='ltr' id='par_1_11' title="bbox 1188 305 1949 1726">
     <span class='ocr_line' id='line_1_78' title="bbox 1255 305 1949 351; baseline 0.003 -11"><span class='ocrx_word' id='word_1_322' title='bbox 1255 309 1286 340; x_wconf 77' lang='lat'>5.</span> <span class='ocrx_word' id='word_1_323' title='bbox 1315 306 1398 341; x_wconf 81' lang='lat' dir='ltr'>Inter</span> <span class='ocrx_word' id='word_1_324' title='bbox 1422 306 1497 341; x_wconf 86' lang='lat' dir='ltr'>haec</span> <span class='ocrx_word' id='word_1_325' title='bbox 1517 305 1700 341; x_wconf 61' lang='lat' dir='ltr'>Ravennati&gt;</span> <span class='ocrx_word' id='word_1_326' title='bbox 1714 305 1949 351; x_wconf 78' lang='lat' dir='ltr'>archiepiscopo</span> 
     </span>
     <span class='ocr_line' id='line_1_79' title="bbox 1204 356 1948 402; baseline 0.003 -13"><span class='ocrx_word' id='word_1_327' title='bbox 1204 367 1276 390; x_wconf 89' lang='lat' dir='ltr'>cum</span> <span class='ocrx_word' id='word_1_328' title='bbox 1289 356 1455 391; x_wconf 86' lang='lat' dir='ltr'>Tieiueuse</span> <span class='ocrx_word' id='word_1_329' title='bbox 1473 364 1504 390; x_wconf 87' lang='lat' dir='ltr'>et</span> <span class='ocrx_word' id='word_1_330' title='bbox 1519 356 1713 396; x_wconf 83' lang='lat' dir='ltr'>Placentino,</span> <span class='ocrx_word' id='word_1_331' title='bbox 1735 365 1764 390; x_wconf 85' lang='lat' dir='ltr'>et</span> <span class='ocrx_word' id='word_1_332' title='bbox 1778 356 1948 402; x_wconf 55' lang='lat' dir='ltr'>Regiense,</span> 
     </span>
     <span class='ocr_line' id='line_1_80' title="bbox 1203 405 1948 445; baseline 0.003 -6"><span class='ocrx_word' id='word_1_333' title='bbox 1203 413 1234 438; x_wconf 85' lang='lat' dir='ltr'>ct</span> <span class='ocrx_word' id='word_1_334' title='bbox 1265 405 1443 439; x_wconf 77' lang='lat' dir='ltr'>Mutinense</span> <span class='ocrx_word' id='word_1_335' title='bbox 1481 417 1551 439; x_wconf 83' lang='lat' dir='ltr'>cum</span> <span class='ocrx_word' id='word_1_336' title='bbox 1575 405 1756 445; x_wconf 82' lang='lat' dir='ltr'>Mantuano,</span> <span class='ocrx_word' id='word_1_337' title='bbox 1784 414 1814 440; x_wconf 86' lang='lat' dir='ltr'>et</span> <span class='ocrx_word' id='word_1_338' title='bbox 1849 406 1948 441; x_wconf 84' lang='lat' dir='ltr'>Vero-</span> 
     </span>
     <span class='ocr_line' id='line_1_81' title="bbox 1205 454 1920 498; baseline 0.004 -11"><span class='ocrx_word' id='word_1_339' title='bbox 1205 466 1301 489; x_wconf 81' lang='lat' dir='ltr'>nense</span> <span class='ocrx_word' id='word_1_340' title='bbox 1333 467 1404 489; x_wconf 87' lang='lat' dir='ltr'>eum</span> <span class='ocrx_word' id='word_1_341' title='bbox 1440 454 1626 498; x_wconf 85' lang='lat' dir='ltr'>Laudense,</span> <span class='ocrx_word' id='word_1_342' title='bbox 1657 463 1687 489; x_wconf 87' lang='lat' dir='ltr'>et</span> <span class='ocrx_word' id='word_1_343' title='bbox 1720 454 1920 490; x_wconf 85' lang='lat' dir='ltr'>Vercellense</span> 
     </span>
     <span class='ocr_line' id='line_1_82' title="bbox 1202 503 1945 550; baseline 0.003 -13"><span class='ocrx_word' id='word_1_344' title='bbox 1202 503 1334 550; x_wconf 87' lang='lat' dir='ltr'>aliisque</span> <span class='ocrx_word' id='word_1_345' title='bbox 1367 503 1585 549; x_wconf 74' lang='lat' dir='ltr'>coepiscopis,</span> <span class='ocrx_word' id='word_1_346' title='bbox 1611 505 1777 538; x_wconf 88' lang='lat' dir='ltr'>nobiscum</span> <span class='ocrx_word' id='word_1_347' title='bbox 1807 513 1945 539; x_wconf 86' lang='lat' dir='ltr'>sanctam</span> 
     </span>
     <span class='ocr_line' id='line_1_83' title="bbox 1202 553 1944 600; baseline 0.004 -14"><span class='ocrx_word' id='word_1_348' title='bbox 1202 553 1357 600; x_wconf 72' lang='lat' dir='ltr'>synodum</span> <span class='ocrx_word' id='word_1_349' title='bbox 1381 553 1626 597; x_wconf 79' lang='lat' dir='ltr'>celebrantibus,</span> <span class='ocrx_word' id='word_1_350' title='bbox 1648 561 1678 587; x_wconf 86' lang='lat' dir='ltr'>et</span> <span class='ocrx_word' id='word_1_351' title='bbox 1700 561 1771 588; x_wconf 88' lang='lat' dir='ltr'>tuae</span> <span class='ocrx_word' id='word_1_352' title='bbox 1795 554 1944 589; x_wconf 86' lang='lat' dir='ltr'>voluntati</span> 
     </span>
     <span class='ocr_line' id='line_1_84' title="bbox 1201 602 1946 650; baseline 0.005 -15"><span class='ocrx_word' id='word_1_353' title='bbox 1201 614 1363 636; x_wconf 87' lang='lat' dir='ltr'>assensum</span> <span class='ocrx_word' id='word_1_354' title='bbox 1402 602 1648 649; x_wconf 84' lang='lat' dir='ltr'>praebentibus,</span> <span class='ocrx_word' id='word_1_355' title='bbox 1684 604 1827 638; x_wconf 74' lang='lat' dir='ltr'>volumus</span> <span class='ocrx_word' id='word_1_356' title='bbox 1853 611 1946 650; x_wconf 84' lang='lat' dir='ltr'>atque</span> 
     </span>
     <span class='ocr_line' id='line_1_85' title="bbox 1202 652 1947 699; baseline 0.004 -14"><span class='ocrx_word' id='word_1_357' title='bbox 1202 652 1405 695; x_wconf 76' lang='lat' dir='ltr'>instituimus,</span> <span class='ocrx_word' id='word_1_358' title='bbox 1428 660 1461 686; x_wconf 87' lang='lat' dir='ltr'>ut</span> <span class='ocrx_word' id='word_1_359' title='bbox 1484 653 1712 699; x_wconf 84' lang='lat' dir='ltr'>cuiuscumque</span> <span class='ocrx_word' id='word_1_360' title='bbox 1734 653 1854 687; x_wconf 87' lang='lat' dir='ltr'>ordinis</span> <span class='ocrx_word' id='word_1_361' title='bbox 1880 653 1947 688; x_wconf 82' lang='lat' dir='ltr'>cle-</span> 
     </span>
     <span class='ocr_line' id='line_1_86' title="bbox 1201 701 1946 747; baseline 0.004 -12"><span class='ocrx_word' id='word_1_362' title='bbox 1201 701 1293 742; x_wconf 85' lang='lat' dir='ltr'>ricos,</span> <span class='ocrx_word' id='word_1_363' title='bbox 1316 701 1369 747; x_wconf 86' lang='lat' dir='ltr'>qui</span> <span class='ocrx_word' id='word_1_364' title='bbox 1393 703 1422 735; x_wconf 84' lang='lat' dir='ltr'>in</span> <span class='ocrx_word' id='word_1_365' title='bbox 1452 702 1562 736; x_wconf 86' lang='lat' dir='ltr'>eodem</span> <span class='ocrx_word' id='word_1_366' title='bbox 1590 710 1710 737; x_wconf 83' lang='lat' dir='ltr'>sacrato</span> <span class='ocrx_word' id='word_1_367' title='bbox 1738 703 1805 737; x_wconf 86' lang='lat' dir='ltr'>loco</span> <span class='ocrx_word' id='word_1_368' title='bbox 1834 703 1946 738; x_wconf 86' lang='lat' dir='ltr'>missa-</span> 
     </span>
     <span class='ocr_line' id='line_1_87' title="bbox 1201 750 1946 792; baseline 0.004 -8"><span class='ocrx_word' id='word_1_369' title='bbox 1201 763 1268 784; x_wconf 86' lang='lat' dir='ltr'>rum</span> <span class='ocrx_word' id='word_1_370' title='bbox 1295 751 1447 785; x_wconf 86' lang='lat' dir='ltr'>solemuia</span> <span class='ocrx_word' id='word_1_371' title='bbox 1469 750 1663 786; x_wconf 75' lang='lat' dir='ltr'>celebrantes</span> <span class='ocrx_word' id='word_1_372' title='bbox 1697 752 1889 792; x_wconf 88' lang='lat' dir='ltr'>deserviunt,</span> <span class='ocrx_word' id='word_1_373' title='bbox 1915 761 1946 787; x_wconf 89' lang='lat' dir='ltr'>et</span> 
     </span>
     <span class='ocr_line' id='line_1_88' title="bbox 1199 800 1946 848; baseline 0.005 -15"><span class='ocrx_word' id='word_1_374' title='bbox 1199 812 1273 839; x_wconf 72' lang='lat' dir='ltr'>eos,</span> <span class='ocrx_word' id='word_1_375' title='bbox 1297 800 1349 847; x_wconf 94' lang='lat' dir='ltr'>qui</span> <span class='ocrx_word' id='word_1_376' title='bbox 1373 800 1403 834; x_wconf 92' lang='lat' dir='ltr'>in</span> <span class='ocrx_word' id='word_1_377' title='bbox 1431 801 1570 835; x_wconf 82' lang='lat' dir='ltr'>eiusdem</span> <span class='ocrx_word' id='word_1_378' title='bbox 1604 801 1782 836; x_wconf 76' lang='lat' dir='ltr'>monasterii</span> <span class='ocrx_word' id='word_1_379' title='bbox 1817 801 1946 848; x_wconf 87' lang='lat' dir='ltr'>capellis</span> 
     </span>
     <span class='ocr_line' id='line_1_89' title="bbox 1200 849 1944 896; baseline 0.004 -13"><span class='ocrx_word' id='word_1_380' title='bbox 1200 849 1389 896; x_wconf 88' lang='lat' dir='ltr'>ubicumque</span> <span class='ocrx_word' id='word_1_381' title='bbox 1423 850 1525 884; x_wconf 78' lang='lat' dir='ltr'>divina</span> <span class='ocrx_word' id='word_1_382' title='bbox 1555 851 1666 896; x_wconf 76' lang='lat' dir='ltr'>iugiter</span> <span class='ocrx_word' id='word_1_383' title='bbox 1687 851 1786 885; x_wconf 80' lang='lat' dir='ltr'>ollicia</span> <span class='ocrx_word' id='word_1_384' title='bbox 1811 851 1944 892; x_wconf 83' lang='lat' dir='ltr'>faciunt,</span> 
     </span>
     <span class='ocr_line' id='line_1_90' title="bbox 1198 899 1946 948; baseline 0.004 -16"><span class='ocrx_word' id='word_1_385' title='bbox 1198 899 1289 933; x_wconf 76' lang='lat' dir='ltr'>liceat</span> <span class='ocrx_word' id='word_1_386' title='bbox 1321 900 1487 946; x_wconf 82' lang='lat' dir='ltr'>praecipue</span> <span class='ocrx_word' id='word_1_387' title='bbox 1522 899 1748 935; x_wconf 80' lang='lat' dir='ltr'>Mediolanensi</span> <span class='ocrx_word' id='word_1_388' title='bbox 1782 901 1946 948; x_wconf 84' lang='lat' dir='ltr'>archiepi-</span> 
     </span>
     <span class='ocr_line' id='line_1_91' title="bbox 1197 949 1946 997; baseline 0.004 -15"><span class='ocrx_word' id='word_1_389' title='bbox 1197 961 1303 996; x_wconf 84' lang='lat' dir='ltr'>scopo,</span> <span class='ocrx_word' id='word_1_390' title='bbox 1340 957 1393 983; x_wconf 87' lang='lat' dir='ltr'>aut</span> <span class='ocrx_word' id='word_1_391' title='bbox 1428 949 1620 996; x_wconf 81' lang='lat' dir='ltr'>patriarchae</span> <span class='ocrx_word' id='word_1_392' title='bbox 1653 949 1834 997; x_wconf 88' lang='lat' dir='ltr'>supradicto</span> <span class='ocrx_word' id='word_1_393' title='bbox 1869 963 1946 997; x_wconf 84' lang='lat' dir='ltr'>pro-</span> 
     </span>
     <span class='ocr_line' id='line_1_92' title="bbox 1198 1000 1944 1040; baseline 0.005 -9"><span class='ocrx_word' id='word_1_394' title='bbox 1198 1010 1333 1040; x_wconf 85' lang='lat' dir='ltr'>movere,</span> <span class='ocrx_word' id='word_1_395' title='bbox 1356 1006 1386 1034; x_wconf 86' lang='lat' dir='ltr'>et</span> <span class='ocrx_word' id='word_1_396' title='bbox 1411 1011 1607 1037; x_wconf 83' lang='lat' dir='ltr'>consecrare,</span> <span class='ocrx_word' id='word_1_397' title='bbox 1623 1000 1671 1034; x_wconf 72' lang='lat' dir='ltr'>vel</span> <span class='ocrx_word' id='word_1_398' title='bbox 1699 1000 1748 1034; x_wconf 86' lang='lat' dir='ltr'>alii</span> <span class='ocrx_word' id='word_1_399' title='bbox 1772 1000 1863 1034; x_wconf 82' lang='lat' dir='ltr'>etiam</span> <span class='ocrx_word' id='word_1_400' title='bbox 1880 1000 1944 1035; x_wconf 85' lang='lat' dir='ltr'>eui-</span> 
     </span>
     <span class='ocr_line' id='line_1_93' title="bbox 1196 1047 1943 1096; baseline 0.003 -14"><span class='ocrx_word' id='word_1_401' title='bbox 1196 1047 1270 1082; x_wconf 89' lang='lat' dir='ltr'>libet</span> <span class='ocrx_word' id='word_1_402' title='bbox 1296 1049 1457 1096; x_wconf 82' lang='lat' dir='ltr'>episcopo,</span> <span class='ocrx_word' id='word_1_403' title='bbox 1479 1061 1572 1095; x_wconf 89' lang='lat' dir='ltr'>quem</span> <span class='ocrx_word' id='word_1_404' title='bbox 1592 1048 1748 1084; x_wconf 81' lang='lat' dir='ltr'>abbatissa</span> <span class='ocrx_word' id='word_1_405' title='bbox 1769 1049 1829 1084; x_wconf 90' lang='lat' dir='ltr'>loci</span> <span class='ocrx_word' id='word_1_406' title='bbox 1857 1049 1943 1084; x_wconf 92' lang='lat' dir='ltr'>illius</span> 
     </span>
     <span class='ocr_line' id='line_1_94' title="bbox 1196 1098 1941 1145; baseline 0.004 -15"><span class='ocrx_word' id='word_1_407' title='bbox 1196 1098 1327 1133; x_wconf 79' lang='lat' dir='ltr'>voluerit</span> <span class='ocrx_word' id='word_1_408' title='bbox 1343 1110 1461 1145; x_wconf 75' lang='lat' dir='ltr'>rogare..</span> <span class='ocrx_word' id='word_1_409' title='bbox 1485 1098 1581 1139; x_wconf 87' lang='lat' dir='ltr'>Haec,</span> <span class='ocrx_word' id='word_1_410' title='bbox 1598 1107 1628 1132; x_wconf 89' lang='lat' dir='ltr'>et</span> <span class='ocrx_word' id='word_1_411' title='bbox 1648 1099 1707 1134; x_wconf 87' lang='lat' dir='ltr'>alia</span> <span class='ocrx_word' id='word_1_412' title='bbox 1732 1099 1941 1134; x_wconf 71' lang='lat' dir='ltr'>ecclesiastici</span> 
     </span>
     <span class='ocr_line' id='line_1_95' title="bbox 1194 1147 1943 1184; baseline 0.005 -5"><span class='ocrx_word' id='word_1_413' title='bbox 1194 1148 1284 1182; x_wconf 77' lang='lat' dir='ltr'>ollicii</span> <span class='ocrx_word' id='word_1_414' title='bbox 1324 1147 1493 1182; x_wconf 77' lang='lat' dir='ltr'>ministeria</span> <span class='ocrx_word' id='word_1_415' title='bbox 1521 1148 1583 1182; x_wconf 87' lang='lat' dir='ltr'>sint</span> <span class='ocrx_word' id='word_1_416' title='bbox 1611 1149 1640 1182; x_wconf 93' lang='lat' dir='ltr'>in</span> <span class='ocrx_word' id='word_1_417' title='bbox 1673 1148 1849 1183; x_wconf 82' lang='lat' dir='ltr'>abbatissae</span> <span class='ocrx_word' id='word_1_418' title='bbox 1886 1161 1943 1184; x_wconf 89' lang='lat' dir='ltr'>vo-</span> 
     </span>
     <span class='ocr_line' id='line_1_96' title="bbox 1195 1197 1942 1244; baseline 0.005 -15"><span class='ocrx_word' id='word_1_419' title='bbox 1195 1197 1322 1237; x_wconf 82' lang='lat' dir='ltr'>luntate,</span> <span class='ocrx_word' id='word_1_420' title='bbox 1353 1207 1386 1232; x_wconf 87' lang='lat' dir='ltr'>ut</span> <span class='ocrx_word' id='word_1_421' title='bbox 1414 1198 1512 1244; x_wconf 89' lang='lat' dir='ltr'>possit</span> <span class='ocrx_word' id='word_1_422' title='bbox 1545 1198 1687 1232; x_wconf 76' lang='lat' dir='ltr'>videlicet</span> <span class='ocrx_word' id='word_1_423' title='bbox 1721 1198 1882 1239; x_wconf 84' lang='lat' dir='ltr'>chrisma,</span> <span class='ocrx_word' id='word_1_424' title='bbox 1910 1206 1942 1233; x_wconf 82' lang='lat' dir='ltr'>et</span> 
     </span>
     <span class='ocr_line' id='line_1_97' title="bbox 1193 1246 1939 1283; baseline 0.004 -4"><span class='ocrx_word' id='word_1_425' title='bbox 1193 1246 1403 1282; x_wconf 75' lang='lat' dir='ltr'>Ecclesiarum</span> <span class='ocrx_word' id='word_1_426' title='bbox 1448 1260 1574 1281; x_wconf 86' lang='lat' dir='ltr'>suarum</span> <span class='ocrx_word' id='word_1_427' title='bbox 1619 1249 1891 1283; x_wconf 82' lang='lat' dir='ltr'>consecrationem</span> <span class='ocrx_word' id='word_1_428' title='bbox 1922 1260 1939 1282; x_wconf 87' lang='lat' dir='ltr'>a</span> 
     </span>
     <span class='ocr_line' id='line_1_98' title="bbox 1192 1296 1942 1344; baseline 0.004 -15"><span class='ocrx_word' id='word_1_429' title='bbox 1192 1309 1393 1344; x_wconf 84' lang='lat' dir='ltr'>quocumque</span> <span class='ocrx_word' id='word_1_430' title='bbox 1415 1297 1442 1331; x_wconf 93' lang='lat' dir='ltr'>ei</span> <span class='ocrx_word' id='word_1_431' title='bbox 1473 1297 1594 1331; x_wconf 87' lang='lat' dir='ltr'>libitum</span> <span class='ocrx_word' id='word_1_432' title='bbox 1618 1296 1720 1336; x_wconf 78' lang='lat' dir='ltr'>suerit,</span> <span class='ocrx_word' id='word_1_433' title='bbox 1751 1297 1837 1332; x_wconf 84' lang='lat' dir='ltr'>omui</span> <span class='ocrx_word' id='word_1_434' title='bbox 1858 1304 1942 1332; x_wconf 82' lang='lat' dir='ltr'>tem-</span> 
     </span>
     <span class='ocr_line' id='line_1_99' title="bbox 1192 1346 1941 1394; baseline 0.004 -15"><span class='ocrx_word' id='word_1_435' title='bbox 1192 1358 1267 1392; x_wconf 85' lang='lat' dir='ltr'>pore</span> <span class='ocrx_word' id='word_1_436' title='bbox 1294 1346 1476 1393; x_wconf 73' lang='lat' dir='ltr'>impetrare,</span> <span class='ocrx_word' id='word_1_437' title='bbox 1493 1347 1531 1380; x_wconf 89' lang='lat' dir='ltr'>ita</span> <span class='ocrx_word' id='word_1_438' title='bbox 1553 1356 1654 1381; x_wconf 86' lang='lat' dir='ltr'>tamen</span> <span class='ocrx_word' id='word_1_439' title='bbox 1673 1355 1705 1381; x_wconf 88' lang='grc' dir='ltr'>ιιι</span> <span class='ocrx_word' id='word_1_440' title='bbox 1727 1347 1752 1381; x_wconf 89' lang='grc' dir='ltr'>5ι</span> <span class='ocrx_word' id='word_1_441' title='bbox 1768 1347 1941 1394; x_wconf 84' lang='lat' dir='ltr'>aliquando</span> 
     </span>
     <span class='ocr_line' id='line_1_100' title="bbox 1192 1396 1943 1444; baseline 0.003 -16"><span class='ocrx_word' id='word_1_442' title='bbox 1192 1396 1227 1429; x_wconf 89' lang='lat' dir='ltr'>ad</span> <span class='ocrx_word' id='word_1_443' title='bbox 1253 1396 1329 1429; x_wconf 78' lang='lat' dir='ltr'>haec</span> <span class='ocrx_word' id='word_1_444' title='bbox 1358 1396 1434 1430; x_wconf 76' lang='lat' dir='ltr'>l&#39;orte</span> <span class='ocrx_word' id='word_1_445' title='bbox 1463 1396 1622 1441; x_wconf 73' lang='lat' dir='ltr'>rogabitur</span> <span class='ocrx_word' id='word_1_446' title='bbox 1645 1396 1848 1431; x_wconf 77' lang='lat' dir='ltr'>Placentinus</span> <span class='ocrx_word' id='word_1_447' title='bbox 1869 1397 1943 1444; x_wconf 85' lang='lat' dir='ltr'>epi-</span> 
     </span>
     <span class='ocr_line' id='line_1_101' title="bbox 1191 1445 1942 1492; baseline 0.005 -15"><span class='ocrx_word' id='word_1_448' title='bbox 1191 1457 1316 1489; x_wconf 76' lang='lat' dir='ltr'>scopus,</span> <span class='ocrx_word' id='word_1_449' title='bbox 1341 1446 1368 1479; x_wconf 88' lang='lat' dir='ltr'>in</span> <span class='ocrx_word' id='word_1_450' title='bbox 1400 1447 1558 1492; x_wconf 68' lang='lat' dir='ltr'>praedicto</span> <span class='ocrx_word' id='word_1_451' title='bbox 1586 1445 1737 1480; x_wconf 67' lang='lat' dir='ltr'>coenobio</span> <span class='ocrx_word' id='word_1_452' title='bbox 1754 1474 1762 1484; x_wconf 80' lang='lat'>,</span> <span class='ocrx_word' id='word_1_453' title='bbox 1783 1454 1813 1480; x_wconf 77' lang='lat' dir='ltr'>et</span> <span class='ocrx_word' id='word_1_454' title='bbox 1834 1459 1942 1481; x_wconf 72' lang='lat' dir='ltr'>xeno-</span> 
     </span>
     <span class='ocr_line' id='line_1_102' title="bbox 1190 1494 1940 1541; baseline 0.004 -13"><span class='ocrx_word' id='word_1_455' title='bbox 1190 1494 1316 1533; x_wconf 86' lang='lat' dir='ltr'>dochio,</span> <span class='ocrx_word' id='word_1_456' title='bbox 1354 1495 1511 1541; x_wconf 78' lang='lat' dir='ltr'>rebusque</span> <span class='ocrx_word' id='word_1_457' title='bbox 1552 1496 1716 1540; x_wconf 85' lang='lat' dir='ltr'>ipsorum,</span> <span class='ocrx_word' id='word_1_458' title='bbox 1752 1495 1874 1530; x_wconf 84' lang='lat' dir='ltr'>nullum</span> <span class='ocrx_word' id='word_1_459' title='bbox 1905 1508 1940 1531; x_wconf 84' lang='lat' dir='ltr'>se</span> 
     </span>
     <span class='ocr_line' id='line_1_103' title="bbox 1191 1544 1938 1591; baseline 0.004 -14"><span class='ocrx_word' id='word_1_460' title='bbox 1191 1545 1309 1578; x_wconf 78' lang='lat' dir='ltr'>noverit</span> <span class='ocrx_word' id='word_1_461' title='bbox 1332 1544 1444 1578; x_wconf 78' lang='lat' dir='ltr'>amodo</span> <span class='ocrx_word' id='word_1_462' title='bbox 1472 1553 1501 1578; x_wconf 85' lang='lat' dir='ltr'>et</span> <span class='ocrx_word' id='word_1_463' title='bbox 1529 1544 1678 1590; x_wconf 69' lang='lat' dir='ltr'>deinceps</span> <span class='ocrx_word' id='word_1_464' title='bbox 1707 1545 1753 1579; x_wconf 89' lang='lat' dir='ltr'>ius</span> <span class='ocrx_word' id='word_1_465' title='bbox 1777 1546 1938 1591; x_wconf 84' lang='lat' dir='ltr'>potestatis</span> 
     </span>
     <span class='ocr_line' id='line_1_104' title="bbox 1190 1593 1941 1640; baseline 0.004 -14"><span class='ocrx_word' id='word_1_466' title='bbox 1190 1593 1315 1633; x_wconf 84' lang='lat' dir='ltr'>habere,</span> <span class='ocrx_word' id='word_1_467' title='bbox 1338 1606 1441 1640; x_wconf 77' lang='lat' dir='ltr'>neque</span> <span class='ocrx_word' id='word_1_468' title='bbox 1463 1595 1554 1627; x_wconf 87' lang='lat' dir='ltr'>etiam</span> <span class='ocrx_word' id='word_1_469' title='bbox 1582 1594 1620 1628; x_wconf 89' lang='lat' dir='ltr'>ad</span> <span class='ocrx_word' id='word_1_470' title='bbox 1645 1595 1754 1628; x_wconf 80' lang='lat' dir='ltr'>missas</span> <span class='ocrx_word' id='word_1_471' title='bbox 1781 1595 1941 1629; x_wconf 78' lang='lat' dir='ltr'>celebran-</span> 
     </span>
     <span class='ocr_line' id='line_1_105' title="bbox 1189 1642 1940 1690; baseline 0.004 -14"><span class='ocrx_word' id='word_1_472' title='bbox 1189 1642 1244 1676; x_wconf 89' lang='lat' dir='ltr'>das</span> <span class='ocrx_word' id='word_1_473' title='bbox 1266 1643 1347 1677; x_wconf 83' lang='lat' dir='ltr'>iuxta</span> <span class='ocrx_word' id='word_1_474' title='bbox 1372 1644 1498 1677; x_wconf 82' lang='lat' dir='ltr'>Patrum</span> <span class='ocrx_word' id='word_1_475' title='bbox 1528 1644 1678 1684; x_wconf 82' lang='lat' dir='ltr'>instituta,</span> <span class='ocrx_word' id='word_1_476' title='bbox 1696 1644 1755 1678; x_wconf 89' lang='lat' dir='ltr'>nisi</span> <span class='ocrx_word' id='word_1_477' title='bbox 1780 1645 1940 1690; x_wconf 64' lang='grc' dir='ltr'>ἰι,.ιιιῑιιιι5,</span> 
     </span>
     <span class='ocr_line' id='line_1_106' title="bbox 1188 1692 1343 1726; baseline 0 0"><span class='ocrx_word' id='word_1_478' title='bbox 1188 1692 1343 1726; x_wconf 81' lang='lat' dir='ltr'>adveniat.</span> 
     </span>
    </p>

    <p class='ocr_par' dir='ltr' id='par_1_12' title="bbox 1187 1742 1941 2681">
     <span class='ocr_line' id='line_1_107' title="bbox 1238 1742 1937 1778; baseline 0.004 -3"><span class='ocrx_word' id='word_1_479' title='bbox 1238 1744 1269 1775; x_wconf 71' lang='lat'>4.</span> <span class='ocrx_word' id='word_1_480' title='bbox 1305 1742 1453 1776; x_wconf 81' lang='lat' dir='ltr'>Decimas</span> <span class='ocrx_word' id='word_1_481' title='bbox 1487 1754 1559 1776; x_wconf 86' lang='lat' dir='ltr'>vero</span> <span class='ocrx_word' id='word_1_482' title='bbox 1593 1742 1730 1776; x_wconf 64' lang='lat' dir='ltr'>universi</span> <span class='ocrx_word' id='word_1_483' title='bbox 1756 1742 1937 1778; x_wconf 83' lang='lat' dir='ltr'>fundicum</span> 
     </span>
     <span class='ocr_line' id='line_1_108' title="bbox 1189 1791 1939 1840; baseline 0.003 -15"><span class='ocrx_word' id='word_1_484' title='bbox 1189 1792 1386 1838; x_wconf 78' lang='lat' dir='ltr'>pertinentiis</span> <span class='ocrx_word' id='word_1_485' title='bbox 1405 1792 1442 1825; x_wconf 92' lang='lat' dir='ltr'>ad</span> <span class='ocrx_word' id='word_1_486' title='bbox 1471 1791 1573 1838; x_wconf 84' lang='lat' dir='ltr'>ipsum</span> <span class='ocrx_word' id='word_1_487' title='bbox 1593 1793 1837 1833; x_wconf 60' lang='lat' dir='ltr'>monasterium,</span> <span class='ocrx_word' id='word_1_488' title='bbox 1860 1805 1939 1840; x_wconf 88' lang='lat' dir='ltr'>quas</span> 
     </span>
     <span class='ocr_line' id='line_1_109' title="bbox 1189 1841 1936 1888; baseline 0.004 -15"><span class='ocrx_word' id='word_1_489' title='bbox 1189 1841 1350 1887; x_wconf 74' lang='lat' dir='ltr'>episcopi,</span> <span class='ocrx_word' id='word_1_490' title='bbox 1378 1842 1430 1888; x_wconf 92' lang='lat' dir='ltr'>qni</span> <span class='ocrx_word' id='word_1_491' title='bbox 1455 1868 1589 1875; x_wconf 90' lang='grc'><strong>.....</strong></span> <span class='ocrx_word' id='word_1_492' title='bbox 1618 1849 1684 1876; x_wconf 85' lang='lat' dir='ltr'>esto</span> <span class='ocrx_word' id='word_1_493' title='bbox 1723 1850 1813 1879; x_wconf 83' lang='lat' dir='ltr'>suut,</span> <span class='ocrx_word' id='word_1_494' title='bbox 1843 1850 1873 1876; x_wconf 89' lang='lat' dir='ltr'>et</span> <span class='ocrx_word' id='word_1_495' title='bbox 1906 1843 1936 1876; x_wconf 90' lang='lat' dir='ltr'>in</span> 
     </span>
     <span class='ocr_line' id='line_1_110' title="bbox 1188 1890 1938 1939; baseline 0.004 -16"><span class='ocrx_word' id='word_1_496' title='bbox 1188 1904 1322 1937; x_wconf 87' lang='lat' dir='ltr'>quorum</span> <span class='ocrx_word' id='word_1_497' title='bbox 1355 1890 1484 1938; x_wconf 81' lang='lat' dir='ltr'>quidem</span> <span class='ocrx_word' id='word_1_498' title='bbox 1516 1891 1659 1925; x_wconf 85' lang='lat' dir='ltr'>adiacent</span> <span class='ocrx_word' id='word_1_499' title='bbox 1687 1891 1853 1938; x_wconf 86' lang='lat' dir='ltr'>parochiis,</span> <span class='ocrx_word' id='word_1_500' title='bbox 1882 1904 1938 1939; x_wconf 85' lang='lat' dir='ltr'>pro</span> 
     </span>
     <span class='ocr_line' id='line_1_111' title="bbox 1190 1939 1941 1987; baseline 0.003 -13"><span class='ocrx_word' id='word_1_501' title='bbox 1190 1939 1244 1973; x_wconf 85' lang='lat' dir='ltr'>Dei</span> <span class='ocrx_word' id='word_1_502' title='bbox 1268 1953 1374 1974; x_wconf 89' lang='lat' dir='ltr'>amore</span> <span class='ocrx_word' id='word_1_503' title='bbox 1396 1948 1634 1987; x_wconf 78' lang='lat' dir='ltr'>vestrorumque</span> <span class='ocrx_word' id='word_1_504' title='bbox 1658 1941 1811 1976; x_wconf 88' lang='lat' dir='ltr'>bonorum</span> <span class='ocrx_word' id='word_1_505' title='bbox 1840 1953 1941 1976; x_wconf 83' lang='lat' dir='ltr'>recor-</span> 
     </span>
     <span class='ocr_line' id='line_1_112' title="bbox 1188 1990 1938 2037; baseline 0.004 -14"><span class='ocrx_word' id='word_1_506' title='bbox 1188 1990 1314 2024; x_wconf 88' lang='lat' dir='ltr'>datione</span> <span class='ocrx_word' id='word_1_507' title='bbox 1341 1990 1452 2024; x_wconf 82' lang='lat' dir='ltr'>derote</span> <span class='ocrx_word' id='word_1_508' title='bbox 1485 1998 1578 2036; x_wconf 88' lang='lat' dir='ltr'>atque</span> <span class='ocrx_word' id='word_1_509' title='bbox 1602 1990 1735 2025; x_wconf 87' lang='lat' dir='ltr'>libenter</span> <span class='ocrx_word' id='word_1_510' title='bbox 1756 1990 1938 2037; x_wconf 87' lang='lat' dir='ltr'>supradicto</span> 
     </span>
     <span class='ocr_line' id='line_1_113' title="bbox 1189 2039 1938 2086; baseline 0.004 -14"><span class='ocrx_word' id='word_1_511' title='bbox 1189 2039 1356 2074; x_wconf 89' lang='lat' dir='ltr'>venerabili</span> <span class='ocrx_word' id='word_1_512' title='bbox 1385 2039 1453 2074; x_wconf 86' lang='lat' dir='ltr'>loco</span> <span class='ocrx_word' id='word_1_513' title='bbox 1476 2039 1575 2086; x_wconf 71' lang='lat' dir='ltr'>largiti</span> <span class='ocrx_word' id='word_1_514' title='bbox 1599 2048 1686 2080; x_wconf 88' lang='lat' dir='ltr'>sunt,</span> <span class='ocrx_word' id='word_1_515' title='bbox 1715 2039 1880 2081; x_wconf 86' lang='lat' dir='ltr'>volumus,</span> <span class='ocrx_word' id='word_1_516' title='bbox 1907 2048 1938 2075; x_wconf 89' lang='lat' dir='ltr'>et</span> 
     </span>
     <span class='ocr_line' id='line_1_114' title="bbox 1187 2089 1939 2134; baseline 0.003 -12"><span class='ocrx_word' id='word_1_517' title='bbox 1187 2089 1358 2134; x_wconf 84' lang='lat' dir='ltr'>apostolica</span> <span class='ocrx_word' id='word_1_518' title='bbox 1397 2089 1637 2124; x_wconf 86' lang='lat' dir='ltr'>corroboramus</span> <span class='ocrx_word' id='word_1_519' title='bbox 1665 2089 1875 2131; x_wconf 86' lang='lat' dir='ltr'>authoritate,</span> <span class='ocrx_word' id='word_1_520' title='bbox 1906 2097 1939 2124; x_wconf 88' lang='lat' dir='ltr'>ut</span> 
     </span>
     <span class='ocr_line' id='line_1_115' title="bbox 1188 2137 1936 2186; baseline 0.001 -14"><span class='ocrx_word' id='word_1_521' title='bbox 1188 2138 1306 2185; x_wconf 88' lang='lat' dir='ltr'>absque</span> <span class='ocrx_word' id='word_1_522' title='bbox 1340 2137 1546 2184; x_wconf 80' lang='lat' dir='ltr'>refragatione</span> <span class='ocrx_word' id='word_1_523' title='bbox 1568 2146 1630 2173; x_wconf 86' lang='lat' dir='ltr'>tam</span> <span class='ocrx_word' id='word_1_524' title='bbox 1655 2139 1793 2186; x_wconf 85' lang='lat' dir='ltr'>ipsorum</span> <span class='ocrx_word' id='word_1_525' title='bbox 1811 2167 1818 2180; x_wconf 84' lang='lat'>,</span> <span class='ocrx_word' id='word_1_526' title='bbox 1841 2151 1936 2186; x_wconf 88' lang='lat' dir='ltr'>quam</span> 
     </span>
     <span class='ocr_line' id='line_1_116' title="bbox 1188 2188 1938 2236; baseline 0.001 -15"><span class='ocrx_word' id='word_1_527' title='bbox 1188 2195 1219 2221; x_wconf 87' lang='lat' dir='ltr'>et</span> <span class='ocrx_word' id='word_1_528' title='bbox 1239 2200 1459 2222; x_wconf 86' lang='lat' dir='ltr'>successorum</span> <span class='ocrx_word' id='word_1_529' title='bbox 1488 2200 1615 2229; x_wconf 85' lang='lat' dir='ltr'>eorum,</span> <span class='ocrx_word' id='word_1_530' title='bbox 1643 2189 1725 2222; x_wconf 82' lang='lat' dir='ltr'>velut</span> <span class='ocrx_word' id='word_1_531' title='bbox 1753 2188 1818 2236; x_wconf 87' lang='lat' dir='ltr'>ipsa</span> <span class='ocrx_word' id='word_1_532' title='bbox 1846 2188 1938 2223; x_wconf 92' lang='lat' dir='ltr'>insti-</span> 
     </span>
     <span class='ocr_line' id='line_1_117' title="bbox 1189 2238 1938 2284; baseline 0.001 -13"><span class='ocrx_word' id='word_1_533' title='bbox 1189 2238 1291 2277; x_wconf 84' lang='lat' dir='ltr'>tuisti,</span> <span class='ocrx_word' id='word_1_534' title='bbox 1319 2249 1408 2272; x_wconf 87' lang='lat' dir='ltr'>sacro</span> <span class='ocrx_word' id='word_1_535' title='bbox 1430 2238 1626 2272; x_wconf 84' lang='lat' dir='ltr'>xenodochio</span> <span class='ocrx_word' id='word_1_536' title='bbox 1653 2247 1683 2272; x_wconf 88' lang='lat' dir='ltr'>et</span> <span class='ocrx_word' id='word_1_537' title='bbox 1713 2238 1842 2284; x_wconf 86' lang='lat' dir='ltr'>capellis</span> <span class='ocrx_word' id='word_1_538' title='bbox 1865 2250 1938 2284; x_wconf 85' lang='lat' dir='ltr'>per-</span> 
     </span>
     <span class='ocr_line' id='line_1_118' title="bbox 1190 2286 1937 2333; baseline 0.003 -13"><span class='ocrx_word' id='word_1_539' title='bbox 1190 2287 1354 2333; x_wconf 85' lang='lat' dir='ltr'>petualiter</span> <span class='ocrx_word' id='word_1_540' title='bbox 1379 2286 1563 2322; x_wconf 77' lang='lat' dir='ltr'>habeantur.</span> <span class='ocrx_word' id='word_1_541' title='bbox 1593 2287 1726 2333; x_wconf 89' lang='lat' dir='ltr'>lnsuper</span> <span class='ocrx_word' id='word_1_542' title='bbox 1752 2287 1937 2333; x_wconf 83' lang='lat' dir='ltr'>statuimus,</span> 
     </span>
     <span class='ocr_line' id='line_1_119' title="bbox 1189 2336 1938 2384; baseline 0 -13"><span class='ocrx_word' id='word_1_543' title='bbox 1189 2346 1219 2371; x_wconf 87' lang='lat' dir='ltr'>et</span> <span class='ocrx_word' id='word_1_544' title='bbox 1251 2336 1422 2384; x_wconf 83' lang='lat' dir='ltr'>apostolica</span> <span class='ocrx_word' id='word_1_545' title='bbox 1462 2337 1646 2371; x_wconf 81' lang='lat' dir='ltr'>auctoritate</span> <span class='ocrx_word' id='word_1_546' title='bbox 1682 2337 1881 2382; x_wconf 84' lang='lat' dir='ltr'>stabilimus,</span> <span class='ocrx_word' id='word_1_547' title='bbox 1905 2344 1938 2371; x_wconf 84' lang='lat' dir='ltr'>ut</span> 
     </span>
     <span class='ocr_line' id='line_1_120' title="bbox 1190 2385 1937 2433; baseline 0.001 -13"><span class='ocrx_word' id='word_1_548' title='bbox 1190 2385 1272 2420; x_wconf 81' lang='lat' dir='ltr'>iuxta</span> <span class='ocrx_word' id='word_1_549' title='bbox 1287 2385 1372 2433; x_wconf 88' lang='lat' dir='ltr'>qnod</span> <span class='ocrx_word' id='word_1_550' title='bbox 1389 2387 1484 2420; x_wconf 88' lang='lat' dir='ltr'>nostri</span> <span class='ocrx_word' id='word_1_551' title='bbox 1503 2399 1720 2433; x_wconf 78' lang='lat' dir='ltr'>praecessores</span> <span class='ocrx_word' id='word_1_552' title='bbox 1734 2394 1795 2420; x_wconf 86' lang='lat' dir='ltr'>tam</span> <span class='ocrx_word' id='word_1_553' title='bbox 1810 2386 1937 2421; x_wconf 88' lang='lat' dir='ltr'>Hadria-</span> 
     </span>
     <span class='ocr_line' id='line_1_121' title="bbox 1190 2435 1936 2483; baseline 0.001 -14"><span class='ocrx_word' id='word_1_554' title='bbox 1190 2448 1260 2479; x_wconf 85' lang='lat' dir='ltr'>nus,</span> <span class='ocrx_word' id='word_1_555' title='bbox 1279 2448 1373 2482; x_wconf 87' lang='lat' dir='ltr'>qnam</span> <span class='ocrx_word' id='word_1_556' title='bbox 1396 2435 1539 2474; x_wconf 76' lang='lat' dir='ltr'>Ioannes,</span> <span class='ocrx_word' id='word_1_557' title='bbox 1561 2443 1592 2470; x_wconf 86' lang='lat' dir='ltr'>et</span> <span class='ocrx_word' id='word_1_558' title='bbox 1612 2436 1753 2471; x_wconf 87' lang='lat' dir='ltr'>Marinus</span> <span class='ocrx_word' id='word_1_559' title='bbox 1776 2436 1936 2483; x_wconf 84' lang='lat' dir='ltr'>praesules</span> 
     </span>
     <span class='ocr_line' id='line_1_122' title="bbox 1189 2485 1937 2532; baseline 0.001 -13"><span class='ocrx_word' id='word_1_560' title='bbox 1189 2486 1254 2519; x_wconf 87' lang='lat' dir='ltr'>suis</span> <span class='ocrx_word' id='word_1_561' title='bbox 1282 2485 1335 2519; x_wconf 84' lang='lat' dir='ltr'>tibi</span> <span class='ocrx_word' id='word_1_562' title='bbox 1355 2485 1526 2532; x_wconf 81' lang='lat' dir='ltr'>privilegiis</span> <span class='ocrx_word' id='word_1_563' title='bbox 1547 2485 1759 2527; x_wconf 87' lang='lat' dir='ltr'>concessisse,</span> <span class='ocrx_word' id='word_1_564' title='bbox 1782 2493 1813 2520; x_wconf 87' lang='lat' dir='ltr'>et</span> <span class='ocrx_word' id='word_1_565' title='bbox 1839 2485 1937 2520; x_wconf 87' lang='lat' dir='ltr'>robo-</span> 
     </span>
     <span class='ocr_line' id='line_1_123' title="bbox 1190 2534 1935 2582; baseline 0 -13"><span class='ocrx_word' id='word_1_566' title='bbox 1190 2547 1273 2569; x_wconf 74' lang='lat' dir='ltr'>rasse</span> <span class='ocrx_word' id='word_1_567' title='bbox 1297 2544 1484 2577; x_wconf 85' lang='lat' dir='ltr'>noscuntur,</span> <span class='ocrx_word' id='word_1_568' title='bbox 1511 2535 1669 2575; x_wconf 81' lang='lat' dir='ltr'>universa,</span> <span class='ocrx_word' id='word_1_569' title='bbox 1695 2547 1775 2582; x_wconf 85' lang='lat' dir='ltr'>quae</span> <span class='ocrx_word' id='word_1_570' title='bbox 1795 2534 1870 2570; x_wconf 91' lang='lat' dir='ltr'>olim</span> <span class='ocrx_word' id='word_1_571' title='bbox 1884 2534 1935 2569; x_wconf 88' lang='lat' dir='ltr'>di-</span> 
     </span>
     <span class='ocr_line' id='line_1_124' title="bbox 1189 2585 1936 2620; baseline 0.001 -2"><span class='ocrx_word' id='word_1_572' title='bbox 1189 2597 1244 2618; x_wconf 83' lang='lat' dir='ltr'>vae</span> <span class='ocrx_word' id='word_1_573' title='bbox 1278 2585 1448 2619; x_wconf 86' lang='lat' dir='ltr'>memoriae</span> <span class='ocrx_word' id='word_1_574' title='bbox 1487 2585 1682 2620; x_wconf 85' lang='lat' dir='ltr'>Hludovicus</span> <span class='ocrx_word' id='word_1_575' title='bbox 1715 2585 1936 2619; x_wconf 77' lang='lat' dir='ltr'>serenissimus</span> 
     </span>
     <span class='ocr_line' id='line_1_125' title="bbox 1579 2635 1935 2681; baseline -0.003 -13"><span class='ocrx_word' id='word_1_576' title='bbox 1579 2644 1605 2669; x_wconf 73' lang='lat' dir='ltr'>e*</span> <span class='ocrx_word' id='word_1_577' title='bbox 1623 2635 1667 2668; x_wconf 80' lang='grc' dir='ltr'>ιιι·</span> <span class='ocrx_word' id='word_1_578' title='bbox 1690 2643 1762 2669; x_wconf 80' lang='lat' dir='ltr'>taus</span> <span class='ocrx_word' id='word_1_579' title='bbox 1777 2648 1830 2681; x_wconf 75' lang='lat' dir='ltr'>per</span> <span class='ocrx_word' id='word_1_580' title='bbox 1845 2646 1935 2668; x_wconf 77' lang='lat' dir='ltr'>suani</span> 
     </span>
    </p>
   </div>
   <div class='ocr_carea' id='block_1_11' title="bbox 1191 2635 1557 2681">
    <p class='ocr_par' dir='ltr' id='par_1_13' title="bbox 1191 2635 1557 2681">
     <span class='ocr_line' id='line_1_126' title="bbox 1191 2635 1557 2681; baseline 0 -13"><span class='ocrx_word' id='word_1_581' title='bbox 1191 2635 1369 2681; x_wconf 45' lang='lat' dir='ltr'>imperato„</span> <span class='ocrx_word' id='word_1_582' title='bbox 1398 2635 1557 2669; x_wconf 51' lang='lat' dir='ltr'>dominns,</span> 
     </span>
    </p>
   </div>
   <div class='ocr_carea' id='block_1_12' title="bbox 1976 235 2160 266">
    <p class='ocr_par' dir='ltr' id='par_1_14' title="bbox 1976 235 2160 266">
     <span class='ocr_line' id='line_1_127' title="bbox 1976 235 2160 266; baseline 0.005 -1"><span class='ocrx_word' id='word_1_583' title='bbox 1976 236 2029 265; x_wconf 87' lang='lat' dir='ltr'>An.</span> <span class='ocrx_word' id='word_1_584' title='bbox 2053 236 2081 265; x_wconf 89' lang='lat' dir='ltr'>C.</span> <span class='ocrx_word' id='word_1_585' title='bbox 2107 235 2160 266; x_wconf 83' lang='lat'>885</span> 
     </span>
    </p>
   </div>
   <div class='ocr_carea' id='block_1_13' title="bbox 1975 315 2162 696">
    <p class='ocr_par' dir='ltr' id='par_1_15' title="bbox 1975 315 2160 552">
     <span class='ocr_line' id='line_1_128' title="bbox 2006 315 2141 338; baseline 0 0"><span class='ocrx_word' id='word_1_586' title='bbox 2006 315 2141 338; x_wconf 76' lang='lat' dir='ltr'>clericorum</span> 
     </span>
     <span class='ocr_line' id='line_1_129' title="bbox 1975 350 2159 382; baseline 0.005 -9"><span class='ocrx_word' id='word_1_587' title='bbox 1975 350 2097 381; x_wconf 75' lang='lat' dir='ltr'>ordinatio,</span> <span class='ocrx_word' id='word_1_588' title='bbox 2123 351 2159 382; x_wconf 86' lang='lat' dir='ltr'>qui</span> 
     </span>
     <span class='ocr_line' id='line_1_130' title="bbox 1976 387 2160 410; baseline 0.005 -2"><span class='ocrx_word' id='word_1_589' title='bbox 1976 387 2090 410; x_wconf 78' lang='lat' dir='ltr'>Ecclesiae</span> <span class='ocrx_word' id='word_1_590' title='bbox 2110 394 2160 409; x_wconf 87' lang='lat' dir='ltr'>mo-</span> 
     </span>
     <span class='ocr_line' id='line_1_131' title="bbox 1976 422 2159 445; baseline 0.011 -2"><span class='ocrx_word' id='word_1_591' title='bbox 1976 422 2067 444; x_wconf 77' lang='lat' dir='ltr'>nasterii</span> <span class='ocrx_word' id='word_1_592' title='bbox 2094 422 2159 445; x_wconf 76' lang='lat' dir='ltr'>huius</span> 
     </span>
     <span class='ocr_line' id='line_1_132' title="bbox 2002 458 2133 487; baseline 0.008 -8"><span class='ocrx_word' id='word_1_593' title='bbox 2002 458 2133 487; x_wconf 77' lang='lat' dir='ltr'>inserviunt,</span> 
     </span>
     <span class='ocr_line' id='line_1_133' title="bbox 1976 492 2160 524; baseline 0.005 -9"><span class='ocrx_word' id='word_1_594' title='bbox 1976 496 2063 524; x_wconf 80' lang='lat' dir='ltr'>spectet</span> <span class='ocrx_word' id='word_1_595' title='bbox 2072 492 2099 515; x_wconf 75' lang='lat' dir='ltr'>ad</span> <span class='ocrx_word' id='word_1_596' title='bbox 2115 493 2160 516; x_wconf 68' lang='grc' dir='ltr'>Μει-</span> 
     </span>
     <span class='ocr_line' id='line_1_134' title="bbox 1975 528 2160 552; baseline -0.005 -1"><span class='ocrx_word' id='word_1_597' title='bbox 1975 529 2059 552; x_wconf 74' lang='lat' dir='ltr'>diolau.</span> <span class='ocrx_word' id='word_1_598' title='bbox 2087 528 2160 551; x_wconf 81' lang='lat' dir='ltr'>archi-</span> 
     </span>
    </p>

    <p class='ocr_par' dir='ltr' id='par_1_16' title="bbox 1975 566 2162 696">
     <span class='ocr_line' id='line_1_135' title="bbox 2006 566 2134 596; baseline -0.008 -8"><span class='ocrx_word' id='word_1_599' title='bbox 2006 566 2134 596; x_wconf 75' lang='lat' dir='ltr'>episcopum</span> 
     </span>
     <span class='ocr_line' id='line_1_136' title="bbox 1975 601 2162 632; baseline -0.016 -7"><span class='ocrx_word' id='word_1_600' title='bbox 1975 601 2011 625; x_wconf 78' lang='lat' dir='ltr'>vel</span> <span class='ocrx_word' id='word_1_601' title='bbox 2068 601 2162 632; x_wconf 74' lang='lat' dir='ltr'>patriar·</span> 
     </span>
     <span class='ocr_line' id='line_1_137' title="bbox 1976 638 2161 668; baseline 0 -8"><span class='ocrx_word' id='word_1_602' title='bbox 1976 638 2040 660; x_wconf 77' lang='lat' dir='ltr'>cham</span> <span class='ocrx_word' id='word_1_603' title='bbox 2071 638 2161 668; x_wconf 83' lang='lat' dir='ltr'>Aquile-</span> 
     </span>
     <span class='ocr_line' id='line_1_138' title="bbox 1975 673 2067 696; baseline 0 0"><span class='ocrx_word' id='word_1_604' title='bbox 1975 673 2067 696; x_wconf 76' lang='lat' dir='ltr'>iensom.</span> 
     </span>
    </p>
   </div>
   <div class='ocr_carea' id='block_1_14' title="bbox 1972 1406 2158 1574">
    <p class='ocr_par' dir='ltr' id='par_1_17' title="bbox 1972 1406 2158 1574">
     <span class='ocr_line' id='line_1_139' title="bbox 2000 1406 2142 1430; baseline 0 0"><span class='ocrx_word' id='word_1_605' title='bbox 2000 1406 2142 1430; x_wconf 77' lang='lat' dir='ltr'>Placentinus</span> 
     </span>
     <span class='ocr_line' id='line_1_140' title="bbox 1972 1443 2158 1474; baseline -0.005 -7"><span class='ocrx_word' id='word_1_606' title='bbox 1972 1450 2025 1467; x_wconf 77' lang='lat' dir='ltr'>vero</span> <span class='ocrx_word' id='word_1_607' title='bbox 2038 1443 2158 1474; x_wconf 73' lang='lat' dir='ltr'>episeopus</span> 
     </span>
     <span class='ocr_line' id='line_1_141' title="bbox 1973 1478 2158 1502; baseline 0 -1"><span class='ocrx_word' id='word_1_608' title='bbox 1973 1478 2054 1502; x_wconf 77' lang='lat' dir='ltr'>nuttam</span> <span class='ocrx_word' id='word_1_609' title='bbox 2069 1479 2090 1501; x_wconf 90' lang='lat' dir='ltr'>in</span> <span class='ocrx_word' id='word_1_610' title='bbox 2108 1486 2158 1501; x_wconf 87' lang='lat' dir='ltr'>mo—</span> 
     </span>
     <span class='ocr_line' id='line_1_142' title="bbox 1973 1515 2156 1546; baseline 0 -9"><span class='ocrx_word' id='word_1_611' title='bbox 1973 1515 2074 1538; x_wconf 72' lang='lat' dir='ltr'>nasterio</span> <span class='ocrx_word' id='word_1_612' title='bbox 2090 1518 2156 1546; x_wconf 77' lang='lat' dir='ltr'>pote-</span> 
     </span>
     <span class='ocr_line' id='line_1_143' title="bbox 1972 1550 2156 1574; baseline 0.005 -1"><span class='ocrx_word' id='word_1_613' title='bbox 1972 1553 2052 1574; x_wconf 79' lang='lat' dir='ltr'>statem</span> <span class='ocrx_word' id='word_1_614' title='bbox 2069 1550 2156 1574; x_wconf 71' lang='lat' dir='ltr'>habent.</span> 
     </span>
    </p>
   </div>
   <div class='ocr_carea' id='block_1_15' title="bbox 1970 1744 2158 1913">
    <p class='ocr_par' dir='ltr' id='par_1_18' title="bbox 1970 1744 2158 1913">
     <span class='ocr_line' id='line_1_144' title="bbox 1998 1744 2141 1769; baseline 0.007 -2"><span class='ocrx_word' id='word_1_615' title='bbox 1998 1744 2141 1769; x_wconf 76' lang='lat' dir='ltr'>confirmatio</span> 
     </span>
     <span class='ocr_line' id='line_1_145' title="bbox 1971 1779 2158 1812; baseline 0.011 -10"><span class='ocrx_word' id='word_1_616' title='bbox 1971 1779 2088 1812; x_wconf 78' lang='lat' dir='ltr'>bonorum,</span> <span class='ocrx_word' id='word_1_617' title='bbox 2121 1781 2158 1804; x_wconf 80' lang='lat' dir='ltr'>de-</span> 
     </span>
     <span class='ocr_line' id='line_1_146' title="bbox 1972 1816 2157 1848; baseline 0.016 -10"><span class='ocrx_word' id='word_1_618' title='bbox 1972 1816 2086 1848; x_wconf 73' lang='lat' dir='ltr'>cimarum,</span> <span class='ocrx_word' id='word_1_619' title='bbox 2135 1821 2157 1841; x_wconf 74' lang='lat' dir='ltr'>et</span> 
     </span>
     <span class='ocr_line' id='line_1_147' title="bbox 1970 1854 2154 1885; baseline 0.005 -9"><span class='ocrx_word' id='word_1_620' title='bbox 1970 1854 2154 1885; x_wconf 75' lang='lat' dir='ltr'>pertinentiarum</span> 
     </span>
     <span class='ocr_line' id='line_1_148' title="bbox 1970 1890 2108 1913; baseline 0 -1"><span class='ocrx_word' id='word_1_621' title='bbox 1970 1890 2108 1913; x_wconf 76' lang='lat' dir='ltr'>monasterii.</span> 
     </span>
    </p>
   </div>
   <div class='ocr_carea' id='block_1_16' title="bbox 1968 2310 2154 2549">
    <p class='ocr_par' dir='ltr' id='par_1_19' title="bbox 1968 2310 2154 2549">
     <span class='ocr_line' id='line_1_149' title="bbox 2001 2310 2142 2334; baseline 0.007 -1"><span class='ocrx_word' id='word_1_622' title='bbox 2001 2310 2142 2334; x_wconf 75' lang='lat' dir='ltr'>Confirmatio</span> 
     </span>
     <span class='ocr_line' id='line_1_150' title="bbox 1995 2346 2138 2369; baseline -0.007 0"><span class='ocrx_word' id='word_1_623' title='bbox 1995 2346 2138 2369; x_wconf 73' lang='lat' dir='ltr'>donationum</span> 
     </span>
     <span class='ocr_line' id='line_1_151' title="bbox 1968 2382 2153 2414; baseline -0.011 -8"><span class='ocrx_word' id='word_1_624' title='bbox 1968 2390 2010 2414; x_wconf 81' lang='lat' dir='ltr'>per</span> <span class='ocrx_word' id='word_1_625' title='bbox 2057 2382 2153 2404; x_wconf 81' lang='lat' dir='ltr'>Ludovi-</span> 
     </span>
     <span class='ocr_line' id='line_1_152' title="bbox 1969 2418 2152 2448; baseline -0.005 -7"><span class='ocrx_word' id='word_1_626' title='bbox 1969 2426 2020 2441; x_wconf 77' lang='lat' dir='ltr'>cum</span> <span class='ocrx_word' id='word_1_627' title='bbox 2061 2418 2140 2448; x_wconf 75' lang='lat' dir='ltr'>imper.</span> <span class='ocrx_word' id='word_1_628' title='bbox 2145 2435 2152 2448; x_wconf 86' lang='lat'>,</span> 
     </span>
     <span class='ocr_line' id='line_1_153' title="bbox 1979 2453 2145 2485; baseline -0.006 -8"><span class='ocrx_word' id='word_1_629' title='bbox 1979 2453 2145 2485; x_wconf 75' lang='lat' dir='ltr'>Angilbergnm,</span> 
     </span>
     <span class='ocr_line' id='line_1_154' title="bbox 1968 2489 2154 2520; baseline -0.005 -8"><span class='ocrx_word' id='word_1_630' title='bbox 1968 2489 2067 2520; x_wconf 80' lang='lat' dir='ltr'>aliosque</span> <span class='ocrx_word' id='word_1_631' title='bbox 2119 2489 2154 2511; x_wconf 75' lang='lat' dir='ltr'>su-</span> 
     </span>
     <span class='ocr_line' id='line_1_155' title="bbox 1968 2527 2062 2549; baseline 0 -1"><span class='ocrx_word' id='word_1_632' title='bbox 1968 2527 2062 2549; x_wconf 64' lang='lat' dir='ltr'>ecorum.</span> 
     </span>
    </p>
   </div>
  </div>
 </body>
</html>
