2237 3127
228 360 279 388 An.
301 360 330 388 C.

243 562 300 587 Quae
319 561 392 589 requi-

358 361 406 389 tali

227 599 302 616 rantur
320 596 339 616 in
361 603 408 616 mo-

224 632 308 659 nnthig
328 631 363 660 qui
381 631 407 652 nd

226 666 307 688 elerum
354 674 407 696 pru—

226 706 346 724 niort-ntur.

221 1416 244 1435 ,ΥΕ
276 1424 319 1445 PNK
352 1425 356 1445 1

221 1457 310 1472 uiuimu-
347 1461 365 1472 ci

221 1862 260 1887 Qui
279 1860 295 1880 Ι.ι
389 1874 402 1879 -

221 1892 288 1913 dirius!
308 1901 313 1922 Ι
362 1894 401 1916 int.

251 2599 314 2617 tinuit
339 2597 401 2618 .t.·t.··t

221 2640 266 2654 ‘sse
314 2634 401 2664 thelim,-

220 2674 284 2691 salin,

498 358 563 392 102

443 422 595 458 clericalis
615 419 757 467 obsequii
783 419 827 454 sic
849 419 948 466 spatio
969 418 1177 465 dispensanda

442 471 642 507 concedimus
670 473 724 513 (l).

490 524 520 554 5.
549 519 589 554 Ut
611 520 635 553 si
663 520 732 565 quis
753 518 845 552 etiam
873 517 910 551 de
934 517 1078 563 religioso
1106 530 1179 564 pro-

441 570 540 616 posito
560 576 590 603 et
611 568 786 615 disciplinis
808 567 1079 601 monasterialibus
1104 580 1178 601 eru-

440 619 538 657 ditus,
571 618 608 652 ad
643 617 785 652 clericale
815 629 930 651 munus
963 616 1111 660 accedat,
1147 617 1176 650 in

438 667 547 714 primis
569 668 636 702 eius
659 667 717 701 vita
740 666 911 713 praeteritis
933 674 1000 700 acta
1028 666 1176 712 tempori-

437 717 496 751 bus
524 717 719 764 inquiratur7
746 716 771 750 si
807 715 892 750 nullo
923 716 1006 761 gravi
1040 715 1176 749 facinore

438 766 583 811 probatur
597 766 740 805 insectus,
755 765 779 800 si
802 764 972 799 secundam
988 777 1049 799 non
1069 765 1177 799 babuit

435 815 574 850 fortassis
600 827 743 855 uxorem,
772 827 830 849 nec
859 828 874 848 a
897 815 1006 848 marito
1034 815 1174 849 relictam

434 865 562 899 sortitus
588 865 775 905 ostenditur·‚
802 864 827 898 si
863 864 1086 910 poeniteutiam
1117 877 1174 910 pu-

434 913 545 948 blicani
565 914 702 949 fortassis
724 926 786 948 non
808 913 920 959 gessit,
943 926 999 948 nec
1023 913 1082 948 ulla
1104 926 1174 947 cor—

435 963 518 1009 poris
532 972 615 1009 parte
638 964 759 998 vitiatus
781 971 924 1010 apparet:
948 963 973 997 si
996 963 1098 997 servili
1122 971 1174 997 aut

435 1013 619 1058 originariae
646 1026 706 1048 non
734 1021 779 1047 est
803 1012 973 1046 conditioni
1001 1012 1172 1046 obnoxius:

433 1062 457 1096 si
482 1063 585 1096 curiae
603 1063 660 1096 iam
677 1062 824 1109 probatur
847 1061 978 1095 nexibus
1000 1061 1172 1096 absolutus:

432 1112 457 1145 si
489 1120 650 1146 assecutus
676 1120 723 1146 est
757 1112 859 1145 literas
889 1111 956 1145 sine
983 1111 1097 1157 quibus
1124 1111 1173 1145 vix

431 1160 567 1195 fortassis
601 1161 715 1195 ostiarii
744 1160 841 1207 possit
869 1159 996 1205 implero
1032 1160 1174 1195 ministe—·

434 1210 532 1251 rium3
556 1218 587 1243 ut
602 1210 626 1244 si
650 1210 699 1244 liis
717 1210 876 1251 omuibus,
894 1222 973 1255 quae
995 1218 1066 1243 sunt
1084 1222 1173 1255 prae-

431 1259 526 1303 dicta,
544 1258 669 1293 fulcitur
683 1259 832 1294 continuo
855 1259 949 1292 lector
969 1259 1014 1292 rvl
1035 1267 1173 1293 notarius

430 1316 483 1343 aut
518 1317 601 1343 certe
640 1308 785 1343 defensor
816 1308 968 1349 effectus,
1009 1315 1077 1354 post
1112 1317 1172 1343 tres

429 1370 554 1392 menses
581 1357 689 1392 existat
713 1358 868 1404 acolytus,
892 1357 1024 1391 maxime
1051 1358 1074 1390 si
1100 1357 1172 1392 linis:

259 1424 271 1436 ιι
306 1424 326 1436 ιι
357 1424 401 1435 Ίϋ-
430 1416 514 1441 aetas
529 1407 621 1441 etiam
637 1408 841 1453 suffragatum
863 1415 949 1440 sexto
972 1419 1078 1440 mense
1095 1407 1173 1441 sub-

369 1460 401 1473 ¹¹'²·
431 1457 553 1492 diaconi
580 1469 693 1491 nomen
721 1457 867 1502 accipiat,
895 1468 929 1489 ac
956 1456 980 1489 si
1015 1456 1172 1491 modestae

431 1506 688 1549 comessationis,
704 1506 915 1551 honestaeque
929 1506 1096 1539 voluntatis
1112 1507 1173 1539 exi-

431 1556 484 1590 stit
512 1567 594 1589 nono
627 1568 734 1590 mense
761 1555 927 1593 diaconus,
954 1554 1171 1601 completoque

428 1617 512 1639 anno
534 1605 572 1639 sit
600 1604 769 1652 presbyter:
797 1604 846 1638 cui
870 1612 969 1637 tamen
999 1604 1080 1650 quod
1109 1617 1172 1638 an—

428 1667 540 1688 norum
562 1655 727 1689 interstitia
751 1654 870 1687 fuerant
891 1653 1049 1692 collatura,
1072 1654 1170 1688 sancti

429 1704 580 1750 propositi
602 1711 713 1750 sponte
739 1711 885 1749 suscepta
912 1702 1060 1737 doceatur
1088 1715 1171 1749 prae

427 1753 543 1787 stitisse
565 1753 688 1787 devotio
711 1756 766 1796 (2).

475 1805 506 1836 4.
530 1803 562 1836 Si
591 1815 660 1837 vero
689 1802 726 1836 de
751 1801 855 1844 laicis,
883 1801 1038 1847 quispiam
1067 1801 1171 1835 eccle-

376 1870 380 1882 ι
427 1852 560 1886 siasticis
581 1860 627 1886 est
653 1851 870 1898 aggregandus
884 1850 990 1885 olliciis
1012 1859 1096 1884 tanto
1120 1863 1172 1884 so-

428 1902 541 1935 licitius
565 1902 593 1935 in
624 1901 772 1947 singulis,
801 1912 879 1947 quae
902 1900 1047 1946 superius
1077 1912 1171 1933 com-

428 1951 579 1998 prehensa
591 1958 673 1991 sunt
695 1949 874 1984 buiusniodi
897 1949 983 1983 decet
1000 1950 1170 1983 (Χιιιιιίιιιιι-ἰ

429 2012 605 2046 personam,
627 2007 777 2054 quantuni
800 2000 879 2033 inter
901 1999 1103 2039 mund;‚inani
1122 2012 1171 2032 rt-

428 2049 631 2096 ligiosamque
647 2050 737 2083 titan]
752 2058 846 2083 const
843 2058 871 2082 at
886 2060 953 2081 esse
969 2027 1170 2089 ‹lisciiuiiiiis;

429 2112 500 2145 quia
524 2099 629 2145 utique
655 2098 871 2133 contenicntia
890 2097 1050 2132 Ecclesiae
1078 2098 1172 2131 inini-

427 2148 518 2182 steria
545 2147 715 2195 reparanda
737 2156 826 2186 sunt,
849 2160 910 2182 non
936 2147 964 2180 in
988 2147 1170 2181 convenien-

429 2198 510 2231 tibus
533 2198 650 2231 meritis
673 2197 860 2242 ingerenda,
883 2204 1030 2243 tantoque
1059 2196 1170 2239 magis,

429 2247 510 2293 quod
547 2247 641 2281 sacris
668 2255 773 2293 aptum
803 2247 898 2292 possit
927 2258 994 2279 esse
1017 2246 1169 2287 servitiis,

430 2296 459 2329 in
476 2308 583 2330 eorum
599 2296 810 2343 quaerendum
834 2305 879 2329 est
895 2295 1055 2338 institutis⁷
1071 2307 1171 2342 quan-

432 2354 495 2379 tuni
520 2346 556 2378 de
579 2353 732 2391 tempore„
755 2357 817 2391 quo
840 2345 960 2379 fuerant
989 2344 1064 2378 baec
1086 2357 1171 2378 asse-

429 2394 574 2440 quenda,
609 2395 802 2439 decerpitur:
842 2403 872 2427 ut
906 2406 1027 2427 morum
1056 2394 1170 2427 babere

429 2444 579 2478 doceatur
595 2444 652 2478 lioc
668 2444 814 2490 probitas,
830 2443 910 2490 qnod
932 2443 1079 2489 prolixior
1094 2456 1171 2477 con-

429 2493 561 2527 suetudo
580 2506 641 2527 nou
664 2494 813 2532 contulit3
837 2505 874 2526 ne
897 2504 952 2538 per
972 2493 1169 2526 occasionem

428 2542 619 2589 supplendae
635 2543 782 2588 penuriae
798 2541 962 2583 clericalis,
980 2542 1049 2575 ritia
1066 2542 1170 2587 potius

429 2591 543 2626 divinis
565 2591 701 2626 cultibus
728 2591 867 2625 intulisse
891 2591 1079 2630 iudicemur,
1108 2603 1168 2624 non

430 2641 585 2686 legitimae
603 2641 732 2676 familiae
755 2648 973 2687 computemur
989 2652 1171 2686 procurasse

465 2720 503 2752 (l)
523 2721 634 2751 Distfffii,
651 2729 674 2746 (⁸.
689 2722 781 2746 Prin-ris

710 2773 764 2799 ⁵⁰¹1·

831 2720 868 2755 (ᾖ)
886 2720 951 2746 Dist.
969 2719 1013 2746 77.
1030 2720 1056 2745 Si
1071 2721 1127 2752 quis
1142 2721 1172 2745 de

431 2767 549 2797 27:1anin
574 2772 632 2790 cuni
661 2773 673 2786 ι·

1030 364 1215 387 BULLARIUM
1243 364 1311 386 Rom
1315 363 1404 387 ANUM

1221 418 1421 465 compendia:
1444 431 1576 466 quorum
1605 418 1854 465 promotionibus
1867 432 1962 467 super

1220 468 1292 502 anni
1314 475 1428 509 metas,
1450 481 1504 502 sex
1526 480 1650 502 menses
1666 468 1867 503 nibilominus
1886 469 1962 504 sub-

1220 518 1570 564 1·0=arnus;qu0uiam
1616 518 1698 552 sicut
1734 517 1852 552 dictum
1893 527 1960 558 est,

1219 567 1332 601 distare
1368 567 1512 601 convenit
1540 567 1621 601 inter
1656 578 1820 613 personam
1854 567 1960 602 divino

1219 616 1314 651 cultui
1337 616 1489 655 deditam,
1512 624 1541 651 et
1563 617 1601 651 de
1623 616 1773 650 laicorum
1793 627 1960 651 conversa—

1219 666 1302 700 tione
1326 666 1514 700 venientem:
1539 678 1619 712 quae
1641 673 1743 699 tamen
1762 673 1891 699 eatenus
1914 666 1961 700 in-

1217 715 1372 760 dulgenda
1399 715 1608 752 credidimus,
1636 722 1670 748 ut
1693 714 1753 748 illis
1787 714 1960 755 Ecelesfis,

1217 766 1331 811 quibus
1365 764 1562 799 infestatione
1596 763 1766 804 bellorum,
1796 763 1840 797 vel
1878 763 1961 798 nulla

1218 815 1342 860 penitus
1357 814 1403 848 vel
1418 814 1530 858 exigua
1547 821 1772 853 remanserunt,
1789 812 1961 847 ministeria

1216 872 1427 898 renoventur:
1462 872 1616 910 quatenus
1648 862 1697 897 his
1723 862 1790 896 Deo
1823 863 1959 909 propitio

1217 913 1382 953 restitutis,
1412 914 1441 946 in
1463 912 1684 947 ecclesiasticis
1705 911 1855 958 gradibus
1881 911 1962 946 sub-

1217 963 1362 1009 rogandis
1376 974 1531 996 canonum
1545 969 1746 1009 paternorum
1761 968 1848 995 vetus
1860 960 1959 996 forma

1215 1021 1371 1047 servetur:
1397 1023 1452 1046 uec
1467 1019 1574 1046 contra
1596 1023 1650 1046 eos
1667 1010 1728 1045 ulla
1743 1010 1860 1045 ratione
1877 1022 1961 1057 prae-

1216 1062 1333 1106 valeat,
1361 1061 1443 1109 quod
1474 1073 1529 1108 pro
1552 1060 1721 1095 accidentis
1742 1059 1880 1094 defectus
1902 1072 1960 1094 re-

1215 1111 1318 1145 medio
1334 1110 1529 1158 providetur3
1549 1122 1611 1144 uon
1632 1109 1783 1144 adversus
1801 1109 1878 1143 scita
1894 1121 1958 1144 ma-

1216 1161 1313 1194 iorum
1343 1172 1419 1194 nova
1443 1160 1510 1205 lege
1529 1160 1726 1206 proponitur:
1749 1158 1880 1193 caeteris
1898 1158 1958 1193 Ec-

1213 1210 1316 1244 clesiis
1338 1210 1375 1243 ab
1392 1210 1449 1243 liae
1471 1209 1635 1243 occasione
1653 1207 1860 1248 cessantibus,
1880 1220 1959 1255 quas

1214 1271 1275 1293 non
1304 1258 1397 1293 simili
1425 1258 1513 1292 clade
1549 1265 1694 1300 vastatas,
1723 1257 1882 1303 pristinam
1910 1257 1958 1291 fa-

1214 1308 1335 1343 ciendis
1348 1307 1598 1341 ordinationibus
1613 1306 1760 1341 convenit
1772 1313 1879 1340 tenere
1892 1318 1961 1340 sen-

1214 1358 1352 1392 tentiam.
1391 1357 1462 1398 Quo
1501 1357 1599 1401 magis
1633 1356 1691 1390 bac
1726 1355 1961 1402 opportunitate

1213 1407 1416 1447 commoniti,
1453 1405 1682 1441 observantiam
1711 1404 1960 1439 venerandorum

1213 1469 1367 1491 canonum
1393 1456 1580 1502 propensius
1605 1454 1798 1500 delegamus,
1820 1453 1963 1499 singulo-

1214 1519 1281 1540 rum
1310 1505 1463 1552 graduum
1499 1504 1709 1539 conscientias
1731 1503 1961 1547 admonentes,

1213 1568 1251 1589 ne
1275 1556 1305 1589 iu
1334 1555 1459 1589 illicitos
1486 1565 1691 1602 prorumpere
1718 1553 1887 1587 moliantur
1904 1564 1962 1587 ex-

1214 1617 1323 1639 cessus
1350 1607 1407 1648 (l).

1323 1653 1387 1688 Nec
1410 1652 1454 1687 sas
1479 1665 1545 1687 isse
1573 1651 1709 1686 confidat
1730 1651 1863 1698 quisque
1886 1663 1960 1698 pon·

1213 1665 1347 1746 {ilicum
1378 1703 1519 1744 bioamos
1554 1708 1605 1735 aut
1635 1700 1780 1746 coniugia
1814 1700 1962 1736 sortiente

1212 1753 1250 1786 ib
1276 1753 1345 1787 aliis
1375 1752 1538 1790 derelicta
1566 1751 1630 1784 sive
1657 1750 1817 1797 quoslibet
1845 1750 1960 1797 poeni-

1213 1803 1339 1836 tentiam
1370 1802 1415 1835 vel
1445 1801 1512 1834 sine
1541 1800 1652 1842 literis,
1681 1800 1726 1834 vel
1756 1811 1887 1846 corpore
1913 1799 1961 1833 vi-

1214 1852 1324 1889 tiatos,
1365 1851 1411 1885 rel
1447 1850 1694 1884 conditionarios
1713 1876 1720 1889 ,
1761 1856 1815 1883 aut
1855 1849 1961 1883 curiae

1213 1901 1471 1947 publicarumque
1496 1912 1598 1933 rerum
1623 1898 1755 1933 nexibus
1773 1898 1959 1945 implicatos,

1212 1960 1262 1984 aut
1280 1950 1393 1997 passini
1410 1950 1491 1983 nulla
1515 1949 1666 1994 temporis
1687 1948 1891 1994 congruentis
1906 1959 1960 1982 ex-

1214 2000 1388 2046 pectatione
1405 1999 1565 2032 discussos
1587 1997 1700 2031 divinis
1721 1997 1892 2031 servituros
1910 2009 1961 2043 ap-

1214 2050 1328 2095 plicare
1363 2048 1534 2095 mysteriis:
1570 2059 1672 2093 neque
1701 2058 1754 2093 pro
1785 2059 1842 2081 suo
1869 2046 1958 2081 libitu

1213 2100 1277 2133 iura
1300 2098 1446 2132 studeant
1466 2097 1564 2131 aliena
1586 2096 1753 2142 pervadere
1770 2095 1888 2142 absque
1914 2107 1961 2129 se-

1212 2148 1259 2182 dis
1291 2147 1480 2194 apostolicae
1508 2146 1588 2180 iusta
1624 2145 1830 2192 dispositione
1866 2156 1959 2178 man-

1212 2198 1303 2232 dante
1329 2200 1382 2241 (2).

1262 2251 1294 2281 6.
1319 2245 1468 2280 Basilicas
1489 2245 1610 2279 noviter
1637 2244 1803 2287 institutas,
1826 2255 1887 2277 non
1905 2255 1956 2289 pe·

1212 2296 1274 2331 titis
1313 2309 1350 2329 ex
1384 2308 1468 2329 more
1504 2293 1779 2341 praeceptionibus
1808 2292 1956 2327 dedicare

1212 2358 1272 2379 non
1290 2345 1436 2388 audeant,
1455 2357 1510 2378 nec
1523 2343 1660 2378 ambiant
1675 2342 1814 2389 episcopi
1831 2341 1957 2377 sibimet

1212 2395 1370 2429 vindicare
1393 2394 1524 2427 clericos
1547 2393 1706 2439 potestatis
1729 2392 1849 2435 alienae
1877 2393 1933 2434 (3).

1263 2449 1292 2478 7.
1316 2443 1528 2489 Baptizandis‚
1547 2442 1831 2487 consignandisque
1848 2439 1957 2474 fideli-

1211 2494 1270 2528 bus
1306 2493 1482 2527 sacerdotes
1523 2492 1617 2538 pretia
1646 2491 1729 2524 nulla
1758 2490 1954 2537 praeligant,

1212 2556 1269 2577 nec
1292 2542 1483 2577 illationibus
1505 2541 1696 2588 quibuslibet
1719 2539 1874 2586 impositis
1887 2551 1957 2573 exa-

1211 2593 1307 2639 gitare
1330 2592 1455 2638 cupiant
1479 2599 1692 2625 renascentes:
1708 2589 1855 2636 quoniam
1870 2588 1954 2635 quod

1246 2672 1285 2707 (l)
1302 2671 1366 2697 Dist.
1385 2671 1427 2701 77,
1445 2678 1468 2695 c.
1482 2672 1521 2695 Fi.
1542 2670 1556 2705 g
1577 2671 1603 2695 Si
1618 2678 1679 2695 vero
1707 2670 1796 2694 laicus.
1834 2667 1873 2701 (2)
1889 2666 1956 2693 Dist.

1211 2717 1254 2748 50,
1272 2713 1370 2743 chon
1386 2717 1509 2749 confidat.
1581 2714 1619 2749 (5)
1637 2714 1672 2739 De
1687 2715 1832 2740 consecrat·
1847 2712 1913 2739 Dist.
1931 2711 1956 2738 t.

1213 2762 1345 2786 Basilicus.

1996 362 2047 390 An.
2069 363 2097 391 C.
2125 364 2175 392 49AE

1989 1663 2028 1692 Qui
2059 1663 2086 1686 nd
2120 1664 2171 1687 cle-

1988 1709 2034 1724 rum
2067 1701 2172 1724 accedere

1988 1737 2153 1768 prohibeantur.

2003 2248 2031 2269 Al·
2057 2249 2169 2278 episeopis

1986 2291 2033 2305 Flnl'
2076 2293 2168 2314 Pl‘ssPPF·

1985 2316 2060 2346 ptioue
2098 2318 2168 2347 Papae

1985 2359 2052 2374 novun
2087 2351 2168 2374 birsili-

1985 2395 2023 2409 ciie
2041 2395 2083 2409 nnn
2105 2388 2168 2411 dedi-

1985 2423 2077 2446 cunilae.

1998 2461 2015 2482 A
2032 2461 2168 2492 baptizandis

1984 2496 2016 2518 vel
2035 2497 2167 2525 consignan-

1984 2531 2017 2554 din
2035 2533 2104 2562 preti·
2123 2541 2164 2555 nnn

1983 2569 2096 2598 exigunda.
