2237 3127
223 232 276 262 An.
293 234 321 263 C.
339 235 402 263 1011

224 326 264 349 pro
282 319 407 341 fundatione

250 355 377 377 monasterii

279 390 350 412 liuius.

223 851 350 874 Mun-asterii
370 858 407 871 ev-

223 888 305 917 einptio
381 884 406 906 nb

223 924 280 945 omni
301 922 407 950 cuiusque

223 965 328 990 personae
362 964 406 986 1¹0-

224 999 311 1019 testate.

256 1060 312 1081 Bona
336 1055 407 1077 ouini-³

225 1103 274 1117 cum
293 1093 408 1123 pei-(invn-

225 1133 261 1153 tiis
289 1133 325 1150 aut
354 1129 406 1149 inri-

222 1167 262 1189 bus
272 1164 409 1188 confirman-

225 1208 269 1226 tur.

229 1881 301 1902 ,ilibas
328 1889 338 1902 n
365 1888 412 1901 inn-

230 1917 304 1938 unt-liis
330 1921 412 1938 tuntum

228 1952 349 1981 eligendus.

266 2417 279 2435 Υ
293 2425 311 2438 tn
336 2416 401 2438 ullam

233 2453 338 2474 coenobi-i
365 2453 414 2473 linit*

235 2490 296 2511 inst-ri
303 2498 313 2509 c
348 2490 416 2509 lutei·-

233 2525 268 2547 dit·
281 2530 322 2546 tar.

486 249 556 281 ,so-t

435 323 590 360 qnatenus
623 309 786 344 eeclesiam
821 307 927 342 Sancti
965 307 1089 341 Martini
1127 307 1179 341 tibi

435 361 692 398 concederemus,
727 366 758 392 ut
795 370 850 404 pro
878 367 1001 391 tuorum
1035 365 1181 402 peccato-

436 424 520 453 rum,
541 410 605 443 sive
633 417 755 442 tuorum
781 414 960 453 parentum,
996 405 1180 440 remissione

435 461 466 495 in
489 472 522 493 ea
550 457 772 492 monasterinm
798 456 925 497 faceres,
947 462 977 488 et
999 455 1037 489 de
1061 455 1120 488 tuis
1141 456 1180 489 si-

435 509 561 556 qnidem
589 506 721 553 praediis
741 505 782 539 illi
798 513 922 539 sanetae
937 504 1094 538 Ecclesiae
1109 516 1181 538 eon-

435 558 574 596 cederes,
595 557 686 599 haec,
706 555 866 590 carissime
887 554 940 598 lili,
965 554 1072 600 petitio
1088 554 1180 588 nobis

433 608 512 642 bona
540 606 675 646 videtur,
708 613 736 639 et
768 611 926 638 annuente
955 615 1079 637 summo
1107 616 1179 647 rege,

433 658 516 691 illam
546 656 712 702 praefatam
734 653 908 688 Ecclesiam
937 665 1008 687 cum
1034 652 1180 687 omnibns

432 707 498 741 suis
527 704 721 752 pertinentiis
743 703 797 737 tibi
819 702 1034 740 concedimus,
1058 710 1180 748 etapo-

432 756 538 790 stolica
572 754 754 788 auctoritate
782 752 1017 791 confirmamus,
1052 759 1082 785 et
1110 764 1177 785 eam

433 803 463 839 in
488 813 673 851 perpetuum
699 802 911 836 inconvulsam
937 813 1062 835 manere
1081 801 1178 834 sanci-

433 867 514 889 mus.
547 853 758 887 Concedimns
781 852 872 886 etiam
900 850 1087 896 praelibatae
1115 850 1180 883 Ee-

432 904 558 947 elesiae‚
583 912 613 937 nt
641 914 800 948 nunqnam
820 901 954 934 obnoxia
976 900 1013 933 sit
1037 900 1178 933 servituti

431 954 570 992 alterins,
597 952 650 986 sed
679 964 805 996 semper
826 951 865 984 sit
888 950 981 983 libera
1005 959 1031 983 ct
1053 957 1179 994 aposto-

433 1004 500 1037 licis
523 1002 693 1049 privilegiis
714 1001 857 1039 exaltata,
882 1012 937 1046 per
959 1012 991 1031 se
1016 999 1044 1032 in
1068 1012 1179 1032 aevum

431 1062 555 1087 maneat
589 1051 763 1086 sublimata.
796 1050 884 1091 Quas
917 1057 1019 1082 antem
1056 1061 1181 1094 posses-

431 1103 538 1137 siones
559 1110 611 1135 ant
634 1100 758 1148 praedia
787 1112 840 1133 seu
864 1098 998 1133 conlinia
1022 1110 1092 1131 cnm
1117 1099 1181 1131 suis

430 1152 579 1187 omnibus
619 1149 815 1197 pertinentiis
858 1148 1014 1193 rebusque
1060 1148 1181 1181 cunetis

432 1215 532 1249 nsque
555 1201 616 1235 linc
642 1200 819 1245 adquisitis7
842 1198 888 1233 vel
913 1210 990 1243 quas
1014 1197 1043 1230 in
1069 1208 1182 1242 perpe-

430 1260 519 1285 tuum
543 1250 739 1297 adquisierit,
764 1249 840 1282 idest
865 1247 1001 1294 praedia,
1025 1246 1111 1279 villas
1126 1247 1183 1279 sci-

431 1301 520 1340 licet,
548 1300 695 1335 ecclesias·
717 1312 787 1333 cnm
818 1298 938 1331 illarum
966 1296 1181 1342 pertinentiis,

432 1351 608 1398 parochias,
632 1349 756 1388 l‘undos,
775 1360 873 1388 casas,
889 1347 1017 1384 casales,
1037 1345 1182 1384 costales,

432 1408 530 1434 terras
551 1399 651 1434 cultas
673 1399 717 1433 vel
744 1396 887 1436 incultas,
909 1408 1053 1440 campos,
1078 1395 1182 1438 silvas⁷

433 1450 549 1491 vineas,
579 1458 683 1495 pi‘ata,
723 1460 869 1494 pecorum
908 1458 1037 1492 pascua,
1073 1456 1181 1483 areas,

433 1499 612 1542 torcularia,
631 1510 737 1544 aquas,
760 1508 910 1542 aquarum
940 1495 1073 1533 ductus,
1107 1494 1183 1533 vias,

432 1549 642 1587 molendinos,
675 1545 920 1580 molendinarios
947 1557 1017 1578 cnm
1041 1543 1108 1577 suis
1131 1556 1185 1577 ea-

433 1598 582 1645 putaquis
616 1606 647 1631 et
678 1595 869 1643 piscatoriis,
905 1606 974 1627 enm
1011 1593 1117 1627 salinis
1155 1600 1185 1627 ct

433 1648 564 1682 clibanis
594 1646 690 1694 piceis
717 1645 822 1679 omnia
857 1644 1011 1690 adquisita
1045 1642 1091 1676 vel
1122 1642 1185 1675 ad-

434 1697 587 1743 quirenda
607 1695 711 1730 Sancti
730 1694 852 1728 Martini
883 1693 1037 1727 coenobio
1056 1693 1085 1725 in
1107 1691 1184 1725 valle

433 1747 611 1781 Continenti
636 1746 664 1779 in
692 1754 796 1779 monte
818 1742 1031 1787 Canigonensi
1055 1742 1083 1774 in
1110 1754 1185 1787 pare

434 1805 540 1830 tenere
577 1804 605 1829 et
630 1794 789 1841 possidere
812 1794 878 1827 sine,
902 1792 1034 1826 alicuius
1062 1791 1186 1837 inquie-

435 1846 553 1880 tudinis
569 1846 683 1879 damno
700 1843 909 1877 decrevimus.
933 1841 1108 1875 Statuimns
1131 1852 1187 1873 au-

437 1904 510 1933 tem,
538 1904 571 1929 ut
600 1894 725 1941 qnando
748 1893 844 1926 abbas
880 1892 978 1938 ipsius
1006 1889 1184 1924 monasterii

435 1945 559 1985 obierit,
583 1956 686 1990 neque
708 1956 723 1977 a
749 1942 886 1986 regilius,
913 1952 1015 1987 neque
1042 1952 1057 1974 a
1085 1940 1187 1973 conti-

436 1995 542 2034 tilins,
570 2006 671 2040 neque
695 2006 709 2027 a
733 1992 943 2038 ‹pialitunqne
969 2002 1099 2036 persona
1130 2001 1187 2022 (zu-

437 2044 577 2091 piditatis
601 2043 751 2089 pecuniae
771 2054 881 2079 cansa,
906 2052 1007 2086 neque
1033 2051 1086 2085 pro
1109 2050 1188 2084 qua-

438 2095 583 2140 licunque
607 2093 720 2127 favoris
744 2091 843 2125 inanis
857 2090 951 2135 gloria
973 2089 1087 2123 ibidem
1103 2100 1187 2121 con-

438 2145 606 2178 stituantur
639 2142 783 2180 abbates,
828 2139 880 2173 sed
915 2152 930 2173 a
965 2139 1088 2172 (uinctis
1129 2137 1188 2170 ibi-

439 2193 510 2227 dem
548 2192 734 2238 degentibns
779 2190 875 2223 servis
912 2188 969 2222 Dei
1011 2187 1186 2221 secundum

438 2243 541 2277 Deum
586 2243 668 2275 iuxta
707 2239 868 2274 Benedicti
912 2237 1009 2284 patris
1048 2237 1186 2283 regulam

441 2293 596 2337 eligantur
621 2290 759 2325 abbates.
793 2287 1026 2322 Coniirmamns
1048 2298 1137 2332 ergo,
1160 2293 1189 2319 et

441 2342 618 2377 stabilimus
649 2338 773 2377 amodo,
797 2347 828 2371 nt
861 2337 964 2370 nullus
987 2349 1052 2379 rex7
1087 2335 1190 2369 nullus

445 2392 606 2439 princeps⁷
635 2389 738 2423 nullus¹
760 2386 922 2427 marchio,
945 2386 1050 2420 nullus
1073 2397 1189 2424 comes7

443 2441 548 2475 nullus
578 2441 688 2478 iudex,
723 2437 827 2471 nullus
860 2435 1050 2482 episcopus,
1086 2434 1190 2468 nullus

444 2490 540 2525 abbas
573 2490 709 2535 aliquam
744 2487 804 2520 vim
840 2487 885 2519 vel
923 2484 1115 2518 invasionem
1156 2495 1191 2516 ac

445 2539 694 2583 subiugationem
724 2537 752 2570 in
789 2535 897 2569 codem
932 2534 1100 2571 coenobio,
1140 2540 1192 2566 aut

446 2589 477 2623 in
513 2589 577 2621 suis
595 2587 740 2620 omnibus
761 2584 956 2632 pertinentiis
985 2584 1085 2617 facere
1112 2594 1192 2629 prae-

447 2646 561 2673 sumat.
588 2637 648 2671 Pro
682 2648 744 2683 quo
775 2634 834 2670 sub
867 2633 965 2669 divini
998 2632 1104 2668 iudicii
1136 2631 1194 2667 ob-

1014 253 1201 276 mmmmm!
1222 252 1387 275 ROMANUM

1223 306 1413 350 testatione,
1450 313 1482 340 et
1514 306 1720 342 anathematis
1755 306 1973 343 interdictione

1224 355 1459 401 promulgantes
1485 355 1701 400 decernimus,
1730 365 1762 390 ut
1794 357 1877 391 nulla
1906 369 1972 391 un-

1222 416 1315 450 quam
1345 416 1462 449 ,magna
1492 417 1648 451 parvaque
1673 417 1803 451 persona
1831 406 1896 441 ullo
1922 407 1974 441 in-

1221 454 1325 499 genio,
1353 454 1570 500 cuiuscunque
1586 455 1625 488 sit
1647 454 1777 492 ordinis,
1801 455 1894 489 liuius
1911 468 1969 491 no-

1221 503 1275 537 stri
1303 503 1466 549 apostoliei
1503 503 1654 549 privilegii
1689 516 1783 538 ansus
1816 505 1856 539 sit
1876 504 1968 539 fran-

1222 564 1305 598 gere.
1333 552 1366 585 Si
1390 553 1460 598 quis
1474 561 1589 593 antem,
1614 553 1696 600 qnod
1722 566 1782 587 non
1802 554 1972 594 credimus,

1224 603 1305 648 parvi
1335 603 1476 648 pendens
1513 602 1709 649 privilegium
1733 610 1875 637 nostrum
1904 603 1972 638 dis-

1224 663 1369 697 rumpere
1397 652 1571 695 tentaverit,
1599 651 1637 685 de
1662 660 1746 698 parte
1768 651 1825 687 Dei
1859 653 1974 686 omni-

1224 700 1371 747 potentis7
1398 701 1562 748 sanctique
1580 701 1648 735 cius
1665 702 1799 747 apostoli
1823 701 1919 743 Petri,
1943 709 1974 737 et

1223 758 1339 789 nostra,
1362 751 1413 796 qni
1437 751 1505 785 eins
1527 750 1687 796 fungimur
1716 751 1825 791 vicem,
1857 763 1972 798 perpe-

1223 800 1295 839 tuis,
1319 799 1376 833 nisi
1406 800 1588 846 resipuerit,
1611 800 1819 835 anathematis
1841 800 1973 835 vinculis

1223 849 1410 895 obligamus.
1430 848 1462 884 Si
1479 851 1550 896 quis
1567 858 1669 883 antem
1699 850 1795 884 sancti
1826 849 1973 885 coenobii

1224 898 1316 932 buius
1338 899 1462 933 adiutor
1489 899 1627 933 existens
1650 899 1750 940 illum,
1778 900 1808 934 in
1831 912 1894 946 quo
1914 911 1974 946 po-

1224 948 1329 988 tuerit,
1357 949 1506 995 elegerit,
1545 948 1712 988 ditaverit,
1743 959 1771 982 et
1801 949 1972 990 amaverit,

1224 998 1275 1032 liic
1302 997 1359 1031 Dei
1384 998 1612 1044 omnipotentis
1639 998 1815 1033 interventu
1847 1006 1974 1045 aposto-

1225 1047 1281 1081 liea
1324 1047 1461 1094 repletus
1502 1047 1721 1081 benedictione
1761 1047 1914 1083 scandere
1941 1060 1974 1083 se

1224 1096 1381 1143 gaudeant
1404 1097 1432 1130 in
1462 1097 1575 1131 virtute
1597 1096 1636 1131 de
1659 1097 1782 1131 virtute.
1810 1098 1972 1144 Scriptum

1226 1159 1279 1193 per
1307 1159 1418 1180 manns
1453 1146 1618 1180 Benedicti
1645 1147 1754 1181 notarii
1792 1147 1973 1191 regionarii,

1224 1204 1254 1230 et
1281 1196 1432 1230 scriniarii
1469 1204 1594 1230 sanctae
1636 1208 1784 1230 romanae
1815 1196 1975 1232 Ecclesiae

1226 1246 1254 1279 in
1279 1258 1386 1279 mense
1419 1245 1599 1290 novembri,
1637 1245 1809 1280 indictione
1840 1246 1973 1281 decima.

1224 1295 1310 1328 liene
1335 1297 1441 1329 valete.

1238 1353 1342 1392 Seript.
1360 1362 1458 1381 mense
1477 1352 1627 1381 novembri
1650 1361 1726 1382 anno
1744 1352 1859 1382 Domini
1875 1352 1962 1390 1011,

1410 1392 1511 1432 pontis.
1536 1392 1629 1431 Sergii
1652 1402 1727 1422 anno
1749 1401 1791 1422 111.

1566 1513 1633 1547 VII.

1227 1585 1450 1619 Monasiemim
1470 1586 1616 1619 stridense
1636 1587 1690 1619 sub
1705 1587 1886 1630 protectione
1899 1587 1976 1621 sedis

1275 1638 1458 1678 npnwniistic
1478 1637 1637 1679 recipitur,
1670 1643 1695 1668 ct
1717 1648 1736 1668 α
1761 1638 1976 1680 cuiuscumque

1274 1697 1430 1727 personne,
1458 1686 1549 1717 (actim
1575 1686 1707 1729 episcopi
1737 1686 1895 1719 ordinarii
1924 1686 1976 1719 iu-

1275 1735 1451 1767 risam-tione
1476 1736 1622 1767 twinn'lur
1649 1737 1704 1778 (l).

1496 1803 1710 1833 stammam

1231 1865 1394 1895 Exordium.
1412 1883 1452 1888 —
1467 1866 1578 1895 Causae.
1601 1865 1814 1896 concessionis
1829 1883 1870 1889 —
1886 1866 1978 1897 Gauz-

1269 1906 1343 1935 berti
1358 1906 1471 1935 abbatis
1491 1907 1656 1944 postulatio.
1670 1923 1710 1928 —-
1724 1906 1910 1936 Confirmatio
1925 1906 1979 1936 ho-

1269 1956 1372 1975 norum
1393 1947 1426 1975 ad
1447 1947 1655 1976 monasterinm
1679 1947 1885 1985 spectantium,
1902 1955 1977 1985 quae

1270 1986 1316 2015 liic
1346 1991 1566 2015 enumerantin·.
1598 2002 1638 2008 -—
1664 1986 1744 2021 Quae
1775 1987 1978 2016 conceduntur

1269 2036 1320 2065 per
1347 2035 1487 2064 praesens
1518 2026 1714 2065 privilegium.
1740 2043 1780 2048 --
1805 2026 1977 2064 Decretum,

1269 2076 1304 2095 ne
1322 2067 1376 2095 alia
1397 2066 1520 2095 ecelesia
1540 2075 1591 2104 per
1613 2072 1738 2095 exteram
1759 2075 1911 2104 personam
1934 2066 1979 2096 in-

1269 2106 1311 2135 l'ra
1326 2107 1378 2135 lios
1392 2107 1531 2135 terminos
1550 2110 1714 2142 extruatni·;
1727 2116 1762 2135 ne
1779 2106 1808 2135 in
1825 2107 1911 2136 dictis
1930 2115 1979 2135 cc-

1269 2146 1368 2175 elesiis
1391 2146 1538 2184 quispiam
1562 2155 1615 2174 nec
1639 2146 1673 2175 ab
1702 2147 1838 2185 episcopo
1862 2146 1977 2175 consti-

1270 2190 1367 2215 tuatur
1389 2187 1424 2214 ad
1454 2186 1679 2215 ministramlum
1705 2202 1745 2207 —
1766 2190 1881 2225 praeter
1910 2195 1978 2223 eos,

1270 2235 1343 2264 qnos
1376 2225 1495 2255 abbates
1532 2225 1687 2263 elegerint.
1718 2242 1758 2247 —
1790 2225 1978 2256 Confirmatio

1270 2271 1453 2295 caeterorum
1472 2265 1626 2294 bonorum.
1648 2283 1687 2287 —
1708 2264 1786 2294 Bona
1802 2265 1900 2295 omnia
1922 2274 1977 2295 su-

1270 2306 1399 2344 pradicta
1423 2305 1477 2335 sub
1500 2305 1621 2335 tuitione
1639 2306 1718 2335 sedis
1739 2305 1917 2344 apostolicae
1934 2314 1981 2335 re-

1271 2345 1429 2384 cipiuntur.
1452 2363 1492 2367 --
1513 2344 1685 2375 Omnimoda
1708 2346 1851 2383 exemptio
1873 2354 1978 2375 mona-

1272 2385 1354 2414 sterii
1377 2385 1500 2424 eiusque
1523 2385 1666 2414 bonorum
1694 2385 1729 2415 ab
1752 2385 1912 2424 episcopali
1928 2385 1979 2414 iu-

1271 2425 1452 2455 risdictione.
1475 2442 1514 2447 —
1531 2424 1699 2454 Invalidatio
1718 2425 1918 2455 venditionum
1952 2428 1982 2455 et

1272 2466 1534 2494 commutationum
1559 2465 1593 2493 de
1610 2466 1652 2494 eis
1670 2466 1810 2494 hactenus
1828 2465 1980 2494 factarum.

1271 2522 1310 2526 —
1324 2504 1446 2534 Abbatis
1465 2504 1568 2534 electio
1588 2514 1676 2542 penes
1697 2502 1981 2534 monachos—01·-

1272 2545 1437 2574 dinationes
1461 2554 1475 2573 a
1506 2555 1563 2583 quo
1588 2544 1707 2574 libuerit
1731 2545 1868 2584 episcopo
1899 2544 1980 2574 acci-

1234 2641 1241 2668 l
1269 2606 1307 2642 (t)
1318 2607 1361 2668 {lx
1383 2606 1493 2633 Archiv.
1510 2607 1662 2634 monasterii
1678 2605 1757 2634 huius
1767 2605 1981 2634 ediditBaluzius

1243 2649 1283 2670 oc.
1300 2650 1323 2669 ci
1339 2662 1345 2669 .

2000 215 2054 245 An.
2070 214 2099 245 C.
2118 215 2181 244 ¹011

2028 550 2147 573 Anatho-m
2165 551 2186 573 in

2002 590 2154 610 attentator-es.
