2237 3127
176 330 227 358 An.
250 330 278 358 C.
305 330 356 358 495

159 1548 285 1577 Apostolum
303 1549 343 1569 St*-

158 1583 196 1604 ‹lws
244 1583 268 1605 nl·
310 1583 343 1606 liis

158 1621 270 1645 abhorret,
306 1621 342 1650 qui

158 1665 206 1678 eum
224 1657 342 1678 haer-ticin

157 1698 329 1716 cotiinnznicont.

442 322 509 357 418

388 390 574 436 imperator,
596 384 649 432 qni
680 395 714 418 se
740 380 928 417 catholicum
951 377 1049 412 videri
1077 389 1133 411 vo-

386 439 485 476 lebat,
514 436 612 482 potuit
641 446 711 468 cum
748 430 917 477 apostolica
952 429 1026 462 sede
1054 439 1133 460 cun-

385 497 505 522 ctorum
528 495 655 531 quoque
674 480 855 528 pontilicum
881 478 1039 512 moderata
1058 488 1132 522 sug-

385 537 526 581 gestione
544 530 700 577 mitigari?
716 529 887 574 Praecipue
902 540 972 561 cnm
989 525 1129 561 eiusdem

385 584 488 619 Aratii
524 589 606 617 esset
638 579 782 627 specialis
809 578 909 612 fautor
940 585 969 610 et
992 583 1130 616 amator,

383 635 436 680 qui
457 632 552 667 literis
567 631 633 666 suis
650 638 711 663 tam
736 629 837 675 ipsum
862 626 1018 664 Aeatium,
1036 629 1128 672 quam

382 691 509 717 sanctae
549 679 719 714 memoriae
769 689 882 724 papam
928 675 1128 721 Simplicium

383 732 506 777 magnis
520 730 666 764 laudibus
678 727 851 766 extulisset3
866 726 1031 759 doceretur
1044 724 1128 771 qnod

380 780 547 816 haereticis
574 777 827 814 constantissime
862 775 1035 809 restitisset.
1064 774 1130 808 Cur

381 839 467 865 tauto
494 838 634 875 tempore
665 827 793 861 Acatius
816 825 895 859 inter
929 825 987 858 ista
1020 824 1128 858 conti-

378 880 466 914 nuit?
500 879 557 913 nisi
586 877 657 924 quia
686 874 861 923 praepediri
892 874 1019 908 uolebat
1051 873 1128 907 ulla-

380 938 492 969 tenus,
526 940 605 975 quae
638 939 693 973 pro
729 924 894 959 haereticis
929 923 1128 957 desiderabat

379 978 513 1026 impleri.
536 978 697 1012 Ponamus
730 983 834 1009 autem
869 973 960 1008 etiam
989 973 1012 1006 si
1043 972 1125 1006 nulla

378 1028 517 1076 synodus
553 1025 796 1073 praecessisset,
831 1023 922 1058 cuius
956 1022 1125 1069 apostolica

979 322 1165 346 numanum
1189 321 1349 344 nouaNt'u

1174 384 1220 411 tot
1246 375 1456 423 experimenta
1499 374 1711 418 dediderunt,
1746 376 1906 424 meritoqw

1173 425 1212 460 ab
1239 426 1408 473 apostolica
1431 425 1516 464 sede,
1544 426 1737 472 caeterisque
1756 427 1916 462 catholicis

1174 488 1234 509 non
1269 484 1329 509 tam
1364 474 1548 509 consulendi
1577 483 1686 518 erant,
1726 477 1830 521 potius
1861 478 1914 511 scil

1174 525 1312 558 notandi.

1220 579 1234 618 ξ
1261 578 1318 608 26.
1345 574 1483 607 R³simus
1510 582 1613 606 autem
1637 574 1720 619 quod
1749 586 1913 620 praeroga-

1171 624 1263 657 tivam
1288 623 1395 657 volunt
1418 623 1524 656 Aeatio
1547 623 1730 668 comparari,
1753 624 1823 669 quia
1846 625 1914 670 epi-

1170 685 1286 719 seopus
1320 672 1410 706 fuerit
1446 672 1545 717 regiae
1585 672 1726 705 ciritatis.
1764 673 1911 720 Nunqniil

1170 723 1251 769 apud
1275 722 1468 759 Ravennam,
1496 721 1576 767 apud
1600 721 1824 760 Mediolanum,
1843 722 1914 770 Syr-

1171 773 1278 812 mium,
1301 771 1382 818 apud
1410 770 1565 814 Treviros,
1589 771 1695 804 multis
1718 772 1912 818 temporibus

1170 834 1231 855 non
1266 821 1402 855 constitit
1437 820 1630 867 imperator?
1662 820 1810 868 Numquid
1840 834 1910 856 nam

1171 871 1279 905 harum
1308 870 1433 904 urbium
1467 869 1643 904 sacerdotes
1678 873 1753 904 ultra
1783 883 1911 905 mensu-

1170 933 1232 954 ram
1255 920 1382 954 sibimet
1402 919 1576 965 antiquitus
1597 919 1793 966 deputatam,
1815 922 1911 968 quip-

1169 970 1250 1016 piam
1279 970 1343 1004 suis
1370 968 1575 1014 dignitatibus
1593 972 1802 1016 usurparunt?
1827 970 1911 1004 Nun-

1167 1019 1243 1065 quid
1272 1019 1423 1058 Acatius,
1458 1027 1491 1052 ut
1525 1018 1673 1053 Ioannem
1708 1020 1910 1066 qualemlibet

378 1078 468 1112 sedes
491 1085 574 1111 recte
597 1076 684 1109 fieret
703 1072 901 1120 exequutiix,
924 1085 993 1106 cum
1011 1071 1126 1118 quibus
1144 1061 1147 1093 l
1167 1068 1340 1108 bominem,
1362 1068 1549 1102 catholicum
1574 1076 1689 1112 tamen,
1712 1081 1726 1101 a
1749 1069 1909 1104 catholicis

377 1137 441 1162 erat
460 1127 497 1161 de
520 1125 641 1169 Acatio,
663 1132 693 1158 et
709 1136 764 1170 per
785 1122 946 1157 Orientem
964 1121 1124 1155 catholicis
1166 1119 1344 1152 ordinatum
1369 1117 1407 1151 de
1426 1117 1618 1152 Alexandria
1634 1118 1829 1159 excluderet,
1854 1118 1910 1153 Pe-

375 1226 466 1260 exilia
483 1225 603 1259 diversa
619 1222 774 1268 relegatis,
788 1222 862 1256 socii
879 1220 1038 1255 evidenter
1056 1220 1124 1253 exi-
1164 1216 1358 1260 damnatum,
1381 1216 1497 1263 absque
1519 1216 1604 1251 sedis
1630 1217 1819 1263 apostolicae
1837 1230 1910 1252 eon-

374 1276 499 1310 stebant
531 1272 766 1308 communionis
794 1278 956 1313 externae,
985 1269 1071 1316 prius
1089 1282 1122 1302 se

373 1326 410 1359 ad
442 1325 518 1359 baec
550 1322 707 1357 consortia
747 1319 989 1359 transferentes,
1027 1330 1120 1364 quam

373 1374 458 1409 sedis
481 1372 672 1420 apostolicae
693 1371 771 1405 scita
793 1369 1013 1404 consulerent?
1039 1367 1120 1402 Cum

373 1424 487 1470 quibus
514 1434 589 1468 ergo
612 1429 677 1455 erat
704 1419 843 1467 synodus
870 1417 1032 1453 ineunda?
1066 1416 1120 1452 Ca-

376 1473 481 1508 tholici
505 1471 672 1519 pontifices
695 1470 816 1504 fuerant
838 1468 976 1514 undique
993 1468 1052 1501 iam
1070 1467 1121 1501 de-

374 1523 479 1569 pulsi,
498 1521 620 1568 solique
647 1526 861 1554 remanserant
882 1518 958 1552 socii
983 1517 1120 1564 perfido-

374 1585 454 1613 rum,
477 1584 548 1606 cum
571 1569 687 1618 quibus
709 1569 770 1603 iam
793 1580 850 1603 nec
873 1567 986 1602 licebat
1005 1566 1119 1601 babere

371 1629 573 1662 conventum,
600 1620 673 1666 quia
700 1618 797 1653 moris
819 1616 1019 1652 ecclesiastici
1048 1629 1119 1650 om—

369 1673 445 1706 nino
478 1683 542 1706 non
577 1678 660 1704 esset
696 1680 766 1703 cum
795 1667 857 1711 his,
880 1667 932 1713 qui
968 1666 1116 1713 pollutam

368 1720 627 1756 communionem
666 1724 830 1757 tenerent,
868 1716 1117 1763 permixtamque

366 1783 435 1805 rum
466 1769 611 1815 perfidis,
647 1768 746 1802 ullum
776 1767 907 1801 miScere
935 1765 1116 1800 consilium.

366 1820 523 1866 Propheta
555 1830 681 1866 quoque
712 1817 858 1851 dicente:
882 1815 951 1849 Non
984 1814 1051 1850 sedi
1086 1814 1115 1849 in

365 1869 502 1904 concilio
525 1867 688 1912 vanitatis,
715 1875 745 1902 et
772 1878 844 1901 cum
868 1865 974 1912 iniqua
997 1877 1118 1911 geren-

366 1919 451 1954 tibus
487 1930 549 1953 nou
578 1917 725 1952 introibo.
763 1915 855 1950 Odivi
892 1915 1117 1960 congregatio-

366 1981 439 2003 nem
462 1968 686 2013 malignorum,
709 1974 739 2001 et
765 1978 837 2000 cum
861 1964 965 2011 impiis
992 1977 1054 1999 non
1073 1977 1116 1999 se-

366 2018 447 2053 debo
470 2020 521 2061 (a).
546 2017 642 2052 Recte
666 2016 759 2062 igitur
774 2027 830 2063 per
844 2013 1117 2049 Chalcedonensis

365 2068 475 2115 synodi
509 2066 642 2102 formam
677 2064 858 2101 huiusmodi
893 2064 1116 2111 praevaricatio

365 2118 491 2164 repulsa
512 2124 559 2151 est
586 2117 712 2164 potius,
742 2128 834 2163 quam
858 2113 896 2148 ad
928 2113 1116 2159 concilium,

364 2167 449 2214 quod
477 2178 534 2202 nec
569 2178 648 2213 opus
672 2173 737 2200 erat
764 2173 831 2212 post
862 2164 991 2209 primam
1021 2176 1117 2211 syno-

365 2216 462 2260 dum,
496 2227 556 2251 nec
583 2227 654 2250 cum
689 2215 802 2249 talibus
837 2213 952 2248 habere
986 2213 1116 2258 licebat,

364 2265 499 2301 adducta
518 2272 576 2300 est.
599 2265 677 2300 Nam
695 2273 723 2299 et
741 2263 818 2311 quid
837 2270 982 2309 ageretur
1001 2262 1038 2297 de
1055 2263 1116 2298 fide

364 2315 530 2360 catholica,
557 2315 583 2350 si
606 2314 779 2360 intelligere
807 2313 997 2353 voluissent,
1021 2313 1116 2355 igno-

364 2377 431 2400 rare
447 2377 511 2399 non
527 2372 679 2412 poterant,
697 2376 769 2398 cum
786 2362 925 2396 viderant
943 2361 1116 2397 catholicos

366 2415 531 2461 pontifices
548 2414 630 2449 nulla
653 2413 764 2462 synodi
791 2412 1000 2451 discussione,
1029 2412 1115 2446 nullo

363 2464 508 2506 concilio,
532 2464 700 2511 praecipue
723 2474 793 2497 cum
814 2473 908 2496 novas
923 2473 1031 2495 causas
1046 2473 1114 2496 esse

366 2513 611 2560 perpenderent,
646 2521 710 2548 toto
744 2511 874 2546 Oriente
915 2510 1052 2557 depelli,
1085 2518 1115 2545 et

363 2563 477 2597 caeteri
500 2563 577 2610 quid
606 2570 751 2597 caverent
777 2573 815 2595 ex
841 2560 966 2594 illorum
992 2559 1114 2594 discere

362 2612 511 2658 qualitate
528 2613 716 2660 potuissent.
739 2611 849 2646 Restat
864 2610 959 2655 igitur
981 2616 1015 2643 ut
1031 2609 1114 2644 illius

365 2662 460 2708 pai-tis
481 2674 536 2696 eos
563 2662 662 2697 fuisse
689 2662 729 2697 sit
755 2661 886 2702 clarum,
914 2659 963 2695 cui
986 2671 1019 2694 se
1041 2669 1112 2707 post

397 2719 435 2755 tre)
453 2719 546 2746 Psalm.
560 2720 601 2745 27).

376 1175 593 1211 sacerdotibus
631 1173 783 1207 violenter
819 1171 972 1209 exclusis,
1005 1178 1146 1471 larque!
1166 1176 1311 1214 ti'umque
1343 1167 1373 1201 in
1401 1166 1520 1201 haeresi
1552 1167 1610 1200 iam
1631 1167 1789 1202 detectum
1816 1176 1909 1215 atque

1163 1266 1333 1301 sultatione
1356 1266 1519 1312 reciperet,
1542 1266 1644 1312 aliqua
1662 1266 1781 1313 synodo
1799 1267 1907 1301 saltem

1164 1315 1226 1350 illis
1253 1315 1367 1359 habita,
1396 1314 1455 1348 hoc
1476 1314 1622 1349 audacter
1645 1315 1775 1362 arripuit
1798 1325 1828 1349 ut
1850 1316 1910 1350 Ka-

1162 1364 1339 1399 lendionem
1359 1364 1397 1398 de
1420 1364 1584 1398 Antiochia
1608 1364 1754 1411 pelleret,
1778 1366 1910 1400 baereti-

1162 1426 1297 1461 cumque
1312 1414 1454 1452 Petrum,
1479 1426 1572 1460 quem
1597 1414 1663 1461 ipse
1679 1427 1805 1462 quoque
1824 1415 1909 1449 ‹lam-

1162 1474 1303 1508 naverat,
1330 1464 1448 1510 absque
1475 1463 1581 1497 notitia
1605 1464 1689 1498 sedis
1717 1464 1908 1512 apostolieae

1161 1525 1268 1547 rursus
1287 1514 1474 1553 admitteret,
1497 1512 1598 1559 aliqua
1613 1513 1732 1560 synodo
1749 1514 1776 1548 id
1793 1513 1906 1548 sei-isse

1162 1564 1374 1597 monstratur?
1399 1562 1432 1597 Si
1461 1570 1544 1596 certe
1567 1562 1604 1596 de
1627 1562 1776 1609 dignitate
1802 1564 1907 1608 agitur

1160 1612 1346 1653 civitatum,
1381 1611 1538 1646 secundae
1565 1611 1673 1653 sedis,
1710 1620 1740 1647 et
1773 1612 1905 1657 tertiae,

1160 1662 1258 1695 maior
1274 1670 1320 1696 est
1340 1662 1474 1707 dignitas
1492 1661 1701 1706 sacerdotum,
1723 1675 1815 1709 quam
1834 1662 1904 1697 eius

1159 1711 1315 1751 civitatis,
1356 1723 1434 1758 quae
1469 1722 1530 1744 non
1565 1710 1666 1745 solum
1698 1712 1779 1746 inter
1813 1711 1904 1746 sedes

1160 1760 1292 1794 minime
1314 1768 1514 1800 numeratur,
1537 1760 1590 1794 sed
1614 1772 1672 1795 nec
1694 1761 1775 1795 inter
1794 1769 1906 1794 metro-

1160 1810 1370 1855 politanorum
1409 1810 1474 1843 iura
1511 1817 1666 1844 censetur.
1705 1810 1783 1845 Nam
1820 1811 1904 1858 quod

1159 1859 1262 1894 dicitis
1290 1860 1391 1905 regiae
1419 1859 1572 1902 civitatis,
1603 1859 1660 1893 alia
1691 1868 1828 1907 poti-stas
1856 1868 1903 1894 est

1160 1909 1245 1954 regni
1269 1910 1450 1951 saecularis,
1478 1908 1534 1942 alia
1563 1908 1844 1944 ecclesiasticarum
1862 1910 1906 1943 ‹li-

1158 1958 1303 1993 stributio
1322 1959 1521 2004 dignitatum.
1544 1957 1632 1992 Sicut
1660 1959 1742 1992 enim
1762 1959 1904 2005 quamvis

1160 2020 1251 2055 parva
1276 2009 1384 2042 civitas
1411 2008 1654 2054 praerogativam
1676 2009 1906 2053 praesentisre-

1158 2058 1209 2103 gni
1233 2070 1295 2092 non
1319 2058 1444 2096 minuit,
1468 2057 1512 2091 sic
1535 2057 1706 2103 imperialis
1730 2058 1903 2104 praesentia

1159 2120 1336 2142 mensuram
1366 2106 1611 2153 dispensationis
1639 2107 1803 2153 religiosae
1839 2119 1901 2141 uon

1157 2164 1265 2191 mutat.
1293 2156 1340 2191 Sit
1367 2157 1447 2191 clara
1477 2155 1552 2189 urbs
1573 2155 1623 2190 illa
1651 2164 1803 2203 potestate
1819 2168 1905 2203 prae-

1157 2207 1254 2241 sentis
1289 2206 1430 2253 imperii,
1465 2205 1573 2251 religio
1599 2212 1674 2239 tunc
1698 2205 1757 2240 sub
1792 2205 1901 2240 eadem

1157 2256 1256 2294 firma,
1284 2264 1359 2290 tunc
1382 2255 1495 2299 libera,
1524 2263 1598 2288 tunc.
1633 2263 1775 2301 provecta
1798 2256 1904 2289 eonsi-

1156 2306 1229 2343 stit,
1263 2305 1287 2339 si
1316 2305 1420 2352 potius
1454 2305 1513 2338 hoc
1545 2311 1706 2349 praesente
1745 2305 1902 2351 propriam

1157 2363 1258 2389 teneat
1280 2355 1348 2389 sine
1370 2354 1432 2388 ulla
1454 2353 1686 2400 perturbatione
1709 2366 1901 2388 mensuram.

1157 2404 1320 2438 Postremo
1336 2404 1360 2437 si
1377 2403 1434 2437 sibi
1453 2403 1492 2438 de
1512 2403 1709 2450 imperatoris
1727 2404 1899 2449 praesentia

1156 2453 1372 2494 blandiuntur,
1399 2460 1429 2487 et
1451 2452 1523 2487 inde
1547 2461 1655 2498 putant
1683 2452 1902 2487 Constantino-

1156 2503 1312 2550 politanae
1333 2502 1466 2537 civitatis
1487 2503 1626 2548 episcopi
1657 2503 1807 2547 potiorem
1835 2502 1898 2535 lieri

1157 2565 1248 2600 posse
1276 2564 1459 2599 personam,
1482 2552 1609 2585 audiant
1624 2551 1808 2585 Martianum
1824 2552 1905 2585 eius-

1155 2603 1226 2637 dem
1272 2601 1446 2649 principem
1494 2601 1626 2635 civitatis
1641 2628 1649 2640 ,
1702 2609 1902 2647 posteaquam

1156 2664 1212 2700 pro
1234 2660 1404 2698 augmento
1428 2650 1515 2685 urbis
1541 2650 1639 2697 ipsius
1657 2649 1829 2684 sacerdotis
1856 2650 1904 2682 iu-

1155 2710 1310 2738 tercessor
1336 2700 1500 2745 accedens,
1521 2707 1628 2736 contra
1656 2699 1781 2745 regulas
1813 2698 1903 2734 obti-

1956 345 2010 373 ΑΒ.
2031 345 2064 374 C.
2087 347 2137 376 495

1967 594 2133 625 constantinop.

1952 629 2052 651 Ecclesia
2091 638 2133 653 mm

1952 663 2015 686 modo
2026 665 2083 687 inte·-
2099 674 2132 688 ιο-

1951 699 1998 729 deq,
2027 701 2064 723 ud
2093 709 2133 724 noc

1952 736 2007 757 inter
2046 740 2132 759 metro-

1966 771 2111 801 polian-rum

1955 806 1998 829 iura
2011 811 2122 832 een-etur.
