2237 3127
71 808 132 829 Nulla
182 809 255 831 diter-

69 844 122 864 ·ites
165 844 254 873 praedi-

70 879 165 901 cationis
219 880 253 901 nbi

68 921 108 935 una
125 918 158 936 est
181 915 253 938 form·

68 949 176 971 veritatis.

67 1009 171 1031 ‘tandum
212 1011 251 1033 de-

67 1046 134 1066 cretis
164 1047 250 1068 Patroni

68 1088 87 1109 si
95 1082 190 1103 nudicis.

62 1526 93 1548 De
136 1528 244 1555 trinitate,

61 1569 145 1591 unaque
171 1564 191 1584 in
222 1572 244 1585 cu

62 1598 189 1620 liniuntur.

79 2348 124 2368 Nun
144 2348 237 2378 intvlbgi

55 2390 118 2412 posse
141 2383 179 2404 abs
182 2392 236 2404 111111

60 2419 95 2439 lita
123 2419 236 2441 Trinitatis

58 2459 166 2482 >nister-a.

889 311 914 335 S.
943 311 1145 334 HOMHSDAI
1174 313 1223 335 Pr.

1263 294 1284 302 μ,

1721 306 1732 337 1
1746 306 1787 337 31)

291 365 413 408 buerat,
437 375 497 412 qua
519 362 610 409 dixit,
632 370 664 399 et
681 363 799 405 docuit,
813 376 908 399 nemo
929 377 1042 400 ascen·
1085 364 1174 410 lium,
1196 374 1226 400 et
1247 365 1403 412 Spiritum
1435 366 1589 403 Sanctum
1621 368 1835 406 indistinctam

290 413 337 447 dit
362 414 394 447 in
421 413 557 452 coelum,
579 413 640 447 nisi
664 413 718 460 qui
734 413 773 448 de
788 413 877 448 coelo
899 414 1040 448 deseen—

288 461 335 496 dit
355 462 440 497 filius
467 462 615 503 hominis,
648 463 700 509 qui
737 470 783 496 est
809 462 840 496 in
873 463 961 497 coelo
983 466 1037 506 (a).

287 509 390 557 Saepe
416 512 504 552 liaee,
518 518 550 546 et
565 511 673 545 multis
690 511 943 556 praecedentium
965 519 1039 546 sunt

285 560 517 606 comprehensa
539 560 720 594 sententiis:
743 559 798 593 sed
818 572 876 594 nee
895 559 1038 594 elemen-

285 609 326 642 tia
350 617 462 653 vestra,
483 608 557 643 lieet
583 608 642 642 iam
671 608 753 642 dieta
775 608 839 642 sint
866 608 1035 646 fastidiose,

286 658 401 703 poterit
439 657 571 704 repetita
605 668 821 702 cognoscere,
856 669 915 691 nee
943 657 1035 691 nobis

284 706 387 752 pudor
409 714 456 740 est
483 717 531 746 ea,
566 717 648 751 quae
673 714 747 740 sunt
779 717 795 740 a
817 705 1035 740 decessoribus

283 755 398 789 nostris
426 753 584 801 praedicta
614 754 788 788 revolvere:
824 766 926 801 neque
948 755 1033 788 enim

282 803 433 848 possibile
454 810 502 838 est
520 810 553 837 ut
574 803 614 836 sit
635 802 798 837 diversitas
825 803 1033 849 praedicatio-

279 852 340 892 nis,
364 851 493 886 ubiuna
509 850 668 886 estforma
694 851 849 886 veritatis:
874 864 932 886 nec
944 852 1031 886 abre

281 899 472 934 iudicabitur
512 901 650 934 alienum
684 900 709 934 si
745 912 817 934 eum
855 900 926 944 bis,
958 912 1029 934 cum

278 949 395 994 quibus
425 949 633 984 convenimus
660 948 733 987 side,
761 961 972 994 congruamus
1000 958 1030 983 et

279 997 437 1043 dogmate.
459 997 674 1032 Revolvantur
695 998 754 1044 piis
777 998 1029 1032 mansuetudinis

279 1054 398 1081 vestrae
419 1046 549 1081 auribus
563 1046 687 1080 decreta
716 1046 878 1093 synodica,
901 1055 931 1081 et
945 1047 1026 1081 beati

279 1107 377 1142 papae
402 1095 519 1130 Leonis
551 1095 768 1130 convenientia
807 1107 914 1130 sacrae
954 1096 1026 1130 fidei

277 1144 464 1179 constituta:
487 1144 596 1179 eadem
614 1144 786 1191 *invenietis
806 1144 833 1178 in
858 1145 929 1186 iilis,
946 1158 1027 1192 quae

277 1193 500 1228 recensueritis
528 1194 558 1227 iu
599 1193 724 1227 nostris.
759 1193 842 1234 Quid
882 1206 957 1240 ergo
979 1204 1027 1229 est

277 1250 346 1286 post
374 1242 462 1276 illum
490 1241 609 1276 sontem
641 1241 793 1280 fidelium,
825 1251 1025 1287 statutorum,

275 1291 328 1336 qui
344 1291 490 1338 amplius,
513 1291 538 1325 si
561 1300 665 1325 tamen
688 1291 759 1325 fidei
775 1292 944 1326 terminum
958 1305 1026 1327 ser-

275 1347 334 1378 vat,
361 1339 534 1386 quamlibet
555 1340 700 1374 curiosus
730 1348 886 1375 scrutator
912 1341 1024 1388 inqui-

274 1388 341 1422 rat?
362 1400 424 1423 non
453 1400 549 1434 opere
570 1397 622 1422 aut
645 1388 843 1424 institutione
865 1390 1022 1435 perfectis,

273 1436 331 1470 nisi
349 1436 428 1471 forte
451 1437 570 1471 mavult
585 1438 752 1483 quisquam
769 1437 913 1472 dubitare
927 1451 1020 1485 qnam

270 1485 410 1530 credere,
433 1493 553 1520 certare
579 1498 673 1532 quam
699 1498 807 1526 nosse,
840 1488 929 1533 sequi
960 1488 1023 1522 du-

271 1533 333 1578 bia,
360 1546 454 1579 quam
477 1546 601 1569 servare
635 1534 772 1569 decreta.
799 1535 878 1569 Nam
914 1536 939 1570 si
962 1537 1022 1570 tri-

270 1583 351 1617 nitas
371 1582 470 1625 Deus,
499 1583 558 1618 hoe
591 1591 639 1618 est
659 1583 764 1624 Pater,
791 1593 822 1618 et
855 1584 969 1629 Filius,
991 1594 1022 1620 et

268 1631 407 1678 Spiritus
428 1632 575 1672 Sanctus,
602 1632 690 1666 Deus
711 1641 815 1667 autem
844 1646 924 1668 unus
946 1647 1021 1680 spe-

267 1680 388 1715 cialiter
428 1680 607 1726 legislatore
639 1681 779 1716 dicente:
808 1683 893 1716 Audi
913 1683 1019 1724 Israel,

268 1728 426 1764 Dominus
461 1730 550 1764 Deus
579 1738 652 1765 tuus
685 1730 772 1765 Deus
795 1744 876 1766 unus
897 1740 945 1766 est
967 1735 1019 1776 (b).

266 1777 329 1819 Qui
341 1778 433 1813 aliter
452 1778 545 1813 babet
568 1790 696 1813 necesse
719 1787 777 1823 est,
800 1788 851 1814 aut
870 1781 1020 1815 divinita-

267 1835 330 1860 tem
358 1828 391 1861 in
418 1827 516 1862 multa
550 1827 719 1867 dividens,
753 1837 805 1862 aut
843 1830 1021 1874 specialiter

267 1876 445 1920 passionem
468 1876 528 1922 ipsi
551 1877 705 1910 essentiae
726 1877 887 1911 Trinitatis
911 1878 1018 1924 impin-

265 1933 327 1968 gat.
351 1924 390 1959 Et
418 1925 515 1971 (quod
536 1925 618 1959 absit
639 1937 654 1959 a
684 1925 823 1960 fidelium
846 1927 1018 1970 mentibus)

268 1974 327 2007 boe
352 1981 413 2014 est,
439 1981 493 2007 aut
517 1973 623 2020 plures
646 1973 730 2008 Deos
761 1987 847 2009 more
869 1975 1018 2022 profanae

265 2022 450 2063 gentilitatis
472 2022 632 2065 inducere,
655 2032 708 2057 aut
733 2024 914 2058 sensibilem
943 2037 1018 2071 poe-

267 2082 339 2104 nam
366 2071 405 2105 ad
438 2083 506 2105 eam
536 2079 690 2114 naturam,
725 2085 805 2118 quae
842 2074 944 2108 aliena
971 2083 1017 2108 est

265 2119 305 2152 ab
322 2120 407 2153 omni
429 2120 588 2165 passione,
616 2120 793 2155 transferre.
824 2121 931 2156 Unum
958 2132 1016 2166 est,

265 2177 370 2202 saneta
391 2168 529 2203 Trinitas
543 2181 605 2203 non
625 2169 850 2215 multiplicatur
872 2183 1016 2215 numero,

267 2228 329 2250 non
352 2218 466 2252 crescit
499 2226 690 2263 augmento,
731 2231 790 2253 nee
817 2227 930 2264 potest,
963 2229 1017 2254 aut

266 2265 471 2312 intelligentia
494 2266 734 2313 comprehendi,
757 2276 808 2302 aut
833 2268 907 2309 boe,
930 2269 1014 2315 quod

264 2313 352 2348 Deus
373 2322 432 2353 est,
458 2313 650 2350 discretione
682 2318 815 2362 seiungi.
838 2316 918 2358 Quis
942 2330 1015 2364 ergo

266 2362 307 2396 illi
333 2371 456 2397 secreto
495 2373 664 2403 aeternae,
703 2365 1015 2412 impenetrabilisque

263 2413 468 2452 substantiae,
495 2414 580 2458 quod
615 2412 701 2447 nulla
728 2413 774 2448 vel
811 2415 1013 2450 invisibilium

263 2468 443 2495 naturarum
467 2464 568 2507 potuit
595 2463 783 2507 investigare
801 2472 923 2504 natura,
940 2477 1014 2510 pro-

262 2510 365 2543 fanam
388 2511 577 2544 divisionem
601 2517 697 2545 tentet
722 2513 880 2557 ingerere,
908 2522 937 2547 et
965 2513 1015 2547 di-

262 2557 325 2591 vini
346 2567 460 2593 arcana
482 2559 621 2594 mvsterii
643 2569 790 2595 revocate
804 2560 842 2595 ad
856 2562 1012 2596 eaieulum

262 2607 358 2641 moris
377 2597 532 2643 humanii
551 2607 730 2643 Adorenius
751 2609 890 2655 Patrem,
905 2619 934 2646 ct
954 2610 1013 2645 Fi·
1032 2583 1036 2643 l

1028 2645 1037 2728 l
1057 2672 1119 2700 Luc.
1136 2673 1164 2700 2.

295 2667 336 2702 (a)
352 2668 423 2694 loun.
440 2669 466 2694 3.
519 2669 558 2703 (b)
576 2669 652 2695 Deut.
670 2670 698 2696 ὓ.

1082 413 1240 456 distinete,
1267 416 1635 462 incomprehensibilem,
1658 425 1688 453 et
1708 419 1835 454 inenar-

1082 462 1213 497 rabilem
1244 464 1452 499 substantiam
1477 466 1650 510 Trinitatis,
1684 467 1737 502 uhi
1773 471 1830 503 etsi

1079 511 1396 547 admittitnumerum
1420 515 1498 548 ratio
1518 528 1737 562 personarum,
1755 519 1833 552 uni-—

1081 567 1126 593 tas
1148 567 1253 595 tamen
1277 573 1338 595 non
1359 561 1497 597 admittit
1519 565 1674 599 essentiae
1697 578 1832 611 separa—

1080 608 1209 649 tionem,
1233 609 1274 643 ita
1296 617 1402 644 tamen
1441 621 1473 645 ut
1506 625 1668 648 servemus
1707 614 1830 650 divinae

1079 657 1204 703 propria
1231 666 1372 703 naturae,
1409 671 1571 695 servemus
1600 663 1724 709 propria
1760 666 1831 698 uni-

1076 705 1191 751 cuique
1210 718 1375 752 personae,
1403 720 1461 742 nec
1487 711 1633 755 personis
1655 712 1829 747 divinitatis

1075 753 1277 800 singularitas
1298 756 1484 801 denegetur,
1507 771 1565 793 nec
1597 760 1635 793 ad
1659 762 1826 796 essentiam

1076 800 1135 836 boe
1157 803 1241 849 quod
1269 811 1316 838 est
1342 806 1506 851 propriam
1519 808 1695 850 nominum,
1725 817 1828 845 trans-

1862 317 1912 344 Ati.
1942 318 1967 345 C,
1996 320 2040 345 3211

1074 849 1201 885 feratur.
1236 852 1388 899 Magnum
1431 863 1477 888 est
1500 864 1625 890 sanctae
1647 865 1678 892 et
1704 858 1827 893 ineom-
1875 880 1896 891 sn
1917 880 1932 892 ,ι
1951 881 1970 893 ,η
1989 882 1999 893 υ

1075 899 1287 943 prehensibile
1328 903 1512 949 mysterium
1535 905 1713 947 Trinitatis,
1743 907 1827 942 Deus

1073 947 1175 992 Pater,
1198 948 1284 984 Deus
1306 950 1416 995 Filius,
1454 952 1541 987 Deus
1574 954 1711 999 Spiritus
1740 956 1825 990 San—

1071 1003 1150 1031 ctus.
1173 998 1311 1033 Trinitas
1338 1000 1490 1035 indivisa:
1521 1010 1551 1036 et
1578 1010 1683 1038 tamen
1714 1013 1821 1039 uotum

1070 1053 1128 1086 cst,
1151 1047 1224 1092 quia
1247 1049 1410 1094 proprium
1438 1058 1484 1084 cst
1519 1050 1632 1091 Patris,
1655 1060 1689 1086 ut
1724 1065 1824 1098 gene—

1072 1102 1151 1128 raret
1174 1095 1303 1130 Filium:
1341 1098 1502 1144 proprium
1532 1099 1600 1133 Filii
1625 1100 1695 1145 Dei,
1724 1110 1757 1136 ut
1784 1116 1823 1136 cx

1070 1142 1161 1178 Patre
1176 1144 1261 1178 Patri
1285 1154 1467 1181 nasceretur
1489 1149 1642 1194 aequalis:
1659 1152 1823 1197 proprium

1069 1191 1204 1237 Spii'itus
1225 1194 1345 1235 Sancti,
1374 1204 1406 1229 iit
1429 1196 1468 1231 dc
1486 1197 1591 1240 Patre,
1608 1206 1636 1232 et
1653 1198 1734 1233 Filio
1749 1213 1822 1244 pro—

1069 1241 1195 1275 cederet
1220 1243 1279 1276 sub
1303 1256 1362 1277 una
1380 1245 1555 1279 substantia
1577 1247 1721 1282 Deitatis.
1743 1248 1824 1283 Pro-

1068 1290 1172 1334 prium
1193 1304 1320 1338 quoque
1342 1292 1412 1327 Filii
1427 1294 1499 1337 Dei,
1522 1302 1552 1329 et
1570 1295 1655 1330 iuxta
1670 1296 1714 1337 id,
1737 1299 1822 1343 quoal

1067 1339 1218 1384 scriptum
1241 1350 1304 1374 est:
1333 1341 1366 1375 In
1391 1343 1569 1377 novissimis
1605 1346 1817 1391 temporibus,

1067 1386 1206 1422 Verbum
1226 1402 1298 1423 caro
1327 1390 1425 1434 lieret,
1444 1399 1473 1425 et
1498 1392 1693 1428 babitaretin
1717 1395 1820 1435 nobis;

1067 1435 1106 1469 ita
1134 1437 1214 1471 intra
1238 1438 1354 1473 viscera
1383 1449 1508 1474 sanctae
1536 1441 1652 1476 Mariae
1675 1442 1820 1490 Virginis

1064 1484 1228 1528 genitricis
1253 1487 1325 1527 Dei,
1361 1488 1456 1522 unitis
1490 1491 1632 1536 utrisque
1667 1491 1737 1527 sine
1764 1493 1820 1526 ali-

1064 1544 1125 1578 qua
1146 1534 1332 1570 confusione
1354 1537 1486 1580 naturis,
1510 1547 1542 1572 ut
1569 1539 1623 1584 qui
1646 1548 1719 1575 ante
1742 1549 1820 1575 tcm-

1065 1594 1140 1627 pora
1161 1592 1226 1617 erat
1248 1583 1350 1619 Filius
1366 1585 1434 1626 Dei,
1458 1587 1545 1621 lieret
1568 1588 1650 1622 filius
1666 1589 1815 1630 hominis,

1063 1638 1093 1664 et
1116 1642 1298 1667 nasceretur
1319 1646 1357 1668 ex
1379 1642 1520 1681 tempore
1543 1636 1681 1672 bominis
1714 1651 1814 1679 more,

1063 1680 1171 1714 matris
1208 1682 1329 1716 vulvam
1364 1692 1454 1718 natus
1501 1697 1564 1719 non
1592 1686 1749 1732 aperiens,
1787 1698 1818 1722 et

1064 1728 1274 1773 virginitatem
1300 1731 1410 1766 Matris
1453 1732 1581 1768 deitatis
1608 1735 1721 1770 virtute
1754 1749 1815 1770 non

1061 1776 1199 1812 solvens.
1234 1782 1300 1823 (a).
1343 1781 1483 1826 Dignum
1519 1783 1610 1828 plane
1648 1783 1716 1819 Deo
1752 1797 1817 1819 na-

1061 1835 1168 1860 scente
1207 1828 1416 1874 mysterium,
1457 1839 1489 1864 ut
1523 1840 1662 1866 servaret
1691 1842 1830 1879 partum!

1061 1874 1129 1908 sine
1151 1878 1367 1923 corruptione,
1381 1878 1434 1924 qui
1457 1888 1645 1926 conceptum
1659 1881 1830 1919 feeitessef

1060 1923 1128 1958 sine
1149 1936 1283 1969 semine,
1305 1939 1434 1962 servans
1455 1929 1538 1974 quod
1561 1942 1600 1963 ex
1621 1929 1713 1965 Patre
1731 1941 1813 1970 erat,

1060 1980 1091 2005 et
1117 1983 1370 2018 repraesentans,
1397 1977 1480 2023 quod
1509 1990 1546 2011 ex
1578 1986 1677 2013 matre
1703 1992 1814 2014 susee-

1061 2021 1115 2066 pit.
1139 2022 1217 2056 Nam
1253 2036 1358 2058 iacens
1393 2025 1422 2058 in
1452 2027 1616 2073 praesepio
1648 2027 1815 2063 videbatur

1060 2070 1090 2103 in
1116 2071 1215 2112 coelo,
1240 2072 1399 2107 involutus
1434 2075 1549 2120 pannis
1584 2076 1773 2111 adorabatur
1796 2091 1813 2112 a

1059 2119 1171 2165 Magis,
1193 2121 1274 2155 inter
1295 2122 1442 2157 animalia
1470 2123 1575 2159 editus
1590 2152 1598 2163 ,
1625 2124 1664 2159 ab
1690 2126 1812 2171 angelis

1060 2169 1238 2206 nunciatus.
1263 2170 1314 2204 vix
1340 2182 1487 2216 egressus
1508 2172 1684 2213 infantiam,
1712 2182 1810 2208 etan-

1060 2217 1214 2252 nuncians
1244 2219 1410 2266 mysticam
1434 2233 1502 2255 sine
1524 2222 1710 2257 instituente
1738 2223 1811 2257 dote

1058 2265 1246 2311 doctrinam,
1269 2268 1349 2302 inter
1363 2268 1542 2305 rudimenta
1564 2283 1719 2305 annorum
1736 2284 1811 2318 pne-

1058 2314 1163 2349 rilium
1186 2315 1285 2351 edens
1307 2317 1453 2352 coelestio
1476 2319 1566 2365 signa
1590 2320 1738 2354 virtutum
1755 2323 1807 2363 (b).

1059 2362 1142 2397 lilem
1158 2365 1243 2398 enim
1266 2365 1354 2400 Deus
1376 2374 1407 2400 et
1432 2367 1540 2411 homo,
1563 2379 1626 2402 non
1645 2376 1678 2402 ut
1699 2369 1738 2402 ab
1761 2370 1810 2402 in-

1058 2412 1332 2449 fidelibusdicitur
1342 2415 1402 2449 sub
1423 2424 1552 2462 quartae
1575 2417 1808 2453 introductione

1058 2474 1223 2506 personae,
1249 2463 1304 2498 sed
1342 2464 1410 2510 ipse
1439 2465 1496 2499 Dei
1535 2465 1620 2500 filius
1650 2466 1752 2510 Deus,
1779 2476 1810 2501 et

1056 2510 1163 2551 homo,
1191 2512 1268 2546 idest
1293 2512 1403 2553 virtus,
1434 2522 1464 2547 et
1492 2514 1667 2554 infirmitas,
1695 2515 1809 2549 humi-

1056 2559 1136 2600 litas,
1158 2568 1189 2594 et
1215 2562 1374 2602 maiestas,
1402 2562 1573 2603 redimens,
1596 2572 1625 2597 et
1650 2564 1807 2603 venditus,

1090 2628 1129 2663 (n)
1149 2630 1172 2655 t.
1191 2630 1262 2657 Petr.
1285 2632 1311 2664 ¹5
1328 2632 1401 2659 toan.
1421 2633 1444 2658 ί.
1483 2633 1522 2668 (b)
1538 2633 1602 2659 Luc.
1623 2634 1646 2665 13
1664 2603 1759 2660 Mffitr.
1778 2636 1807 2666 κς

1839 2369 1885 2391 Non
1902 2375 1935 2391 ost
1955 2371 2023 2392 iniri„

1838 2403 1941 2427 ducenda
1960 2415 1971 2435 q
1976 2415 2022 2427 rrrrr

1837 2442 1858 2461 tn
1876 2448 1978 2469 persone.
