2237 3127
209 311 258 338 An.
275 312 304 338 C.
323 306 389 340 1052>

207 2577 332 2601 Exordium.

472 292 543 327 620

419 357 546 399 ordinis,
565 353 609 389 vel
625 350 794 399 dignitatis,
817 360 873 384 seu
895 344 1065 391 religionis,
1080 342 1161 377 hane

420 405 637 455 praenuaticam
660 399 812 448 privilegii
831 392 1160 448 sanctionem-audeat

418 442 586 500 :eft-‹agarffl
612 450 659 485 vel
694 450 723 484 in
756 458 915 495 quoquam
945 443 1158 488 confringere:

416 505 498 552 quod
514 503 565 549 qui
581 499 741 535 tentaverit
755 510 770 531 a
784 498 819 531 B.
841 497 933 530 Petro
944 493 1158 546 apostolorum

415 553 555 601 principe
581 549 775 584 anathemate
802 545 907 579 divino
926 553 1159 598 percussusin-

416 610 522 644 tereat,
544 599 615 645 quia
637 598 695 632 Dei
719 595 910 631 Genitricem
936 603 1028 639 eique
1055 590 1158 625 famu—

414 652 513 687 lantes
529 647 686 683 oll'endere
702 658 762 680 non
776 644 890 687 timuit,
912 642 1076 687 Deumque
1099 639 1158 674 hoc

415 700 569 747 inspicere
583 709 638 744 pro
652 695 748 730 nihilo
758 694 846 728 duxit
856 706 863 734 3
875 697 1075 727 conservator
1087 701 1158 723 vero

414 747 635 785 benedictione
662 744 808 779 suffultus
836 741 1022 789 apostolica,
1047 751 1064 773 a
1089 738 1158 772 Deo

416 799 630 845 omnipotente
650 795 740 828 vitam
763 799 973 838 consequatur
987 797 1156 823 aeternam.

460 849 538 882 Data
556 845 615 880 kal.
633 844 698 878 iulii
715 855 768 889 per
791 854 900 876 manus
922 838 1076 874 Friderici
1089 838 1157 872 dia-

412 898 481 932 coni
504 896 536 931 Sv
561 895 597 929 R.
623 893 779 928 Ecclesiae
796 889 1021 925 bibliothecarii
1035 895 1066 922 et
1080 899 1158 921 can-

412 946 528 982 cellarii
556 945 620 978 vice
634 944 671 977 D.
690 941 873 976 Hcrimanni
892 936 1155 974 archicancellarii

412 1005 442 1031 et
462 990 909 1037 Coloniensisarchiepiscopi,
929 1000 1011 1023 anuo
1024 987 1061 1021 D.
1076 987 1157 1021 Leo-

414 1046 462 1079 nis
485 1044 525 1078 IX
549 1055 645 1088 papae
673 1053 723 1080 lv,
749 1040 843 1074 indic.
867 1051 897 1072 v.
920 1038 1032 1072 Actum
1055 1037 1157 1070 Bene-

413 1104 493 1127 venti
514 1108 540 1125 ιη
569 1092 621 1125 l)⁴·i
648 1091 772 1124 nontin«¹
802 1089 941 1122 fifhcitvr.
971 1088 1080 1120 Anu-n.

452 1151 511 1180 Dat.
530 1150 577 1179 die
601 1149 691 1187 prima
713 1147 775 1175 iulii
795 1155 870 1174 anno
894 1145 1006 1174 Domini
1027 1144 1112 1180 1052,

596 1188 696 1227 pontis.
718 1186 819 1216 Leonis
842 1195 916 1215 anno
940 1193 975 1214 lv.

718 1308 862 1343 xxvnt.

413 1383 610 1427 Confirmatio
636 1382 858 1415 cathedralium
886 1381 1093 1414 Ei‘elesi'nrnm.
1121 1380 1154 1413 S.

461 1434 562 1466 Pelint'
590 1434 624 1465 (le
661 1432 783 1474 Vult-a,
815 1439 840 1463 et
867 1432 898 1463 S.
933 1431 1091 1474 Pamphili
1121 1431 1157 1462 (Ie

460 1483 612 1516 Sulmona
634 1493 692 1526 pro
719 1482 910 1514 Valcensibus
932 1481 1075 1524 episcopis
1095 1481 1155 1523 (tl).

681 1550 892 1581 SUuMAntUM

412 1612 579 1643 Exordium.
596 1629 635 1635 —
652 1612 749 1642 Status
769 1612 869 1642 infelix
887 1611 1038 1642 Valvensis
1058 1612 1158 1641 Eccle-

451 1654 512 1682 siae
531 1663 564 1682 ex
581 1653 785 1691 episcoporum
806 1652 928 1681 incuria.
943 1669 983 1673 —
997 1651 1158 1681 Confirma-

450 1693 488 1723 tio
507 1694 693 1731 episcopatus
717 1698 744 1722 et
759 1692 902 1721 bonorum
922 1692 957 1721 ad
976 1701 1041 1720 eum
1063 1693 1155 1728 pcrti-

448 1734 590 1762 nentium.
602 1749 640 1754 —
652 1732 770 1761 Limites
783 1732 940 1761 Ecclesiae.
958 1748 997 1753 --
1008 1731 1156 1761 Ecclesiae

450 1772 477 1802 S.
496 1772 586 1801 l’elini
603 1779 630 1801 et
647 1772 674 1801 S.
692 1772 834 1810 Pamphili
855 1772 950 1800 eidem
968 1772 1158 1808 assignantur

450 1822 515 1841 cum
545 1812 629 1840 bonis
649 1812 786 1840 omnibus
804 1812 838 1840 ad
863 1821 912 1840 eas
932 1811 1155 1849 pertinentibus.

448 1868 488 1873 -—
504 1851 683 1880 Clericorum
703 1861 809 1880 causae
830 1860 880 1889 per
898 1852 1070 1889 episcopum
1093 1860 1158 1879 exa-

450 1891 615 1920 minandae.
637 1907 676 1912 —
693 1890 880 1919 Confirmatio
900 1892 1067 1919 chartarnn‘i
1090 1900 1155 1919 om-

451 1932 550 1966 nium,
584 1931 669 1960 etiam
703 1931 804 1969 siquae
827 1931 886 1959 sint
913 1931 1091 1968 deperditae.
1119 1948 1159 1952 —

450 1970 604 1999 Decretum
634 1970 687 1999 sub
716 1979 910 1999 censurarum
940 1979 1045 2008 poena,
1074 1974 1105 1999 ut
1132 1972 1156 2000 si

451 2011 517 2048 quis
544 2011 579 2039 de
598 2010 704 2039 ablatis
728 2010 876 2039 Ecclesiae
905 2010 991 2039 bonis
1019 2011 1156 2039 conscius

450 2050 504 2084 sit,
536 2050 674 2087 episcopo
698 2054 796 2078 notum
830 2050 925 2079 facere
954 2054 1095 2079 teneatur.
1119 2067 1159 2072 —

454 2089 600 2117 Valvensis
620 2089 748 2118 Ecclesia
777 2089 831 2117 snb
851 2090 913 2118 iure
938 2090 1017 2119 sedis
1036 2094 1156 2127 aposto-

453 2128 535 2157 licae.
547 2128 760 2166 —Quidqnam
779 2129 813 2157 ab
830 2138 861 2158 ea
878 2130 1017 2165 alienare,
1033 2130 1158 2165 auferre,

453 2173 506 2196 etc.
544 2168 598 2196 sub
632 2169 826 2197 anathematis
860 2178 983 2198 censura
1020 2170 1158 2198 omnihus

453 2208 571 2236 omnino
584 2208 716 2245 personis
732 2208 924 2237 interdicitur.
941 2225 980 2230 —-
995 2209 1157 2238 Anatheina

454 2251 554 2275 eontra
578 2247 723 2285 privilegii
747 2248 834 2276 huius
858 2248 1022 2277 violatores.

414 2312 461 2340 Leo
481 2313 619 2348 episcopus
638 2319 731 2341 servus
751 2320 888 2341 servorum
907 2314 961 2347 Dei,
982 2315 1079 2343 dilecto
1095 2322 1157 2343 con·

457 2356 542 2385 fratri
560 2357 692 2385 nominico
716 2358 839 2386 valvensi
867 2359 998 2387 Ecclesiae
1024 2360 1157 2396 episcopo,

458 2402 612 2437 cunctisque
629 2403 825 2431 successoribus
840 2404 896 2432 tuis
912 2404 941 2431 in
960 2405 1051 2432 eadem
1071 2405 1157 2433 Eccle-

459 2447 501 2474 sia
519 2448 643 2475 canonice
662 2448 846 2482 promovendis
863 2449 890 2476 in
909 2450 1076 2484 perpetuum.

464 2508 527 2542 Etsi
552 2509 696 2543 iubemur
722 2522 792 2544 cum
813 2518 937 2557 tenipus
960 2512 1123 2557 habemus,
1141 2525 1157 2547 a

415 2557 550 2592 Domino
578 2558 657 2593 bona
679 2561 813 2605 operari,
836 2562 971 2594 maxime
995 2570 1095 2595 tamen
1119 2562 1156 2596 ad

452 2628 489 2660 (t)
520 2627 558 2653 Ex
591 2628 692 2655 archiv.
723 2629 880 2656 cathedralis·
914 2630 1044 2658 Ecclesiae
1077 2632 1158 2658 edidit

418 2669 517 2704 Ughell.
535 2671 591 2699 Ital.
608 2672 668 2699 Sao.
685 2676 747 2700 tom.
761 2681 780 2707 1,
793 2673 836 2700 ubi
846 2674 879 2701 de
890 2674 999 2703 Vatveu.
1017 2678 1156 2713 episcopis.

1008 286 1197 313 BULLARIUM
1219 282 1381 308 Romanum

1857 246 1872 253 n

1974 292 2024 319 An.
2045 287 2074 317 C.
2091 288 2160 319 1052

1201 339 1392 374 domesticos
1414 335 1499 371 fidei.
1523 333 1614 370 Unde
1636 332 1783 369 omnibus
1797 332 1952 369 Ecclesiis

1202 389 1317 424 Christi
1347 399 1403 434 pro
1424 398 1483 427 ea,
1518 397 1598 432 quae
1629 384 1721 419 nobis
1750 384 1868 418 credita
1891 393 1950 425 est,

1201 437 1436 486 dispensatione
1457 434 1691 470 solicitudinem
1724 441 1861 468 nostram
1894 434 1963 474 ha-,

1202 488 1322 531 bemus,
1345 486 1390 522 sic
1405 485 1559 520 debemus
1576 483 1738 530 invigilare
1754 483 1963 531 longInqnis„

1201 550 1239 571 ne
1264 538 1293 571 in
1321 536 1426 583 aliquo
1449 535 1587 569 absimus
1614 533 1811 581 propinquis.
1840 532 1950 580 Itaque

1199 587 1236 621 ad
1264 585 1501 632 suggestionem
1524 592 1620 623 tuam,
1643 583 1805 617 carissime
1819 582 1950 617 confra-

1199 644 1246 670 ter
1280 644 1311 670 et
1348 634 1535 682 coepiscope
1570 632 1754 676 Dominice,
1789 644 1882 679 quem
1911 645 1949 667 ex

1199 685 1342 720 coenobii
1370 684 1535 731 disciplina
1558 683 1595 717 ad
1619 682 1818 730 episcopatus
1840 694 1964 731 curam¹

1200 735 1461 782 repromovimus
1483 733 1669 779 gaudemus,
1693 739 1723 765 et
1745 731 1950 766 antecessori·

1198 784 1257 819 bus
1280 784 1407 827 nostris,
1429 791 1523 830 atque
1547 782 1636 816 nobis
1660 781 1794 816 fideliter
1819 788 1849 816 et
1872 781 1962 827 ingi-¹

1198 843 1245 869 ter
1266 834 1422 868 deservire
1448 833 1477 866 in
1500 832 1534 867 S.
1562 832 1600 866 R.
1624 831 1765 866 Ecclesia
1788 831 1951 875 cognosci-

1198 896 1279 919 mus.
1302 883 1366 919 Sed
1388 882 1552 917 Valvensis
1564 881 1724 916 Ecclesiae
1747 881 1796 915 cui
1814 880 1949 915 Domino
1976 914 2023 937 sm
2084 914 2146 938 'tr

1197 942 1324 968 auctore
1352 932 1528 980 praesides,
1564 931 1708 978 quamvls
1731 930 1866 977 peccatis
1902 929 1950 964 sa·
1976 922 2161 975 v31v22332⁰5⁰30ff

1197 983 1354 1018 clentIhus
1389 983 1503 1017 malitia
1537 980 1744 1016 saecularium
1781 979 1947 1014 hominum
1977 987 2057 1010 etesiae
2074 988 2160 1018 exepi-

1197 1041 1228 1067 et
1251 1041 1448 1079 peccatorum
1479 1031 1558 1074 eius,
1581 1043 1648 1073 sua,
1675 1042 1738 1064 non
1760 1042 1839 1076 quae
1875 1029 1946 1064 Iesu
2009 1031 2127 1083 ’ξζξξὲἶω

1197 1083 1314 1116 Christi
1349 1090 1434 1122 sunt,
1474 1080 1690 1128 quaerentium
1719 1079 1945 1124 supinumdnin
2111 1078 2114 1083 ¹

1198 1132 1354 1166 desolatae
1376 1139 1407 1165 ct
1444 1131 1632 1170 destructae,
1661 1129 1835 1163 munimine
1869 1142 1961 1175 apo-,

1198 1182 1298 1215 stolici
1323 1180 1474 1228 privilegii
1498 1188 1604 1214 contra
1629 1181 1765 1224 impetus
1783 1188 1813 1212 et
1832 1165 1962 1213 maelii-l

1199 1239 1344 1265 namenta
1366 1231 1589 1273 sacrilegorum
1614 1229 1828 1263 obtendimus.
1850 1228 1962 1276 Igitur,
2017 1253 2160 1277 coffinum„

1198 1282 1381 1314 :autoritate
1418 1279 1589 1327 apostoliea
1631 1291 1686 1325 per
1725 1279 1783 1312 hoc
1823 1288 1948 1312 nostrae

1198 1331 1433 1365 constitutionis
1460 1329 1655 1376 privilegium
1682 1328 1887 1362 concedimus
1917 1335 1948 1362 et

1197 1380 1438 1415 corroboramus
1452 1379 1506 1413 tibi
1533 1380 1669 1425 tuisque,
1691 1386 1724 1412 ut
1746 1378 1863 1412 dictum
1888 1385 1947 1422 est,

1198 1429 1433 1464 successorihus
1460 1429 1490 1463 in
1521 1437 1706 1475 perpetuum
1729 1427 1947 1474 episcopatum

1198 1479 1385 1514 Valvonsem
1409 1491 1479 1512 cum
1507 1479 1591 1512 omni
1620 1490 1675 1512 sua
1708 1477 1884 1523 integritate
1916 1484 1948 1511 et

1199 1529 1397 1575 pertinentia,
1426 1529 1507 1562 sicut
1528 1527 1677 1573 antiquis,
1699 1534 1730 1561 et
1751 1527 1841 1560 iustis
1863 1526 1949 1560 limi-

1198 1578 1283 1613 tibus
1309 1578 1553 1613 determinatnr:
1577 1576 1697 1611 scilicet
1718 1588 1735 1610 a
1750 1576 1865 1610 fossaio
1887 1575 1949 1610 Lu-

1200 1628 1304 1673 parelli
1327 1627 1366 1662 ad
1390 1627 1552 1664 Portellas,
1580 1626 1644 1660 sive
1662 1624 1847 1667 Columnas,
1874 1633 1904 1660 et
1930 1637 1948 1660 a

1198 1677 1299 1712 Furca
1321 1677 1360 1711 de
1381 1676 1481 1711 Gorza
1501 1676 1538 1710 ad
1554 1675 1701 1710 Stasilum
1719 1676 1947 1716 inte1·m0ntes;

1199 1726 1272 1761 hinc
1293 1739 1308 1760 a
1331 1726 1459 1761 castello
1496 1728 1534 1760 de
1556 1725 1656 1759 Furca
1691 1724 1729 1759 ad
1756 1737 1874 1759 serram
1907 1724 1946 1760 de

1198 1775 1385 1815 Cannatina,
1401 1783 1431 1810 et
1444 1788 1460 1809 a
1472 1788 1556 1809 sorra
1572 1775 1611 1809 de
1626 1774 1741 1821 Sigella
1767 1774 1804 1808 ad
1830 1785 1948 1808 serram

1198 1825 1236 1859 de
1259 1826 1363 1860 Monte
1385 1824 1520 1860 Christi:
1546 1824 1618 1858 inde
1640 1836 1655 1858 a
1678 1831 1784 1858 monte
1806 1823 1948 1858 Cenera-

1198 1875 1255 1909 cici
1281 1875 1317 1909 ad
1341 1874 1490 1918 Crucem,
1517 1874 1590 1908 inde
1625 1886 1642 1908 a
1673 1873 1751 1908 valle
1778 1873 1886 1908 Araldi
1909 1872 1948 1908 ad

1200 1924 1350 1959 Muricem
1374 1924 1411 1958 de
1438 1924 1549 1965 Celici,
1572 1931 1603 1958 et
1624 1935 1641 1958 a
1662 1931 1742 1958 terra
1770 1923 1808 1957 de
1844 1921 1948 1958 Cantu

1198 1974 1236 2008 ad
1259 1974 1393 2008 Furcam
1416 1974 1537 2011 Mizuta,
1565 1972 1679 2007 deinde
1701 1985 1717 2006 a
1742 1972 1853 2007 robore
1878 1971 1950 2007 Ce-

1200 2024 1294 2062 rurci,
1317 2032 1347 2057 et
1368 2036 1480 2069 campo
1502 2022 1648 2066 olomeo,
1670 2029 1700 2056 et
1722 2034 1736 2055 a
1756 2021 1886 2056 Caenite
1907 2021 1948 2056 ad

1199 2072 1429 2107 Colninnellam
1453 2073 1490 2106 de
1512 2073 1632 2118 Campo
1654 2071 1782 2115 Mezzo,
1806 2071 1858 2105 ubi
1882 2072 1946 2105 exit

1199 2134 1275 2168 aqua
1300 2122 1338 2155 (ΙιΙ
1361 2123 1505 2167 sangro,
1539 2130 1567 2156 et
1597 2121 1696 2167 pergit
1729 2121 1766 2155 ad
1794 2120 1948 2155 fossatum

1200 2171 1368 2216 Luparclli,
1396 2172 1479 2218 quod
1505 2172 1563 2204 iam
1587 2171 1702 2205 dictum
1726 2178 1784 2205 est.
1817 2170 1948 2205 PrInci-

1201 2220 1311 2267 paliter
1337 2233 1462 2267 quoque
1485 2222 1710 2255 contii-mamus
1736 2219 1792 2253 tibi
1819 2219 1857 2254 ad
1880 2219 1948 2264 epi-

1199 2270 1357 2316 scopalem
1377 2271 1481 2304 sedem
1505 2270 1668 2304 ecclesiam
1690 2269 1723 2303 S.
1750 2269 1849 2303 Pelini
1874 2280 1947 2303 cum

1199 2319 1346 2353 omnihus
1368 2319 1427 2353 sibi
1451 2319 1530 2354 iuste
1554 2318 1794 2365 pertinentibus,
1816 2326 1846 2352 et
1866 2318 1949 2364 pari-

1200 2377 1245 2403 ter
1263 2369 1428 2403 ecclesiam
1461 2368 1494 2403 S.
1518 2368 1687 2415 Pamphili,
1711 2380 1782 2402 cum
1816 2368 1948 2402 caeteris

1199 2418 1342 2452 ecclesiis
1380 2426 1409 2451 et
1437 2418 1586 2464 capellis,
1613 2429 1832 2464 quaecumque
1866 2417 1946 2451 intra

1200 2467 1353 2514 praefatos
1377 2467 1475 2513 posita
1498 2480 1566 2501 esse
1590 2475 1775 2507 noscuntur,
1789 2478 1860 2501 cum
1877 2478 1949 2500 oin-

1201 2517 1292 2550 nil)us
1315 2517 1512 2562 pertinentiis
1534 2529 1654 2557 earum,
1676 2516 1716 2550 ita
1739 2523 1773 2550 ut
1805 2515 1947 2550 decimas

1199 2574 1227 2599 et
1255 2565 1431 2599 oblationes
1459 2574 1519 2599 tan]
1545 2567 1696 2608 vivorum,
1726 2577 1820 2612 quam
1854 2565 1947 2599 ctiam

1200 2624 1407 2651 mortuorum,
1441 2615 1615 2648 secundun]
1651 2614 1863 2649 an‹·t0ritateni
1892 2627 1949 2646 ‹¹0-

1200 2678 1268 2698 runi
1290 2676 1460 2705 canonum,
1481 2677 1576 2712 prout
1598 2664 1652 2700 tlhi
1680 2665 1846 2706 videbItur‚
1867 2664 1948 2699 sicut

1977 1291 2119 1322 episcopatu!
2137 1295 2159 1313 et.

1976 1325 2085 1349 honorum
2133 1325 2160 1349 {d

1977 1370 2025 1385 eum
2047 1363 2161 1393 pertinen-

1977 1400 2042 1423 tium.

1977 1595 2068 1619 Limites
2074 1596 2160 1620 Eccle-

1977 1639 2032 1655 sino.

1975 2202 2089 2226 Ecclesiae
2136 2203 2160 2226 S.

1976 2238 2048 2261 Pelini
2081 2241 2102 2261 et
2136 2239 2160 2261 S.

1977 2274 2087 2305 Pamphili
2121 2275 2159 2297 ei-

1976 2310 2025 2332 dem
2037 2310 2160 2341 assignan-

1976 2351 2021 2377 tur,
2037 2355 2085 2369 enm
2096 2347 2161 2370 bonis

1977 2382 2079 2405 numitius
2131 2383 2159 2406 nd

1976 2426 2013 2441 eus
2044 2419 2160 2449 pcrtinen-

1976 2455 2044 2478 tibus.
