2237 3127
43 300 94 328 Au.
122 301 150 329 C.
175 303 226 331 5:38

899 317 1044 340 vmmcs
1067 317 1116 340 PP.
1682 322 1695 341 ἰ
1706 320 1727 342 4
1738 332 1744 341 .

262 384 372 418 regere
392 371 568 412 Dominus,
590 379 621 407 et
649 371 806 407 custodire
835 378 900 406 toto
933 372 1008 406 orbe

1050 370 1199 418 epistolas
1225 370 1262 405 ad
1286 378 1414 407 sanctae
1435 372 1660 408 recordationis
1682 373 1800 410 Flavia-

259 420 420 467 dignetur,
447 421 580 456 summis
601 421 661 456 hoc
685 422 783 468 pietas
805 428 904 455 vestra
932 420 1008 455 viri-
1049 432 1125 454 num
1160 427 1235 455 tunc
1264 419 1633 468 Constantinopolitanae
1665 423 1798 459 civitatis

257 468 318 504 bus
339 470 500 512 effecisse,
535 482 606 505 cum
629 482 684 516 per
705 481 816 504 omnes
837 469 924 514 regni
953 481 1007 503 ve-
1048 469 1236 510 antistitem,
1271 481 1330 503 nec
1364 482 1427 504 non
1462 471 1500 504 ad
1533 470 1797 508 clementissimae

254 518 310 552 stri
338 527 454 565 partes,
477 526 508 554 et
522 519 686 553 universos
707 517 787 552 fines
801 525 913 557 terrae,
936 529 1003 551 eam

254 565 363 611 fidem,
390 580 484 614 quam
499 579 556 614 per
571 566 764 601 venerabiles
785 577 911 611 semper
926 566 1006 600 cbri-

252 616 373 650 stianae
394 616 601 651 confessionis
628 615 747 649 iudicio
782 614 1003 660 complecten-

251 663 325 699 dam
366 664 538 699 Nicaenam
553 691 562 705 ,
593 662 974 709 Constantinopolitanam
992 690 1001 707 ,

249 711 445 759 Ephesinam
467 713 613 760 primam,
636 712 690 746 sed
709 720 739 746 et
757 710 1000 746 Chalcedonen—

248 773 315 796 sem
335 761 472 809 synodos
485 768 607 796 constat
620 759 938 807 irreprehensibiliter
953 773 1000 795 so-

247 809 388 850 lidatam,
411 810 599 845 inconcussa
623 809 756 844 iubeatis
774 820 850 855 pace
869 809 996 850 servari,

246 870 306 893 nec
327 859 499 894 christiano
526 870 719 905 quemquam
741 857 895 892 vocabulo
917 870 998 892 nun-

245 908 380 953 cupetis,
403 908 456 954 qni
478 919 512 942 se
534 920 550 941 a
571 907 781 953 praefatarum
803 906 993 953 synodorum

246 956 365 991 unitate
383 957 541 1002 seiungit,
568 964 599 990 et
626 956 678 1002 qui
706 955 800 989 fidem
832 967 939 990 earum
963 956 993 990 in

243 1005 393 1040 omnibus
407 1005 525 1040 viribus
539 1005 690 1051 omnique
708 1003 849 1038 defendit
874 1005 991 1043 annixi,

242 1065 306 1088 non
334 1054 538 1089 iudicandum
573 1053 675 1099 potius
708 1053 902 1088 existimetis.
932 1053 990 1088 Cui

240 1114 305 1137 non
327 1115 402 1149 ergo
428 1103 626 1138 sacerdotum
661 1101 830 1137 iucundam
866 1103 990 1137 exulta-

240 1151 358 1186 tionem
386 1160 417 1186 et
443 1152 558 1198 gaudia
580 1151 701 1185 infinita
723 1150 882 1191 conciliet,
904 1152 987 1198 quod

239 1200 394 1235 insertum
424 1213 479 1247 per
511 1200 569 1235 Dei
605 1200 704 1234 nostri
736 1199 868 1246 gratiam
901 1201 987 1235 cordi

237 1259 341 1284 vestro
367 1250 475 1285 lumen
497 1250 696 1295 evangelicae
725 1249 879 1288 veritatis,
915 1262 987 1296 per-

236 1298 449 1339 niciosorum,
482 1307 577 1346 atque
603 1298 831 1333 haereticorum
854 1297 986 1344 dogma-

235 1355 302 1381 tum
325 1356 417 1382 nocte
436 1347 590 1387 discussa,
614 1347 779 1381 universali
803 1346 984 1392 resplendet

234 1394 418 1430 Ecclesiae?
450 1396 542 1430 Absit
563 1408 636 1442 ergo
662 1408 680 1430 a
701 1395 817 1436 nobis,
844 1404 878 1429 ut
900 1397 982 1442 qnod

232 1444 382 1479 omnibus
409 1445 568 1488 fratribus,
596 1453 627 1479 et
645 1445 843 1491 coepiscopis
869 1446 983 1480 nostris

234 1505 386 1538 generare
422 1494 571 1540 gaudium
614 1493 800 1539 profitemur
838 1501 981 1528 nostrum

232 1553 298 1576 non
328 1550 381 1576 aut
413 1555 484 1577 cum
525 1542 673 1577 omnibus
700 1542 890 1585 misceatur,
929 1551 982 1577 aut

230 1591 335 1637 (quod
363 1592 462 1637 magis
484 1591 614 1638 dignum
641 1596 704 1635 est)
731 1603 826 1637 supra
849 1599 980 1626 cunctos

229 1640 384 1681 emineat,
411 1652 449 1674 ex
470 1652 531 1687 qua
558 1652 602 1680 re,
625 1640 814 1674 venerabilis
836 1640 979 1686 impera-

228 1695 289 1732 tor,
312 1688 423 1723 devota
450 1689 660 1724 venerationis
686 1689 895 1734 gratulatione
923 1702 978 1723 su-

229 1737 402 1784 scepimus,
440 1738 524 1785 quod
547 1738 659 1772 ardore
692 1737 786 1778 fidei,
817 1745 848 1772 et
873 1738 978 1773 suavis

226 1785 409 1821 iracundiae
438 1787 651 1822 commotione
687 1786 850 1830 succensi,
885 1787 976 1821 nobis

225 1835 321 1869 etiam
348 1835 419 1882 pios
451 1835 609 1870 direxistis
635 1835 768 1879 affatus,
802 1835 830 1869 in
858 1835 975 1882 quibus

222 1882 331 1918 beatae
358 1884 586 1919 recordationis
617 1884 853 1922 Caelestinum,
881 1892 975 1930 atque

221 1931 363 1967 Leonem
395 1933 586 1980 apostolicae
614 1932 698 1968 sedis
721 1932 895 1980 praesules,
920 1934 973 1979 qui

220 1981 362 2026 singulas
384 1982 530 2016 haereses
557 1994 614 2029 pro
636 1982 741 2016 divina
762 1982 821 2016 sibi
844 1981 973 2028 dispen-

219 2030 342 2065 satione
369 2031 550 2075 commissa,
568 2043 639 2065 cum
667 2031 807 2078 synodali
831 2042 972 2076 congre-

218 2079 345 2121 gatione
371 2079 580 2123 damnantes,
606 2079 684 2126 quid
707 2080 812 2114 cuncti
835 2091 971 2125 genera-

218 2126 290 2162 liter
323 2128 413 2174 sequi
447 2128 583 2163 debeant
609 2128 794 2171 christiani,
822 2141 969 2163 mansura

216 2175 248 2210 in
270 2188 381 2211 aevum
409 2177 479 2223 lege
506 2186 688 2221 sanxerunt,
711 2177 860 2212 laudabili
879 2189 970 2212 com—

217 2226 401 2260 memoratis
444 2227 569 2261 affectu.
609 2226 752 2268 Quorum
793 2226 968 2272 probabilia

215 2275 386 2309 constituta
399 2283 526 2310 sanctae
543 2275 770 2310 recordationis
786 2275 966 2316 Hormisda,

215 2330 309 2369 atque
330 2323 465 2358 Ioannes
486 2324 604 2369 senior,
636 2336 760 2358 necnon
783 2332 814 2358 et
834 2326 967 2371 Agape-

213 2379 264 2406 tus
287 2371 470 2407 decessores
491 2373 589 2407 nostri
618 2385 672 2419 per
692 2373 797 2408 omnia
830 2385 966 2407 conser-

213 2429 340 2461 vantes,
362 2421 527 2456 universos
548 2421 763 2466 Nestorianae,
785 2429 878 2468 atque
904 2422 967 2456 En-

214 2470 381 2516 tycbianae
407 2482 560 2517 sequaces
592 2470 732 2505 haeresis
762 2472 862 2506 iustae
892 2483 965 2506 mu-

212 2530 308 2553 crone
335 2519 511 2554 sententiae
538 2519 751 2566 perculerunt.
785 2519 878 2561 Quod
907 2532 965 2554 nos

211 2568 346 2602 summis
361 2568 481 2602 viribus
506 2568 608 2615 sequi,
630 2580 819 2616 summoque
846 2569 961 2604 adnixu

212 2616 383 2651 defendere
413 2617 539 2664 pietatis
573 2625 692 2652 vestrae
718 2617 884 2652 clementia
912 2618 964 2651 in-

213 2665 431 2701 dubitabiliter
451 2675 612 2713 agnoscat,
633 2666 689 2702 sed
703 2674 734 2702 et
749 2666 830 2702 beati
846 2666 962 2703 Leonis

1046 519 1216 553 memoriae
1242 517 1382 552 Leonem
1410 519 1583 565 principem
1612 520 1795 562 destinatos,

1046 566 1161 610 quibus
1182 567 1422 607 haereticorum,
1446 568 1525 602 idest
1546 568 1681 604 Nestorii
1702 579 1795 618 atque

1044 614 1229 662 Eutycbetis
1245 615 1408 663 perfidiam
1421 616 1596 650 rationabili
1609 619 1793 665 assertione,

1043 663 1111 698 Deo
1143 664 1202 698 sibi
1226 665 1423 712 inspirante,
1458 665 1624 705 confudit,
1661 670 1792 704 omnino

1043 712 1274 759 amplectimur,
1296 721 1326 747 et
1352 725 1413 760 qua
1436 722 1558 760 oportet
1576 714 1726 752 charitate
1740 718 1792 753 de-

1042 760 1211 796 fendimus.
1228 762 1267 795 Et
1281 762 1425 808 quamvis
1444 775 1501 797 nos
1523 762 1631 802 animi,
1653 765 1790 813 fideique

1040 817 1176 854 nostrae,
1194 810 1260 845 Deo
1275 810 1483 855 custodiente,
1499 812 1663 848 sinceritas
1680 823 1789 850 contra

1039 869 1072 891 ea
1095 859 1274 894 nullatenus
1300 860 1406 894 venire
1434 861 1610 906 permittat,
1643 875 1788 909 perpen-

1037 906 1111 941 dere
1133 916 1237 942 tamen
1273 908 1365 942 debet
1387 916 1507 943 vestrae
1542 910 1663 955 pietatis
1684 912 1788 946 admi-
1815 921 1862 943 κω,

1038 956 1133 990 randa
1150 956 1329 1003 prudentia,
1349 957 1422 1002 quia
1437 969 1499 991 non
1515 957 1602 1004 digni
1618 969 1787 996 censentur

1034 1005 1201 1045 antistites,
1224 1005 1277 1051 qui
1301 1005 1511 1052 praefatorum
1533 1008 1714 1053 praesulum
1734 1022 1786 1045 se-

1034 1052 1083 1087 dis
1105 1054 1295 1101 apostolicae
1320 1054 1542 1089 inviolabiliter
1564 1056 1694 1092 minime
1713 1070 1786 1093 con-

1032 1102 1138 1138 stituta
1166 1103 1368 1138 servaverint.
1405 1103 1490 1138 Haec
1513 1115 1597 1150 ergo,
1629 1118 1710 1152 quae
1744 1108 1783 1142 dc

1033 1151 1092 1185 fide
1113 1164 1129 1186 a
1154 1152 1295 1199 patribus
1327 1160 1506 1186 sanctarum
1534 1161 1667 1200 quatuor
1689 1168 1783 1203 syno-

1031 1199 1143 1235 dorum
1166 1210 1195 1235 et
1223 1213 1237 1235 a
1262 1201 1434 1247 designatis
1457 1201 1564 1237 beatae
1587 1204 1782 1240 recordatio—

1031 1250 1078 1283 nis
1101 1262 1198 1296 papae
1233 1250 1351 1284 Leonis
1383 1250 1539 1295 epistolis,
1567 1260 1659 1298 atque
1687 1265 1702 1287 a
1725 1266 1781 1288 su—

1030 1300 1273 1346 prascriptorum
1300 1300 1576 1345 praedecessorum
1600 1310 1779 1338 nostrorum

1027 1348 1215 1389 constitutis,
1232 1357 1303 1382 sunt
1320 1348 1540 1383 venerabiliter
1561 1349 1700 1391 definita,
1724 1364 1781 1398 per

1026 1396 1129 1431 omnia
1153 1410 1211 1431 nos
1232 1405 1412 1443 sequentes,
1435 1406 1466 1431 et
1487 1410 1596 1432 eorum
1618 1399 1778 1436 doctrinae

1027 1446 1199 1480 contrarios
1242 1446 1416 1492 probabilis
1461 1447 1652 1492 apostolicae
1694 1450 1778 1485 sedis

1025 1494 1208 1529 anttoritate
1235 1495 1442 1538 damnantes,
1476 1496 1777 1534 anathematizamus

1024 1553 1089 1586 eos,
1117 1543 1311 1590 quicumque
1332 1544 1372 1578 de
1386 1543 1456 1578 fidei
1474 1544 1544 1578 eius
1565 1546 1776 1591 expositione,

1023 1591 1070 1625 vel
1105 1593 1312 1637 rectitudine,
1341 1601 1395 1627 aut
1417 1593 1579 1639 disputare
1610 1607 1773 1641 perverse,

1022 1647 1075 1674 aut
1108 1640 1277 1676 infideliter
1314 1641 1460 1676 dubitare
1495 1644 1701 1678 tentaverint:
1744 1654 1775 1680 et

1021 1696 1129 1724 contra
1157 1691 1265 1725 eadem
1289 1691 1471 1730 sentientes,
1494 1703 1575 1738 quae
1597 1691 1636 1726 de
1657 1693 1719 1728 fide
1741 1695 1774 1729 in

1019 1737 1157 1773 Nicaena
1172 1765 1181 1781 ,
1206 1739 1554 1786 Constantinopolitana
1571 1768 1578 1780 ,
1610 1740 1773 1788 Ephesina

1020 1786 1131 1831 prima,
1154 1796 1184 1821 et
1205 1787 1477 1827 Clialcedonensi,
1494 1789 1699 1824 sanctissimis
1720 1804 1772 1839 sy-

1018 1834 1129 1877 nodis,
1158 1849 1216 1870 nec
1251 1850 1312 1871 non
1346 1846 1375 1871 et
1407 1837 1516 1872 beatae
1543 1839 1771 1875 recordationis

1018 1884 1270 1929 praedecessoris
1308 1886 1405 1921 nostri
1439 1886 1556 1921 Leonis
1596 1888 1769 1934 epistolis,

1017 1943 1148 1977 quarum
1176 1934 1310 1969 fecimus
1331 1935 1543 1976 mentionem,
1565 1936 1613 1970 vel
1637 1938 1769 1972 univer-

1016 1981 1078 2022 sis,
1106 1994 1186 2028 quae
1211 1984 1311 2029 ipsius
1339 1985 1442 2018 sanxit
1473 1985 1642 2020 auctoritas
1665 1988 1769 2021 conti-

1015 2038 1141 2071 nentur,
1169 2032 1342 2067 catholicae
1372 2033 1444 2067 fidei
1468 2034 1589 2068 unitate
1624 2037 1766 2070 secerni-

1014 2091 1106 2119 mus,
1146 2080 1455 2128 amplectentesque,
1490 2090 1520 2116 et
1551 2082 1581 2116 in
1617 2084 1766 2119 omnibus

1013 2129 1256 2174 comprobantes
1272 2130 1344 2165 fidei
1359 2140 1478 2165 vestrae
1491 2131 1645 2176 libellum,
1668 2145 1763 2179 quem

1012 2177 1109 2211 nostri
1138 2178 1282 2225 obsequii
1310 2179 1460 2214 famulatu
1482 2187 1557 2214 tunc
1580 2181 1764 2227 praedeces-

1011 2226 1073 2259 sori
1101 2235 1210 2262 nostro
1248 2228 1318 2274 piae
1356 2228 1582 2264 recordationis
1619 2231 1762 2277 Agapeto

1012 2274 1110 2320 pietas
1131 2284 1231 2311 vestra
1252 2277 1424 2312 orthodoxa
1448 2278 1615 2313 devotione
1642 2289 1762 2314 contra-

1010 2323 1100 2367 didit,
1127 2324 1158 2359 in
1181 2337 1245 2372 quo
1271 2338 1318 2367 ea,
1341 2338 1420 2373 quae
1447 2335 1553 2362 mente
1579 2327 1698 2372 geritis,
1721 2329 1758 2363 ad

1009 2373 1218 2408 eruditionem
1257 2374 1379 2410 suturae
1415 2376 1547 2417 aetatis,
1578 2376 1760 2424 Scripturac

1008 2434 1136 2468 quoque
1164 2423 1345 2459 testimonio
1367 2424 1559 2469 declarastis,
1574 2425 1714 2472 nihilque
1741 2439 1759 2462 a

1007 2482 1101 2517 saepe
1127 2471 1282 2507 dictorum
1323 2473 1599 2519 praedecessorum
1633 2483 1758 2510 nostro-

1008 2532 1076 2554 rum
1105 2520 1165 2555 side
1192 2521 1392 2557 deviantibus
1418 2522 1477 2557 sub
1503 2522 1641 2569 qualibet
1663 2536 1757 2559 occa-

1006 2568 1095 2603 sione
1117 2581 1290 2611 servamus,
1313 2571 1373 2605 nisi
1396 2571 1473 2606 sorte
1494 2571 1631 2607 haeresis
1647 2573 1676 2607 in
1695 2586 1755 2620 qua

1006 2618 1185 2653 volutantur
1210 2628 1370 2666 amputata
1392 2620 1542 2666 caligine,
1576 2623 1754 2667 suprascri-

1005 2675 1090 2715 ptam
1118 2667 1156 2703 de
1179 2668 1240 2705 side
1263 2669 1422 2705 veritatem
1444 2670 1657 2718 poenitentiae
1672 2683 1752 2706 cont-

1824 328 1875 355 Λιι.
1899 332 1925 357 tz.

1812 1105 1871 1121 ῙδΠῑ.

1838 1347 1893 1368 Anat
1900 1348 1960 1369 lit-itia

1959 333 2008 357 Isti<

1886 928 1934 944 sunt
1961 924 1998 945 ilt-

1814 957 1850 985 gni
1877 961 1997 985 praesules,

1814 993 1849 1021 qui
1879 999 1998 1015 constituta

1813 1028 1875 1049 Sotiis
1894 1031 1995 1058 Aliost>-

1812 1063 1869 1085 lirae
1887 1073 1928 1086 non

1958 1075 1996 1086 rt·-

1807 1385 1883 1403 contra
1901 1391 1991 1412 perit-n

1806 1423 1829 1437 sc
1841 1417 1989 1447 disputantes.

1805 1451 1838 1473 vel
1872 1453 1990 1476 infideliter

1804 1485 1929 1510 dubitante·
1962 1490 1988 1511 «le

1803 1521 1845 1544 fide
1870 1524 1931 1546 Sedis
1955 1527 1988 1546 ‚t-

1802 1560 1936 1587 postuma-2
