2237 3127
1723 338 1784 370 131
1868 344 1921 372 An.
1943 342 1971 371 C.
1998 343 2050 371 502

1093 406 1155 431 met
1176 398 1455 445 praesumendum.
1472 398 1559 434 Alias
1573 412 1645 435 vcro
1662 403 1839 448 parochias,
1865 417 1993 446 assignatio
2018 418 2049 439 Λ-

1089 447 1137 481 vel
1153 448 1313 482 dioeceses
1332 457 1460 483 cunctas
1483 449 1656 496 privilegio,
1674 459 1704 485 et
1721 451 1839 488 honore
1865 453 1980 475 “¹³¹·'¹²⁵³²

78 337 130 367 An.
153 338 182 367 C.
210 338 262 368 502
905 343 930 365 s,
959 343 1154 366 svuutcuris
1184 344 1231 366 rr.

650 394 689 431 tt.

293 457 496 502 Confirmatio
545 460 706 493 divisionis
747 460 926 504 provinciae
971 462 1068 501 iuter¹

73 961 187 984 Exordium
193 979 197 984 .

111 1249 177 1270 Causa
210 1250 255 1274 dati

69 1283 188 1313 privilegii.

97 2398 224 2428 Anigmtio

93 2433 202 2458 dioncesiu

69 2468 184 2494 viennen-i
203 2473 250 2494 Ec-

69 2503 156 2529 tlt-siue.

345 508 538 541 Viennensem
561 516 586 542 et
620 510 825 542 Arelatensem
849 510 1003 543 Ecctesias
1027 523 1045 544 a

338 558 433 590 Leone
455 570 540 603 papa
561 560 740 592 constitutae
768 560 829 601 (4).

551 617 768 649 SUMMARIUM
1063 623 1065 652 l

286 669 455 701 Exordium.
474 688 515 694 —
527 670 622 701 Causa
638 671 697 701 dati
728 671 885 711 privilegii.
904 691 944 696 —
958 673 1043 703 Assi-

325 711 423 748 gnatio
458 711 603 741 dioecesis
632 710 794 741 Viennensi
826 712 986 743 Ecclesiae.
1002 730 1042 736 —-

325 751 491 789 Assignatio
513 750 687 780 Arelatensi.

336 808 526 837 Dilectissimis
545 808 681 838 fratribus
696 809 832 838 universis
852 811 985 847 episcopis

355 861 404 889 per
424 854 526 882 Gallias
545 855 757 883 consistentibus
777 855 961 889 symmachus.

330 906 426 942 Sedis
453 909 642 954 apostolicae
670 909 811 943 instituta
829 909 1038 956 praedicanda

281 956 450 998 solicitant,
474 965 507 992 ut
528 957 566 992 de
589 958 758 993 concordia
775 959 961 994 universalis
974 959 1039 994 Ec·
1058 989 1059 993 ,

282 1006 410 1051 clesiae,
437 1019 516 1054 quae
543 1014 609 1042 toto
632 1008 706 1042 orbe
729 1007 843 1042 diffusa
871 1017 934 1049 est,
962 1022 1059 1056 per-f

281 1055 365 1102 vigili
405 1068 480 1091 cura
510 1065 695 1091 tractemus:
728 1070 809 1104 quae
845 1066 919 1092 tunc
948 1071 1058 1105 prae-1¹

280 1105 371 1151 cipue
406 1105 565 1141 efficacius
594 1106 756 1150 adolescit,
783 1107 809 1141 si
837 1120 884 1148 ea,
912 1120 992 1155 quae
1019 1121 1036 1143 a

280 1154 423 1201 patribus
449 1163 563 1190 statuta
591 1164 683 1197 suut,
725 1164 810 1191 aetas
837 1157 1036 1204 subsequens

281 1213 459 1239 reverenter
473 1204 617 1240 observet
632 1208 686 1250 (⁶2).
701 1205 868 1240 Caesarius
880 1207 1033 1254 siquidem

279 1252 385 1295 frater,
412 1261 442 1288 et
470 1255 680 1302 coepiscopus
703 1264 820 1296 noster,
841 1256 1034 1302 Metropoli-
1055 1276 1057 1280 ·

280 1311 371 1338 tanae
392 1303 520 1339 Arelate
541 1305 674 1339 civitatis
696 1305 853 1344 sacerdos,
870 1306 1033 1340 Ecclesiae

278 1351 361 1386 beati
375 1352 459 1387 Petri
482 1354 614 1399 apostoli
628 1354 791 1389 liminibus
805 1364 1032 1399 praesentatus,

279 1414 327 1443 ea,
340 1414 421 1449 quae
435 1402 556 1449 pridem
573 1403 612 1438 de
629 1404 800 1451 privilegiis
817 1405 1030 1439 Ecclesiarnin
1052 1417 1055 1438 3

278 1451 448 1487 constituta
475 1461 559 1493 sunt,
595 1453 709 1488 uostris
743 1454 911 1500 postulavit
941 1455 1033 1488 innn-

277 1501 343 1535 vari
370 1501 585 1536 sermonibus.
615 1501 737 1537 Cuncta
767 1503 861 1549 igitur
883 1504 1034 1538 interlic-

277 1550 390 1585 clesias
411 1549 643 1593 Arelatensem,
663 1560 694 1587 et
715 1552 929 1587 Viennensem
946 1566 961 1587 a
975 1554 1032 1587 de-

277 1611 403 1635 cessore
425 1608 532 1636 nostro
554 1600 663 1636 beatae
686 1602 913 1637 recordationis
926 1603 1032 1638 Leone
1052 1619 1053 1632 ι

277 1662 370 1697 papa,
389 1662 468 1698 quae
491 1663 586 1697 super
601 1650 659 1686 hac
681 1660 768 1698 parte
791 1652 932 1686 ordinata
947 1661 1031 1697 sunt,

276 1699 437 1734 Ecclesiae
481 1712 629 1735 romanae
668 1701 770 1736 fidelis
804 1701 939 1736 declarat
981 1703 1032 1736 in-

277 1749 420 1783 structio.
446 1747 552 1796 Atque
568 1750 638 1785 ideo
666 1763 705 1786 ne
726 1763 774 1794 ea,
802 1763 882 1798 quae
905 1764 1032 1798 semper

280 1799 418 1833 veritatis
440 1799 638 1839 estacmula,
657 1800 714 1835 sibi
738 1801 853 1847 aliquid
874 1801 1031 1836 vindicare

277 1855 371 1894 queat
392 1847 519 1890 oblivio,
541 1858 571 1883 et
591 1850 704 1896 prioris
719 1850 834 1884 decreti
854 1850 939 1895 vigor
958 1859 1032 1884 tem-

279 1898 363 1943 poris
379 1897 586 1933 diuturnitate
608 1907 713 1946 vergat
730 1900 760 1933 in
774 1899 909 1938 senium,
926 1912 1031 1934 neces-

276 1948 392 1982 sarium
410 1947 561 1982 duximus
575 1948 649 1982 olim
668 1948 863 1994 promulgata
883 1949 912 1983 in
928 1949 1029 1984 lucem

278 1997 410 2031 reddere
430 1998 545 2031 nostris
566 1997 720 2032 affatibus.
735 1998 856 2033 Idcirco
870 1999 1031 2045 quemad—-

277 2046 406 2080 modum
434 2046 582 2081 decessor
604 2056 710 2082 noster
725 2047 789 2082 Leo
813 2060 890 2095 papa
907 2048 1028 2082 dudum

276 2095 412 2141 cognitis
450 2096 691 2142 allegationibus
727 2097 860 2144 partium
890 2097 1031 2132 delinivit

279 2145 495 2190 parochiarum
526 2158 705 2187 numerum,
741 2147 787 2181 vel
822 2147 1029 2194 quantitatem

276 2194 464 2238 Arelatensi,
486 2195 658 2231 Viennensi
686 2196 904 2231 sacerdotibus
930 2197 1032 2244 depu-

277 2243 414 2285 landam⁷
442 2252 471 2279 et
494 2257 551 2279 nos
578 2245 789 2292 praecipimus
806 2246 925 2281 nullius
945 2260 1032 2281 usur-

279 2294 403 2339 patione
428 2294 624 2329 transcendi:
651 2295 705 2330 sed
738 2303 773 2330 ut
805 2304 876 2330 ante
906 2296 1030 2342 praedi-

278 2344 405 2382 simus,
456 2344 539 2378 iuxta
583 2344 810 2391 indulgentiam
859 2346 1029 2392 supradicti

278 2392 446 2438 pontilicis,
480 2392 669 2434 Valentiam,
700 2394 935 2438 Tarantasiani,
971 2395 1031 2429 Ge-

278 2454 401 2483 uevam,
416 2450 511 2489 atque
534 2442 782 2490 Gratianopolim
806 2445 921 2491 oppida
940 2445 1030 2478 Vien-

277 2492 385 2526 nensis
424 2492 554 2526 antistes
589 2493 647 2527 iuri
685 2506 743 2528 suo
780 2494 933 2528 vindicet:
970 2507 1028 2528 nec

277 2540 451 2588 quidquam
479 2542 617 2589 amplius
638 2541 750 2582 abhis,
767 2556 847 2590 quae
869 2543 967 2578 semel
990 2544 1028 2578 ab

275 2591 445 2635 apostolica
469 2591 527 2625 sibi
554 2591 629 2626 sede
653 2604 801 2626 concessa
824 2602 909 2632 sunt,
932 2594 1028 2628 aesti-

311 2655 350 2689 (ί)
370 2656 434 2681 Vide
460 2657 584 2690 superius
605 2657 629 2683 iu
654 2658 740 2683 Leone
767 2658 814 2684 ΡΙ).
843 2662 929 2685 const.
960 2667 1026 2689 xiv,

274 2691 336 2716 edit.
356 2700 423 2717 auno
435 2693 496 2723 tih‘o,
513 2692 556 2718 die
573 2693 587 2719 lt
605 2693 676 2726 maii,
693 2693 787 2730 pontit.
803 2702 873 2723 auno
890 2702 919 2722 x.

309 2729 350 2762 (2)
367 2728 448 2754 conc.
467 2731 530 2755 tom.
549 2735 577 2755 v.

1088 509 1146 529 suo
1168 496 1362 531 Arelatensis
1377 499 1578 545 episcopatus
1590 500 1648 534 sub
1662 508 1838 548 temporum

1064 582 1066 592 ,
1087 546 1324 580 continuatione
1353 547 1509 581 defendat.
1534 549 1597 583 Nec
1621 550 1703 583 euim
1727 551 1839 586 obser-

1064 595 1178 635 ='vatio‚
1207 606 1235 630 et
1265 598 1427 630 vetustatis
1455 598 1626 632 reverentia
1650 601 1838 646 custoditur,

1063 656 1064 660 ¹
1085 643 1108 676 si
1138 645 1274 691 amplius
1302 645 1339 679 de
1362 645 1538 681 humilitate
1560 648 1656 693 gloria
1691 651 1838 686 sacerdo-

1085 692 1153 725 talis
1176 694 1337 727 attollitur.
1363 695 1512 739 Proinde,
1538 697 1646 731 fratres
1670 700 1836 741 carissimi,

1083 741 1198 787 singuli
1219 743 1348 777 honoris
1371 744 1419 777 sui
1439 744 1662 781 distributione
1684 751 1836 793 conteuti,

1084 803 1204 837 uecper
1213 792 1382 827 saecularia
1400 795 1582 839 patrocinia,
1597 809 1654 830 nec
1670 799 1833 843 percuius-

1059 854 1060 859 ¹
1082 839 1158 874 libet
1181 842 1395 876 excusationis
1412 842 1589 884 obtentum,
1611 846 1715 881 illicita
1745 861 1834 894 prae-

1059 890 1261 937 ''sumptionc
1296 892 1448 925 terminos
1481 906 1650 928 concessae
1673 898 1836 942 potcstatis

1058 940 1242 974 ‘em-edant.
1272 940 1407 975 Studei·c
1434 941 1591 988 siquidem
1616 946 1835 993 unusquisque

1057 988 1171 1022 ‘debet
1206 989 1382 1024 devotionis
1418 990 1556 1026 otlicium
1595 994 1695 1040 magis
1721 996 1831 1040 gratia,

1056 1049 1058 1053 ’
1079 1050 1172 1084 quam
1201 1038 1240 1073 de
1267 1039 1452 1081 ambitione,
1476 1053 1514 1075 ne
1542 1049 1571 1075 et
1586 1041 1714 1077 Domini
1733 1047 1830 1080 nostri

1056 1100 1057 1103 ¹
1078 1088 1242 1127 offensam,
1267 1096 1297 1123 et
1324 1089 1494 1124 humanam
1519 1091 1548 1125 in
1571 1103 1604 1125 se
1629 1092 1759 1128 lacessat
1786 1095 1834 1129 in-

1078 1136 1205 1171 vidiam.
1236 1137 1356 1172 Tacere
1383 1152 1439 1173 nos
1472 1140 1529 1175 ista
1556 1143 1744 1178 commissae
1766 1144 1833 1179 dis-

1077 1187 1272 1233 pensationis
1296 1188 1361 1222 iura
1391 1189 1521 1224 minime
1549 1190 1728 1237 patiuntur:
1753 1201 1831 1229 utet

1077 1236 1115 1270 de
1138 1236 1198 1277 his,
1226 1237 1277 1284 qui
1301 1237 1523 1274 ecclesiasticis
1543 1240 1660 1286 regulis
1682 1242 1834 1278 obsecun-

1075 1285 1161 1324 dant,
1187 1288 1461 1332 perseverantibus
1484 1288 1513 1322 in
1543 1290 1712 1326 concordia
1745 1293 1831 1327 sedis

1075 1336 1264 1381 apostolieae
1291 1337 1498 1382 gratulemur,
1521 1339 1622 1383 etuti,
1644 1341 1697 1387 qui
1721 1342 1832 1377 catho-

1053 1383 1143 1417 -licis
1184 1385 1359 1432 disciplinis
1390 1386 1608 1434 obtemperare
1644 1390 1831 1433 destiterint,

1074 1433 1112 1467 ab
1128 1434 1290 1468 Ecclesiae
1306 1436 1416 1480 gratia,
1432 1444 1461 1470 et
1484 1437 1647 1483 charitate,
1662 1452 1696 1474 se
1712 1440 1832 1476 alienos

1074 1483 1253 1517 ostendant.
1278 1484 1366 1518 Deus
1383 1497 1437 1519 vos
1460 1486 1636 1522 incolumes
1663 1491 1830 1532 custodiat,

1073 1531 1184 1566 fratres
1211 1532 1377 1567 carissimi.
1405 1534 1484 1569 Data
1505 1535 1610 1571 idibus
1637 1539 1829 1581 novembris,

1073 1581 1177 1616 Probo
1200 1581 1238 1616 V.
1269 1581 1305 1616 C.
1330 1595 1395 1617 cos.

1125 1639 1186 1669 Dat.
1205 1639 1250 1669 die
1266 1640 1283 1670 ὃ
1302 1640 1470 1670 novembris
1490 1652 1566 1672 annio
1582 1643 1696 1674 Domini
1715 1645 1783 1677 502,

1321 1689 1423 1728 pontis.
1446 1698 1522 1719 anno
1539 1700 1576 1721 tv.

1355 1751 1514 1760 —

1297 1821 1332 1869 S.
1371 1822 1593 1872 ttatttttsnt

1359 1905 1452 1934 mm
1477 1906 1533 1936 LIV

1135 1962 1228 1995 Anno
1249 1974 1339 1996 aerae
1366 1964 1480 1997 Christi
1501 1977 1609 1998 comm.
1642 1968 1723 2000 DX!
1731 1969 1763 2001 V.

1076 2036 1288 2122 Ηωωήεάῑι,
1313 2078 1438 2113 natione
1453 2091 1637 2127 campanus,
1652 2081 1733 2117 filius
1752 2083 1828 2118 Iusti

1073 2126 1112 2160 de
1140 2127 1265 2161 civitate
1292 2127 1500 2172 Frusinone,
1536 2129 1656 2165 clectus
1690 2133 1741 2167 die
1769 2135 1827 2177 26,

1072 2184 1103 2209 ct
1139 2177 1300 2211 ordinatus
1336 2178 1386 2212 die
1417 2178 1573 2214 (lominica
1602 2184 1647 2214 27
1681 2184 1724 2225 (1)
1761 2183 1826 2217 iulii

1073 2238 1155 2259 auno
1181 2229 1263 2260 514.
1287 2226 1376 2261 Sedit
1395 2227 1424 2261 in
1450 2229 1633 2275 pontificatu
1656 2242 1755 2266 annos
1778 2245 1826 2273 ix,

1073 2274 1142 2309 dics
1164 2288 1240 2319 xiii⁷
1265 2276 1323 2309 sul)
1346 2276 1524 2319 Anastasio,
1540 2287 1569 2313 et
1585 2279 1704 2315 Iustino
1729 2281 1825 2329 impp.

1071 2337 1087 2358 a
1116 2325 1280 2359 consulatu
1310 2326 1472 2360 Anthemii
1507 2340 1552 2362 or.
1581 2337 1611 2363 et
1644 2329 1825 2366 Florentino

1071 2386 1138 2407 occ.
1161 2375 1198 2408 ad
1222 2375 1430 2410 Maximinum
1454 2377 1556 2411 solunt
1580 2391 1643 2413 cos.
1661 2380 1826 2415 Ordinavit

1073 2424 1272 2471 presbyteros
1303 2425 1410 2471 viginti
1440 2434 1469 2460 et
1496 2439 1617 2471 unuin,
1655 2430 1826 2477 episcopos

1073 2485 1127 2518 pcr
1168 2473 1288 2508 diversa
1334 2475 1398 2509 loca
1441 2476 1822 2526 qiunquagintaqtiinque.

1071 2522 1242 2569 Depositus
1265 2532 1308 2557 cst
1336 2526 1357 2557 8
1381 2524 1451 2558 idus
1474 2528 1595 2571 augusti
1627 2539 1710 2562 anno
1740 2531 1823 2574 5⁹25,

1071 2571 1100 2604 in
1146 2572 1270 2607 basilica
1316 2573 1395 2608 lwati
1437 2574 1532 2609 Petri.
1568 2575 1697 2611 Vacavit
1731 2579 1823 2614 sedes

1069 2620 1136 2655 dies
1164 2634 1221 2655 vii.

1104 2686 1141 2720 (t)
1159 2687 1225 2713 ltiale
1242 2687 1319 2714 habet
1335 2688 1417 2714 Cat-al.
1436 2689 1524 2716 Liber.
1552 2689 1594 2716 die
1620 2692 1653 2717 ‘20
1681 2691 1726 2719 iul.
1753 2701 1821 2729 quac

1067 2738 1136 2758 anno
1152 2731 1201 2758 5111
1221 2731 1245 2758 in
1266 2731 1424 2760 dominicam
1443 2742 1494 2760 non
1512 2734 1614 2762 incidit.
