2237 3127
222 282 276 312 An.
297 280 326 311 C.
352 281 403 309 974

487 286 556 320 458

435 352 542 391 nensi,
565 358 717 397 quantum
740 348 834 383 habet
856 348 888 383 in
916 348 985 383 villa
1007 349 1111 383 Lertio
1135 349 1181 383 vel

436 402 464 434 iu
494 399 692 434 Molendinos
721 399 766 432 vel
795 399 824 432 iu
851 398 1009 445 Tapiolas‚
1032 411 1110 445 quas
1128 411 1180 433 vo-

435 457 507 484 cant
521 448 672 494 Figarias.
698 448 735 482 Et
752 449 781 481 111
798 447 948 482 comitatu
968 446 1180 491 Gerundcnsi,

436 499 537 543 ipsum
565 510 708 531 mansum
732 498 784 543 qui
809 506 853 531 est
878 496 954 530 infra
980 510 1086 531 muros
1103 498 1181 531 eius-

435 548 506 581 dem
542 546 700 589 civitatis⁷
739 556 767 580 et
802 546 905 580 villam
940 546 1080 580 Palatioli
1109 560 1180 580 cuin

435 596 567 631 ecclesia
589 595 693 630 Sancti
713 595 853 635 6111111311Ἳ
877 604 907 629 et
921 595 1083 630 ecelesiam
1099 596 1182 630 San-

436 654 503 680 ctae
539 645 655 679 Mariae
688 645 719 679 in
754 644 912 683 lit-auitas,
950 653 981 679 et
1016 645 1179 679 ecelesiam

435 695 539 729 Sancti
556 694 679 737 Iuliani,
691 703 721 728 et
734 695 895 729 ecclesian]
911 694 1017 728 Sancti
1033 694 1180 738 Gaugiui,

436 752 465 778 et
488 744 588 778 villam
612 743 731 789 Felgari
759 756 831 778 cum
854 744 984 778 ecelesia
1005 743 1111 778 Sancti
1127 743 1181 791 Cy·

437 793 546 840 priani,
569 801 597 827 et
624 793 787 827 ecclesiam
810 792 942 827 Sanctae
968 792 1087 836 iustae,
1109 806 1181 827 cum

436 842 568 878 decimis
600 851 629 877 et
657 842 802 889 primitiis
836 850 867 876 ct
900 842 1111 876 oblationibus
1144 842 1181 876 ad

435 892 560 927 easdem
583 892 732 926 ecclesias
759 891 999 938 pertinentibus,
1023 900 1053 926 et
1080 892 1183 937 ipsum

436 942 557 989 pinum,
589 942 642 988 qui
667 942 723 975 suit
745 941 783 975 de
810 941 969 978 Borrello,
1006 949 1035 975 et
1061 941 1181 975 alaudia

436 991 475 1026 de
501 991 719 1026 Soccorronio.
743 991 782 1024 Et
806 991 836 1025 in
860 990 1008 1024 comitatu
1030 990 1183 1024 Barchio-

436 1040 539 1081 nensh
561 1049 590 1074 et
613 1040 644 1074 in
671 1040 828 1080 Vallensi,
864 1040 894 1074 in
925 1048 1030 1074 monte
1052 1040 1181 1085 Signio,

436 1099 466 1125 ct
489 1090 518 1124 in
545 1089 623 1124 valle
646 1090 795 1128 Iordaiia,
821 1097 973 1136 quantum
1002 1089 1117 1123 ibidem
1133 1089 1181 1123 ha-

436 1140 499 1174 bet.
523 1139 562 1174 Et
591 1139 621 1173 in
645 1139 716 1173 villa
745 1139 877 1179 Larona,
904 1147 932 1173 et
962 1139 992 1172 in
1020 1138 1131 1184 Agello
1153 1147 1184 1172 et

436 1190 466 1223 in
490 1189 635 1223 terminio
654 1189 692 1223 de
711 1188 861 1222 Olvrdula
880 1189 908 1222 in
936 1188 1080 1222 Penades
1101 1188 1184 1222 alau-

435 1238 520 1283 dem,
543 1238 596 1285 qui
613 1237 668 1272 fuit
691 1238 728 1271 de
743 1237 908 1282 Guilisclo⁷
930 1245 960 1271 et
981 1238 1010 1271 in
1034 1238 1181 1272 comitatu

437 1289 578 1327 Ausona,
617 1296 766 1335 quantuni
797 1287 887 1321 habet
915 1287 945 1320 111
969 1287 1038 1321 villa
1066 1287 1182 1333 Berga,

437 1350 509 1372 cum
539 1337 604 1383 ipsa
631 1337 760 1371 ccclesia
788 1336 921 1370 Sanctae
947 1336 1088 1374 Ceciliae.
1111 1350 1182 1370 rum

436 1400 493 1422 suo
521 1386 643 1426 alaude,
677 1395 707 1420 et
739 1386 881 1420 alaudem
915 1399 1009 1432 quem
1033 1386 1125 1420 habet
1152 1386 1181 1420 in

437 1436 584 1470 terminio
612 1436 650 1470 dc
673 1436 784 1470 Castro
812 1435 968 1473 Cardena,
997 1443 1027 1469 et
1054 1435 1185 1469 1110111·-

438 1498 548 1520 rezano
570 1486 732 1520 ecclesiam
753 1486 884 1519 Sanctae
900 1485 1014 1519 Hui-iae
1032 1493 1062 1518 et
1077 1484 1183 1519 Sancti

439 1535 522 1569 Petri
545 1547 617 1569 cum
653 1548 709 1569 suo
737 1534 858 1569 alaude.
898 1534 938 1568 Et
972 1534 1000 1567 in
1035 1534 1183 1568 comitatu

438 1584 630 1622 Paliarensi,
667 1585 750 1618 iuxta
785 1584 938 1618 civitatem
973 1583 1182 1617 Liminianam

438 1633 602 1668 ecclesiam
625 1633 730 1668 Sancti
750 1633 896 1673 Andreae,
924 1641 953 1667 et
979 1633 1084 1667 omnia
1104 1645 1184 1679 quac

439 1683 531 1717 habet
559 1684 589 1717 111
613 1683 721 1717 eodem
739 1683 898 1717 comitatu.
925 1682 966 1716 Et
988 1682 1016 1716 in
1036 1683 1183 1717 comitatu

437 1732 611 1768 Cerdaniae.
631 1733 660 1766 in
685 1732 752 1766 villa
768 1731 873 1766 Alzela
895 1732 1057 1766 ecclesiam
1077 1732 1183 1766 Sancti

437 1781 522 1817 Petri
549 1790 579 1817 et
604 1781 737 1816 Sanctae
764 1780 938 1816 Columbae
960 1794 1031 1815 cum
1054 1781 1186 1815 decimis

438 1840 469 1866 et
491 1831 638 1878 primitiis
664 1839 694 1866 et
720 1831 885 1865 alaudibus
910 1830 1185 1876 oblationibusque

439 1880 477 1915 ad
499 1894 566 1916 eam
591 1881 840 1927 pertinentibus⁷
868 1889 898 1915 et
919 1888 1070 1927 quantum
1093 1880 1185 1915 habet

439 1930 470 1965 in
487 1931 557 1965 villa
577 1931 647 1974 Exi,
671 1930 774 1964 villam
798 1930 941 1964 villellam
960 1930 991 1963 in
1013 1929 1184 1964 confluenti

438 1992 508 2015 cum
531 1980 718 2015 terminibus
741 1980 815 2013 suis.
844 1979 883 2013 Et
906 1980 937 2013 in
965 1980 1112 2013 comitatu
1128 1979 1187 2012 Fu-

440 2030 596 2064 niliotensi
613 2029 776 2064 ecclesiam
791 2028 897 2063 Sancti
914 2028 1047 2062 Andr-ere
1063 2029 1092 2062 in
1110 2028 1186 2063 valle

439 2078 617 2124 Poziliauo,
640 2086 670 2113 et
691 2086 841 2125 quantum
869 2078 983 2113 ibidem
1010 2078 1114 2112 habet.
1147 2078 1187 2112 Et

440 2129 524 2164 iuxta
563 2141 670 2163 muros
704 2128 868 2163 Narbonae
904 2140 1046 2162 mansum
1076 2140 1184 2161 unum.

439 2178 476 2212 Et
504 2179 533 2212 in
570 2178 719 2213 comitatu
755 2177 983 2212 Ptossilionensi
1021 2178 1185 2211 ecclesiam

439 2228 545 2262 Sancti
568 2227 735 2261 Salvatoris
764 2240 833 2262 cum
863 2227 966 2261 villare
988 2226 1122 2266 Miliani,
1157 2234 1187 2260 et

441 2277 543 2311 villam
565 2277 710 2323 Lupiani,
730 2286 757 2311 et
781 2277 943 2311 ecclesiam
968 2276 1101 2310 Sanctae
1123 2275 1187 2310 Co-

438 2326 564 2360 lumbae
592 2339 661 2361 cum
685 2326 814 2360 ‹leeimis
841 2334 869 2360 et
898 2326 1055 2373 primitiis,
1078 2333 1108 2360 et
1127 2324 1186 2359 vil-

439 2376 499 2411 lam
528 2376 727 2410 coniunctam
747 2389 816 2409 etun
841 2376 905 2409 suis
928 2375 1128 2417 molendinis7
1156 2381 1186 2408 et

440 2426 541 2459 villam
561 2425 722 2460 Pollestris
737 2438 807 2459 cum
825 2425 957 2459 ecclesia
980 2424 1086 2459 Sancti
1103 2425 1187 2458 Blar-

441 2475 497 2508 tini
524 2487 596 2509 cum
624 2475 754 2509 decimis
772 2482 801 2508 et
818 2474 963 2521 primitiis
985 2482 1077 2520 atque
1100 2474 1187 2508 alau-

439 2523 549 2563 dibuS,
584 2532 614 2559 et
647 2525 750 2558 11113111
779 2523 928 2558 Torriliis
955 2535 1026 2557 cun]
1055 2523 1186 2557 ccclesia

440 2573 546 2608 Sancti
570 2573 653 2608 Petri
681 2586 750 2607 cuin
780 2573 938 2620 p1·,imitiis
961 2580 989 2607 et
1017 2572 1187 2607 oblationi-

1035 296 1136 318 BULLA
1142 295 1222 318 111th
1245 295 1407 318 ROMANt'u

1226 348 1264 383 de
1288 349 1357 383 rivo
1383 347 1524 395 Hugario
1542 361 1613 384 cnm
1636 347 1766 384 ecclesia
1785 346 1892 383 Sancti
1912 345 1972 381 Mi-

1224 398 1343 433 chaelis
1369 411 1440 433 cum
1463 398 1596 433 decimis
1624 408 1654 433 et
1688 398 1841 444 primitiis.
1876 396 1973 432 Deci-

1225 460 1290 481 inas
1317 457 1347 482 et
1375 448 1529 493 primitias
1555 456 1585 481 et
1611 447 1784 482 oblationes
1810 447 1849 481 de
1884 446 1970 481 iam-

1223 497 1315 532 dictis
1337 497 1491 535 ecclesiis,
1525 507 1555 532 et
1578 497 1803 531 monasterium
1825 495 1972 542 supradi-

1223 555 1319 586 ctum,
1347 555 1377 581 et
1415 546 1480 580 loca
1517 554 1547 581 et
1574 546 1673 580 alodia
1716 558 1787 580 cnm
1826 544 1973 579 omnibus

1225 596 1352 633 linibus,
1376 595 1538 635 limitibus,
1563 595 1714 633 terminis,
1732 603 1763 629 et
1776 593 1972 634 adiacentiis,

1223 654 1375 691 quantum
1405 645 1497 680 hodie
1519 645 1623 691 ipsum
1646 644 1872 679 monasterium
1895 642 1972 677 infra

1225 694 1281 728 hos
1317 694 1482 729 comitatus
1514 694 1660 741 superius
1694 695 1827 740 scriptos
1862 692 1971 732 habet,

1223 751 1254 777 et
1276 744 1444 778 auxiliante
1466 744 1534 778 Deo
1556 743 1771 790 adquisiturus
1794 743 1864 782 erit,
1897 741 1973 776 iuris

1224 802 1349 828 sanctae
1377 806 1540 838 romanae,
1573 794 1624 827 cui
1652 792 1719 826 Deo
1746 799 1872 826 auctore
1910 790 1974 825 de—

2000 274 2054 302 An.
2075 273 2104 302 C.
2130 273 2182 303 974

1223 843 1389 885 servimus,
1416 843 1585 885 Ecclesiae,
1607 854 1624 876 a
1649 841 1802 887 praesenti
1834 839 1972 875 secunda
1999 883 2001 885 ι

1223 891 1394 926 indictione
1417 893 1518 939 ipsum
1543 892 1781 931 monasterium,
1809 890 1912 931 villas,
1943 897 1972 924 et

1224 940 1367 982 alaudes,
1396 949 1426 976 et
1458 941 1619 984 ecclesias,
1647 953 1717 975 cum
1743 939 1892 974 omnibus
1918 951 1974 973 eo-

1225 1003 1292 1024 rum
1317 990 1526 1037 pertinentiis,
1549 999 1582 1024 ut
1600 1002 1692 1036 supra
1709 989 1835 1033 legitur,
1852 989 1881 1022 in
1898 1001 1973 1036 per-
2004 1018 2008 1019 ⁷

1226 1047 1355 1085 petuum
1386 1052 1441 1087 per
1468 1040 1561 1074 huius
1585 1039 1738 1086 privilegii
1765 1039 1877 1073 seriem
1906 1047 1972 1072 sta-

1225 1089 1354 1124 bilimus
1385 1090 1440 1123 tibi
1468 1089 1591 1135 tuisque
1627 1088 1862 1123 successoribus
1892 1087 1974 1122 deti-

1226 1138 1366 1173 nendum
1390 1147 1421 1173 et
1457 1151 1528 1173 cum
1555 1138 1613 1173 Dei
1636 1138 1747 1172 timore
1782 1136 1973 1183 regendum,

1225 1197 1254 1222 et
1276 1188 1544 1235 dispensandum,
1578 1188 1618 1222 ita
1645 1195 1679 1222 ut
1700 1187 1807 1221 nullus
1834 1198 1972 1232 uuquam

1226 1250 1355 1283 regum,
1391 1238 1496 1272 nullus
1529 1237 1770 1283 episcoporum,
1805 1235 1974 1282 nullusque

1226 1287 1389 1321 hominnm
1408 1287 1438 1321 in
1458 1287 1599 1334 quolibet
1614 1286 1725 1321 ordine
1747 1293 1777 1320 et
1799 1285 1974 1319 ministerio

1226 1338 1415 1371 constitutus
1433 1337 1545 1371 audeat
1561 1336 1691 1370 moleste
1706 1335 1809 1370 causis
1830 1334 1973 1369 eiusdem

1226 1388 1406 1420 monasterii
1437 1386 1631 1441 incumbere,
1653 1394 1683 1419 et
1710 1385 1786 1419 haec
1808 1384 1924 1423 omnia,
1941 1391 1974 1418 ut

1225 1448 1320 1482 sunia
1343 1436 1504 1478 iussimus
1528 1436 1558 1469 in
1582 1442 1767 1481 perpetuum
1793 1434 1972 1480 persistant,

1226 1492 1396 1519 statu=eutts
1418 1463 1587 1532 aposiolica
1619 1496 1751 1519 censura
1786 1482 1846 1518 sub
1874 1482 1972 1517 divini

1227 1533 1334 1569 iudicii
1362 1534 1570 1568 obtestatione
1615 1542 1645 1568 et
1684 1532 1890 1568 anathematis
1923 1531 1974 1566 in-

1226 1583 1412 1618 terdictione
1438 1592 1470 1617 ut
1505 1583 1612 1617 nullus
1633 1595 1771 1629 unquam
1795 1591 1973 1616 nostrorum

1226 1645 1445 1667 successorum
1483 1633 1665 1688 pontificum
1693 1638 1872 1687 praesumat
1905 1631 1972 1666 ali—

1226 1695 1319 1728 quam
1343 1683 1404 1716 vim
1436 1691 1489 1716 iut
1516 1683 1709 1716 invasionem
1736 1681 1766 1715 in
1794 1680 1889 1715 rebus
1923 1680 1974 1727 ip-

1227 1732 1291 1766 sius
1313 1732 1492 1766 monasterii
1517 1732 1628 1766 faceime
1655 1731 1731 1765 Post
1757 1730 1878 1765 obitum
1900 1741 1974 1765 vero

1227 1781 1348 1815 abbatis
1375 1793 1468 1815 nemo
1491 1781 1531 1815 ibi
1554 1781 1698 1815 abbatem
1726 1779 1894 1815 constituat
1914 1779 1972 1814 nisi

1227 1843 1319 1877 quem
1348 1843 1522 1865 consensus
1559 1839 1590 1865 et
1622 1829 1801 1865 communis
1831 1828 1974 1864 voluntas

1227 1881 1356 1914 fratrum
1394 1892 1431 1914 ex
1466 1880 1530 1926 ipsa
1564 1879 1810 1925 congregatione
1844 1878 1973 1925 elegerit

1227 1930 1401 1964 secundum
1424 1929 1527 1964 Deum
1541 1938 1571 1964 et
1591 1929 1688 1964 sancti
1704 1927 1865 1963 Benedicti
1885 1940 1974 1974 regu-

1228 1978 1312 2019 lam,
1348 1979 1534 2025 nullumque
1560 1978 1734 2025 praemium
1768 1978 1832 2012 sive
1853 1977 1973 2012 donum

1229 2041 1283 2074 pro
1309 2029 1543 2063 consecratione
1570 2028 1655 2062 illius
1684 2027 1798 2082 aliquis
1831 2027 1973 2073 accipere

1228 2078 1405 2112 contendat.
1428 2078 1507 2111 Etsi
1528 2090 1600 2112 eum
1623 2077 1719 2123 gratis
1740 2077 1906 2123 episcopus
1921 2088 1974 2110 or-

1228 2127 1335 2161 dinare
1367 2127 1501 2162 noluerit
1523 2127 1561 2161 ad
1598 2128 1689 2161 cuius
1710 2125 1880 2160 dioecesim
1908 2126 1974 2171 ipse

1230 2177 1363 2222 pertinet
1385 2177 1482 2216 locus
1504 2176 1552 2210 vel
1568 2188 1583 2210 a
1604 2184 1709 2210 nostra
1727 2187 1854 2210 romana
1875 2182 1974 2210 matre

1227 2225 1370 2260 Ecclesia
1393 2226 1438 2260 vet
1467 2238 1483 2260 a
1511 2237 1711 2272 quocumque
1737 2224 1869 2259 voluerit
1902 2223 1974 2271 epi-

1227 2288 1323 2321 scopo
1359 2288 1414 2321 per
1453 2284 1589 2310 nostram
1624 2274 1840 2309 auctoritatem
1877 2273 1974 2308 libere

1228 2326 1401 2359 ordinetur.
1429 2324 1462 2358 Si
1487 2325 1558 2371 quis
1579 2333 1694 2362 antem,
1718 2324 1802 2370 quod
1825 2335 1886 2358 non
1914 2335 1974 2369 op-

1226 2382 1341 2417 tamus⁷
1368 2374 1484 2408 nefario
1515 2386 1592 2408 ausu
1626 2373 1871 2420 praesumpserit
1897 2372 1974 2407 haec

1228 2436 1308 2470 quae
1330 2436 1346 2457 a
1373 2423 1465 2458 nobis
1486 2423 1524 2457 ad
1547 2422 1818 2458 honorificentiam
1845 2422 1973 2456 Domini

1229 2474 1325 2507 nostri
1342 2472 1409 2507 lesu
1429 2472 1545 2507 Christi
1569 2485 1624 2519 pro
1646 2472 1813 2506 stabilitate
1836 2471 1973 2506 iamdicti

1228 2522 1407 2557 monasterii
1435 2530 1547 2556 statuta
1570 2529 1655 2565 sunt,
1690 2520 1876 2568 transgredi,
1897 2520 1975 2556 sciat.

1227 2584 1260 2607 se
1275 2571 1481 2606 anathematis
1503 2571 1626 2606 vinculo
1641 2570 1836 2625 innodatum,
1859 2577 1975 2605 etcum

442 2623 508 2656 11113.
532 2623 599 2657 Ε1
594 2636 622 2656 111
646 2624 795 2657 eom'unu
821 2636 843 2656 v
840 2623 896 2656 dle
912 2622 968 2656 A<
961 2622 1023 2669 prii
1041 2622 1208 2656 ·1.1111111·111-
1206 2621 1352 2670 diabolo
1364 2629 1394 2655 et
1417 2621 1586 2655 omnibus
1581 2620 1707 2667 nnpiis
1699 2620 1814 2654 aeterni
1838 2619 1975 2654 incendii

441 2672 479 2707 de
502 2671 543 2706 C
549 2672 692 2720 repellas,
715 2681 743 2707 ct
762 2672 800 2707 de
820 2672 897 2707 xalle
920 2671 1018 2707 Crosa
1039 2681 1069 2706 et
1084 2672 1184 2705 11111111
1204 2653 1235 2730 l‘
1227 2670 1378 2706 ahoe-issi
1383 2683 1422 2704 no
1444 2670 1598 2717 supplicio
1617 2670 1812 2716 deputatum.
1841 2668 1881 2703 Αι
1904 2680 1974 2703 iero

2033 1141 2163 1164 tmmunttu

2002 1177 2127 1199 monn-terii
2159 1176 2187 1199 nb

2002 1213 2059 1235 omni
2071 1212 2113 1236 att·
2121 1213 2188 1236 iuri}-

2002 1249 2108 1273 dictione.

2001 1724 2092 1748 Abbatis
2108 1724 2188 1748 elocuto

2002 1761 2030 1783 ad
2066 1761 2187 1784 mon-clm

2002 1800 2104 1827 spectare
2112 1797 2188 1820 decer·

2002 1835 2071 1864 nitur,
2090 1833 2126 1864 qui
2143 1834 2187 1857 eli-

2002 1879 2054 1901 gere
2095 1871 2189 1895 debeant

2001 1916 2068 1931 unum
2085 1907 2112 1932 tle
2131 1916 2187 1940 gre-

2001 1952 2056 1968 mio.

2001 2088 2092 2112 Electus
2116 2087 2135 2111 si
2159 2086 2186 2110 ab

2002 2123 2109 2154 episcopo
2126 2130 2182 2154 gra-

2001 2161 2031 2183 tis
2089 2158 2188 2182 ordin-ri

2001 2204 2045 2219 non
2103 2197 2186 2226 possit,

2001 2232 2096 2255 tuentius
2122 2231 2186 2254 datur

2013 2268 2175 2291 ordinationem

2001 2305 2028 2327 1111
2052 2304 2096 2327 ulio
2121 2308 2186 2334 prout

2001 2341 2092 2364 libuerit
2118 2341 2185 2364 acei-

2002 2377 2088 2408 piendi.

2034 2418 2154 2441 Anthemu

2002 2458 2078 2478 contra
2132 2454 2186 2478 how

2002 2490 2178 2515 inobservantea.
