2237 3127
85 307 135 333 An.
149 307 177 333 C.
203 307 254 334 545

69 605 164 626 Maiores
197 611 252 626 cau-

69 649 104 663 sae
128 641 153 662 sd
188 649 252 663 euni-

175 677 252 699 §edem

69 712 225 735 dnolvcnduo.

68 677 116 699 ilem

67 888 99 908 Do
128 887 254 909 obedientia

69 924 165 945 Anxanio
188 931 253 952 prae-

68 958 152 980 stando.

100 2376 132 2397 Ne
150 2373 252 2404 episcopi

70 2412 116 2433 sine
165 2409 254 2432 lieentia

69 2445 147 2468 rionrii
162 2448 255 2475 aposto-

68 2481 109 2503 lici
129 2488 140 2503 u
157 2480 201 2502 suis
218 2488 255 2502 se-

69 2517 132 2539 dibus
175 2512 254 2539 discess

70 2552 130 2574 daut.

928 308 1074 333 Vlfflnns
1100 308 1151 332 PP-

281 368 469 409 cognoscat3
490 368 526 396 ut
546 361 573 397 si
600 360 716 410 aliqua,
742 361 826 410 quod
848 361 946 403 absit,
969 361 1035 396 for—

281 411 376 446 tassis
397 411 560 446 emerserit
585 412 757 453 contentio,
776 411 975 457 congregatis
992 410 1034 444 ibi

280 459 431 495 fratribus
445 487 453 502 ,
477 468 507 495 et
529 461 726 508 coepiscopis
752 461 868 495 nostris
885 486 894 503 ,
925 471 1034 494 causas

280 509 445 549 canonica,
468 517 498 544 et
519 509 690 556 apostolica
711 509 895 544 auctoritate
922 508 1034 543 discu-

280 558 374 602 tiens,
391 558 460 593 Deo
481 558 595 605 placita
616 558 771 604 aequitate
790 557 930 592 diffiniat.
946 556 1034 592 Con-

279 606 438 642 tentiones
467 618 541 641 vero
575 607 601 641 si
628 618 708 653 quae
726 634 734 647 ,
769 619 848 654 quas
874 606 1033 640 Dominus

279 654 424 697 auferat,
450 656 481 690 in
514 655 585 689 fidei
619 667 712 689 causa
740 655 952 701 contigerint,
979 663 1032 689 aut

279 705 444 739 emerserit
464 704 543 738 forte
566 704 743 749 negotium,
771 704 856 751 quod
879 715 936 750 pro
956 716 1031 738 ma-

279 753 448 800 gnitudine
491 752 541 787 sui
579 753 771 799 apostolicae
808 752 894 787 sedis
932 752 1031 798 magis

278 802 395 836 iudicio
422 801 533 836 debeat
556 803 728 841 terminari,
743 801 790 841 ‚ad
816 808 955 836 nostram
975 801 1032 835 di-

278 862 387 885 scussa
408 851 536 884 veritate
558 850 695 897 perferat
716 851 784 885 sine
806 850 955 885 dilatione
980 862 1033 884 no-

277 899 389 934 titiam.
417 898 457 933 Et
479 900 553 945 quia
577 911 705 934 necesse
727 907 785 943 est,
807 906 840 933 ut
861 899 941 946 aptis
962 898 1031 933 Deo

277 947 471 995 propitiante
502 947 698 994 temporibus
735 947 930 982 Arelatensis
959 948 1030 994 epi-

276 1008 392 1042 scopus
419 997 536 1031 nostris
562 996 686 1032 vicibus
706 997 874 1043 fungatur3
906 997 1032 1043 quoties

277 1045 464 1080 iudicaverit
485 1044 646 1092 expedire,
668 1053 702 1080 ut
723 1057 780 1092 pro
803 1045 946 1080 facienda
960 1057 1031 1080 con-

276 1095 429 1129 solatione
454 1094 615 1129 communi
638 1095 862 1141 episcoporum
897 1094 1031 1129 debeant

272 1144 465 1190 >congregari
493 1155 669 1190 personae,
703 1143 811 1178 nullus
844 1143 1032 1178 inobediens

276 1192 345 1227 eius
366 1192 445 1227 forte
468 1191 625 1227 mandatis
651 1192 701 1227 sit.
725 1192 819 1234 Quod
842 1192 867 1226 si
884 1192 987 1231 fuerit,
1015 1204 1031 1227 a

278 1242 524 1287 congregatione
550 1241 779 1288 suspendatur:
811 1240 870 1275 nisi
893 1248 946 1276 aut
968 1253 1031 1275 cor-

278 1290 397 1337 poralis
424 1290 604 1334 infirmitas,
626 1297 680 1324 aut
701 1291 801 1325 iustae
824 1302 936 1325 causae
958 1302 1030 1324 eum

278 1339 440 1374 excusatio
461 1339 567 1373 venire
597 1339 773 1386 prohibeat,
802 1339 843 1373 ita
866 1346 982 1378 tamen,
998 1346 1031 1373 ut

277 1388 304 1422 si
326 1400 372 1430 se,
394 1400 458 1435 quo
480 1388 585 1422 minus
606 1396 762 1431 occurrat,
782 1387 957 1422 rationabili
973 1399 1032 1433 po-

278 1444 340 1472 test
369 1436 555 1483 exceptione
590 1436 779 1475 defendere,
806 1436 845 1471 ad
873 1435 1029 1483 synodum

277 1498 336 1532 pro
370 1498 428 1520 suo
460 1484 635 1532 presbyteri
673 1492 727 1519 aut
760 1484 886 1519 diaconi
919 1484 1031 1530 dirigat

276 1535 350 1570 loco
386 1545 572 1581 personam:
600 1540 756 1580 quatenus
783 1545 863 1580 quae
885 1545 901 1568 a
924 1541 1031 1568 nostro

276 1583 394 1619 vicario
416 1583 612 1629 congregatis
630 1582 779 1617 fratribus
809 1581 938 1617 definita
958 1594 1031 1616 sen-

276 1633 374 1668 tentia
395 1632 513 1667 fuerint
534 1631 711 1671 terminata,
738 1631 777 1666 ad
799 1631 868 1666 eius
889 1631 942 1677 qui
976 1630 1032 1665 ab-

277 1693 351 1716 sens
372 1688 430 1726 est,
457 1693 514 1728 per
528 1693 603 1715 suos
625 1680 778 1728 perducta
805 1680 949 1715 notitiam
973 1680 1033 1714 sin-

277 1742 364 1775 cera,
386 1738 417 1765 et
452 1729 623 1764 inviolabili
658 1729 827 1764 stabilitate
853 1736 1030 1764 serventur.

276 1779 414 1814 Necesse
438 1786 485 1814 est
505 1778 590 1814 enim
613 1779 737 1825 quoties
758 1779 792 1812 in
814 1778 942 1813 nomine
964 1777 1033 1812 Do-

277 1828 356 1862 mini
383 1828 451 1863 eius
473 1827 582 1862 famuli
604 1827 644 1862 ad
669 1826 842 1870 tractanda,
864 1837 944 1873 qnae
960 1834 1033 1860 sunt

277 1877 338 1924 ipsi
367 1877 489 1924 placita,
516 1877 719 1922 colligantur,
753 1875 860 1910 Sancti
895 1874 1033 1920 Spiritus

278 1938 342 1960 non
366 1926 475 1960 deesse
497 1924 719 1972 praesentiam.
743 1923 790 1958 Ita
808 1924 891 1958 enim
915 1923 1031 1958 Christi

278 1974 339 2009 Dei
360 1974 490 2009 Domini
515 1981 545 2008 et
566 1973 740 2008 Salvatoris
762 1972 859 2007 nostri
888 1971 1032 2007 mandata

278 2035 338 2058 nos
354 2024 526 2067 instruunt,
545 2022 661 2070 quibus
675 2022 733 2056 ait:
749 2021 811 2056 Ubi
828 2021 942 2056 fuerint
957 2020 1032 2062 duo,

279 2080 333 2108 aut
359 2080 424 2107 tres
449 2072 479 2106 in
502 2071 631 2106 nomine
653 2083 724 2106 meo
746 2070 927 2116 congregati
945 2097 954 2114 ,
989 2069 1030 2103 ibi

279 2133 333 2156 ero
361 2122 393 2156 in
421 2120 526 2155 medio
553 2132 663 2155 eorum
699 2122 751 2164 (a).
775 2118 862 2161 Quid
889 2131 964 2164 ergo
999 2131 1032 2153 se

280 2170 425 2205 aestimat
451 2169 643 2210 subiturum,
674 2169 725 2215 qui
744 2168 813 2202 Deo
836 2167 943 2202 odiosa
976 2180 1033 2202 sn-

279 2219 389 2266 perbia
409 2219 439 2253 in
463 2219 513 2253 illa
528 2217 774 2264 congregatione
788 2217 941 2252 interesse
955 2228 1034 2251 con-

280 2268 405 2310 temnit,
438 2268 470 2302 in
497 2279 560 2314 qua
585 2266 744 2301 Dominus
770 2274 877 2300 noster
903 2265 1033 2300 adfutu—

281 2329 351 2352 rum
367 2317 415 2364 pia
437 2316 647 2364 promissione
669 2314 951 2350 denunciat?ltlud
967 2315 1032 2361 pari

281 2366 464 2401 auctoritate
485 2365 685 2408 mandamus,
707 2376 746 2399 ne
769 2363 935 2410 quisquam
965 2363 1034 2409 epi-

281 2427 450 2463 scoporum
486 2414 554 2449 sine
577 2413 724 2461 praedicti
747 2412 851 2447 fratris
872 2420 903 2447 et
925 2411 1034 2458 coepi-

283 2465 370 2511 scopi
399 2464 496 2498 nostri
519 2463 650 2498 formata
672 2461 709 2496 ad
729 2462 950 2508 longinquiora
967 2461 1032 2494 loca

281 2514 394 2549 audeat
422 2513 598 2560 proficisci,
619 2511 737 2558 quippe
767 2511 840 2557 quia
867 2518 898 2545 et
925 2509 1034 2544 deces-

281 2574 390 2598 sorum
412 2570 591 2597 nostrorum
614 2560 836 2595 decessoribus
855 2561 944 2599 eius,
966 2558 1034 2604 qui-

280 2612 342 2647 bus
366 2611 452 2646 vices
482 2622 556 2645 suas
582 2609 791 2645 libentissime
818 2607 1033 2648 contulerunt,

320 2677 359 2713 (a)
379 2676 473 2704 matth.
497 2676 539 2704 ¹8.

1708 300 1769 334 151

1077 369 1202 396 sanctae
1237 361 1282 397 sic
1315 363 1471 399 definiunt
1507 362 1679 398 iussiones:
1718 371 1749 398 ut
1779 363 1828 399 his

1076 409 1225 445 omnibus
1239 411 1416 448 obedientia
1432 414 1500 448 Deo
1516 412 1627 459 placita
1649 412 1827 452 custoditis,

1078 471 1148 505 pax,
1172 471 1252 506 quae
1271 473 1287 495 a
1310 461 1439 497 Christo
1460 463 1529 496 Deo
1544 460 1694 505 Domino,
1708 469 1737 495 et
1755 461 1829 495 Sal-

1077 516 1181 543 vatore
1209 517 1317 545 nostro
1344 511 1495 556 apostolis
1531 517 1679 556 tanquam
1709 510 1829 545 haere-

1076 555 1189 592 ditario
1211 567 1257 593 est
1286 561 1412 594 nomine
1436 559 1596 599 derelicta,
1630 559 1660 592 in
1687 558 1827 594 Ecclesia

1074 605 1143 647 Dei,
1162 618 1244 653 quae
1264 619 1324 642 una
1347 617 1394 643 est
1417 617 1480 643 toto
1502 608 1577 642 orbe
1599 607 1724 643 diffusa.
1738 608 1827 642 firma

1074 655 1240 690 stabilitate
1268 665 1420 691 servetur.
1449 658 1535 692 Deus
1570 668 1625 690 vos
1653 656 1828 691 incolumes

1074 704 1240 745 custodiat,
1270 705 1380 740 fratres
1402 705 1566 740 carissimi.
1590 704 1667 739 Data
1689 718 1737 739 x1.
1765 706 1827 740 kal.

1075 753 1188 793 iunias,
1218 766 1253 788 lv
1279 762 1351 800 post
1373 755 1572 789 consulatum
1597 753 1703 788 Basilii
1726 753 1764 788 V.
1788 753 1826 789 C.

1164 809 1226 840 Dat.
1245 811 1292 840 die
1311 811 1343 839 ⁶21
1364 811 1432 840 maii
1452 821 1527 840 anno
1545 810 1661 840 Domini
1680 811 1747 848 545,

1270 858 1374 897 pontis.
1394 858 1494 896 vigilii
1517 867 1593 888 anno
1609 867 1656 887 ΠΙ.

1424 975 1478 1010 lV.

1072 1056 1222 1090 Auaeam‘o
1237 1057 1410 1089 Arelatensi
1429 1057 1585 1100 deleyatur
1598 1056 1731 1101 coyozz'tio
1753 1068 1829 1090 cau-

1122 1117 1172 1139 sac
1195 1106 1382 1139 Praetestalz'
1406 1106 1547 1149 episcopi.
1573 1108 1636 1148 (4).

1345 1173 1559 1203 SUMMARIEM

1137 1235 1175 1265 De
1199 1235 1283 1265 laicis
1301 1244 1353 1274 per
1372 1235 1479 1264 saltum
1500 1244 1557 1264 non
1580 1234 1763 1264 ordinandis.

1167 1300 1347 1329 Dilectissimo
1371 1299 1456 1329 fratri
1474 1300 1595 1329 Auxanio
1618 1300 1733 1336 Vigilius

1122 1362 1210 1396 Licet
1258 1362 1442 1397 fraternitati
1476 1370 1597 1397 vestrae
1635 1362 1829 1409 apostolicae

1075 1411 1159 1445 sedis
1180 1411 1303 1446 vicibus
1324 1412 1484 1446 attributis
1499 1439 1507 1452 ,
1535 1424 1614 1457 quas
1635 1411 1754 1446 directa
1776 1423 1840 1446 au-¹

1075 1460 1218 1494 ctoritate
1246 1460 1486 1503 commisimus,
1513 1460 1702 1506 generaliter
1724 1458 1840 1494 emer?

1074 1508 1217 1554 gentium
1241 1521 1406 1543 causarum
1430 1509 1469 1543 sit
1496 1508 1767 1543 discutiendarum
1790 1508 1830 1542 li-

1074 1557 1195 1591 centia:
1225 1566 1329 1592 tamen
1366 1558 1439 1604 quia
1476 1557 1528 1591 filii
1563 1558 1661 1592 nostri
1702 1557 1830 1591 Ioannis

1075 1605 1248 1653 presbyteri
1265 1634 1273 1647 ,
1309 1606 1364 1640 sed
1392 1614 1423 1640 et
1448 1606 1574 1640 Teredii
1603 1606 1751 1645 diaconi,
1774 1607 1829 1652 qui

1075 1654 1113 1688 ad
1130 1666 1186 1689 nos
1209 1663 1260 1690 tua
1284 1655 1437 1690 charitate
1459 1655 1567 1689 directi
1583 1663 1669 1698 sunt,
1685 1655 1724 1690 ‹le
1739 1654 1841 1700 Prae-¹

1076 1704 1177 1737 testati
1201 1716 1332 1738 excessu
1365 1711 1412 1738 est
1440 1712 1580 1749 porrecta
1609 1704 1742 1750 petitio,
1773 1705 1841 1748 ne-]

1075 1753 1247 1787 cessarium
1270 1753 1361 1787 valde
1386 1753 1558 1795 credimus,
1574 1752 1841 1798 specialiterme-'

1076 1802 1185 1835 morati
1227 1801 1344 1847 negotii
1374 1801 1637 1835 examinationem
1672 1801 1830 1847 praesenti

1077 1849 1165 1884 vohis
1205 1850 1391 1884 auctoritate
1426 1850 1589 1884 mandare.
1627 1849 1842 1896 Quapropter

1076 1898 1230 1942 charitati,
1255 1911 1316 1945 qua
1344 1899 1374 1932 in
1403 1898 1531 1933 Christo
1553 1899 1728 1944 iungimur‚
1755 1897 1842 1960 red-5

1076 1946 1187 1982 dentes
1209 1947 1364 1982 fraternae
1386 1947 1521 1993 alloquia
1543 1947 1740 1990 visitationis,
1755 1946 1842 1993 hor-i

1076 2004 1178 2030 tamur
1200 2004 1233 2030 ut
1258 1995 1405 2030 adhibitis
1428 1996 1589 2030 vobiscum
1620 1995 1768 2030 fratribus
1801 1999 1843 2034 et}

1076 2045 1274 2092 coepiscopis
1301 2045 1417 2079 nostris
1447 2057 1580 2079 numero
1617 2041 1843 2090 competente}

1076 2093 1216 2128 discussa
1240 2093 1361 2128 ratione
1383 2094 1535 2128 canonica
1556 2093 1698 2137 veritate,
1720 2105 1755 2127 ea
1777 2104 1830 2127 sa-

1076 2142 1173 2188 pienti
1195 2142 1392 2177 ordinatione
1419 2142 1578 2188 disponat,
1605 2153 1685 2188 quae
1719 2141 1830 2176 deces-

1076 2203 1183 2226 sorum
1208 2199 1386 2226 nostrorum
1406 2190 1745 2234 conveniantstatutis,
1760 2189 1832 2224 cha-

1076 2240 1151 2274 ritas
1179 2248 1279 2275 vestra
1303 2240 1424 2274 ratione
1452 2239 1669 2286 prospiciens,
1697 2250 1737 2273 ne
1767 2239 1830 2273 ali-

1075 2301 1169 2335 quem
1199 2289 1288 2323 sacile
1326 2301 1363 2323 ex
1391 2288 1478 2322 laicis
1499 2288 1538 2322 ad
1573 2295 1712 2322 sacratos
1745 2287 1831 2322 ordi-

1076 2350 1132 2372 nes
1158 2338 1238 2372 saltu
1262 2337 1426 2384 praecipiti
1448 2337 1597 2383 cuiquam
1629 2335 1829 2371 sacerdotum

1074 2386 1165 2421 liceat
1186 2398 1368 2432 aggregare.
1391 2386 1480 2420 Deus
1502 2393 1531 2420 tc
1554 2385 1746 2420 incolumem
1771 2397 1830 2419 cu-

1075 2436 1199 2476 stodiat,
1222 2435 1316 2470 frater
1337 2434 1508 2470 carissime.
1541 2434 1620 2468 Data
1654 2446 1691 2468 x1
1724 2433 1828 2468 kalen.

1076 2484 1191 2525 iunias,
1216 2496 1250 2519 ιν
1273 2492 1344 2531 post
1365 2483 1561 2518 consulatum
1584 2482 1693 2517 Basilii
1716 2481 1754 2516 V.
1771 2481 1810 2517 C.
1837 2485 1842 2537 l·

1153 2548 1216 2579 Dat.
1237 2548 1284 2579 die
1302 2548 1340 2578 ⁶202
1359 2548 1428 2577 maii
1457 2546 1659 2577 annoltomini
1677 2546 1750 2582 545,

1261 2596 1365 2636 pontis.
1387 2595 1485 2634 vigilii
1503 2604 1580 2625 anno
1599 2602 1648 2625 vn.

1110 2667 1150 2703 (¹)
1165 2666 1248 2695 Cone.
1265 2671 1330 2694 tom.
1349 2673 1378 2693 v.

1857 298 1908 324 An.
1936 296 1963 324 C.
1987 298 2037 324 5⁴5·

1873 2278 1902 2300 De
1921 2278 1982 2298 laicis
2002 2285 2039 2305 per

1856 2313 1934 2335 saltum
1952 2320 1994 2333 non
2003 2320 2041 2332 nr-

1855 2348 1965 2370 (licendis.
