2237 3127
0 198 7 314 1

0 320 6 467 ,
94 320 144 348 An.
160 319 190 346 C.
207 317 277 348 ¹060

0 470 4 654 1

82 1677 110 1701 Bt
141 1677 168 1700 ab
208 1679 269 1702 omni

82 1721 163 1737 censu.

82 1749 134 1771 Sodi
197 1753 270 1773 tamen

81 1784 125 1814 Ap.
144 1792 184 1815 per
206 1786 269 1815 quin-

81 1821 202 1850 quennium
217 1821 270 1843 soli-

83 1855 125 1878 dos
144 1856 173 1879 40
184 1856 270 1880 solvere

84 1894 180 1915 tenetur.

83 2076 192 2105 Agar-ensi
228 2084 269 2099 cu-

83 2112 130 2134 miti
157 2112 268 2134 concedi-

82 2150 120 2169 tur
139 2148 172 2170 ius
189 2150 269 2170 nomi-

84 2183 150 2206 nundi
169 2183 269 2207 abbatem

83 2226 133 2240 cum
159 2226 270 2243 consensu

111 2254 244 2278 elericorum

113 2289 238 2314 Ecclesiae.

97 2411 176 2434 Abbati
194 2420 247 2435 vero

81 2447 163 2469 nullum
184 2449 216 2470 iun
240 2457 264 2471 a·

82 2482 179 2506 lieuandi
212 2483 270 2507 hona

82 2521 116 2543 vel
130 2520 183 2551 qnid
197 2521 270 2543 simila

81 2556 191 2579 faciendi.

83 2606 217 2637 spirituales
247 2609 269 2629 et

112 2642 243 2673 corporate·

83 2684 167 2706 poenae
248 2686 268 2700 in

83 2715 268 2745 transgressores.

920 335 1036 358 Ntcom
1042 335 1079 358 US

1106 334 1129 358 ιι
1159 336 1207 358 re.
1731 328 1799 361 657

302 386 394 427 tium,
417 394 469 421 aut
495 387 649 422 redditum
674 388 788 434 exigat,
808 388 852 423 vel
883 390 1055 425 subiectio-
1098 390 1230 425 vinculis
1264 389 1447 425 innodatum
1464 419 1472 431 ,
1500 399 1530 426 et
1563 392 1694 439 insuper
1721 402 1848 428 centnm

302 449 375 471 nem
410 437 547 485 aliquam
583 439 622 473 de
655 438 828 481 omnihus,
862 452 943 486 quae
970 453 1055 475 nunc
1098 440 1244 475 librarum
1261 441 1326 475 auri
1351 454 1450 488 poena
1474 442 1701 484 mulctamlum,
1726 444 1849 478 medie-

301 485 396 521 habet
418 487 465 522 vel
490 488 630 522 habitura
655 496 719 529 est;
748 496 781 523 ut
809 489 884 523 nulli
904 490 1054 537 episcopo

300 535 392 571 liceat
406 536 561 583 praefatae
575 537 736 573 Ecclesiae
751 538 891 573 (livinum
915 539 1053 574 osticium

300 585 483 632 prohibere,
517 595 572 622 aut
603 587 642 622 de
668 587 791 622 clericis
818 588 934 623 ibiaiem
963 602 1054 624 com-

299 636 497 671 morantibus
530 649 721 684 quemquam
754 639 1052 679 excommunicare,

299 693 354 719 aut
383 686 430 720 sui
459 686 554 721 officii
585 687 832 732 persolutionem
856 689 1051 734 perturbare,

298 742 353 769 aut
374 735 497 782 aliquos
527 748 621 770 causa
649 738 864 771 conversionis
888 740 1053 784 poeniten-

298 784 361 819 tiae
387 785 424 819 ad
448 797 517 819 eam
546 787 710 820 venientes
739 786 784 820 vel
808 786 950 821 divinum
975 788 1052 822 osti—

298 834 383 868 cium
410 835 588 879 audituros,
616 836 661 869 vel
687 835 805 870 ibidem
837 849 1050 880 remansuros,

297 883 337 918 ab
364 895 400 918 ea
427 896 586 932 separare,
608 894 660 919 aut
680 885 878 927 interdicere,
902 887 948 922 vel
971 900 1052 934 quo-

296 933 460 979 quomodo
488 934 624 975 laedere,
646 943 802 981 quatenus
817 936 1051 981 perturbatione

296 983 384 1017 omni
407 991 537 1025 remota,
561 984 590 1017 iu
608 984 695 1019 nullo
718 985 932 1032 impediantur
954 999 1051 1021 cauo-

296 1031 367 1067 nice
388 1033 540 1074 viventes,
564 1034 620 1068 nisi
650 1033 739 1075 forte,
755 1035 841 1081 quod
869 1035 961 1075 absit,
978 1049 1053 1071 con-

295 1088 342 1116 tra
366 1083 675 1118 canonicainstituta
698 1084 730 1118 in
746 1096 840 1119 suum
862 1086 1049 1132 episcopum

295 1131 415 1179 aliquid
437 1131 562 1174 faciant,
584 1133 667 1168 unde
686 1133 746 1168 hoc
769 1136 885 1181 perpeti
903 1135 1049 1170 debeant.

295 1180 338 1216 Et
358 1181 506 1217 volumus
533 1195 602 1223 nos,
630 1190 660 1217 et
682 1184 867 1219 auctoritate
889 1186 1051 1231 apostolo-

296 1243 368 1266 rum
399 1232 579 1280 principum
616 1233 700 1267 Petri
734 1241 765 1268 et
800 1233 889 1268 Pauli
920 1236 1051 1270 tirmiter

296 1280 463 1322 iubemus,
499 1291 531 1316 ut
558 1294 669 1317 omnes
695 1283 857 1327 ecclesias,
885 1284 992 1325 cellas,
1021 1296 1049 1319 et

297 1330 424 1378 praedia
437 1332 594 1379 praefatae
608 1332 780 1376 Ecclesiae,
799 1333 954 1373 omnium,
971 1347 1050 1381 qnae

296 1380 392 1416 modo
419 1380 514 1416 habet
535 1390 565 1416 et
587 1382 728 1416 habitura
748 1390 795 1417 est
813 1383 843 1417 in
862 1392 1048 1430 perpetuum

297 1431 404 1478 quiete
413 1430 527 1466 habeat
535 1439 564 1466 et
580 1431 751 1478 possideat,
762 1441 792 1467 et
802 1433 878 1467 nulli
889 1433 1049 1468 Ecclesiae

297 1492 373 1516 suae
406 1481 475 1516 sine
507 1481 598 1528 culpa
626 1482 813 1516 clericorum
835 1492 943 1517 contra
967 1484 1048 1518 iussa

297 1542 456 1565 canonum
489 1531 629 1565 divinum
655 1531 795 1566 osticium
829 1533 1048 1579 prohibeatur,

297 1588 351 1614 aut
376 1581 682 1615 excommunicetur.
710 1581 894 1616 Statueutes
920 1591 1049 1629 aposto-

296 1628 356 1664 lica
375 1642 508 1664 censura
531 1630 746 1675 decernimus,
760 1640 794 1665 ut
816 1632 898 1666 nulla
917 1645 1048 1678 persona

295 1691 409 1726 magna
432 1680 497 1714 sive
520 1692 612 1726 parva
633 1680 754 1715 nullum
776 1693 907 1715 censum
936 1682 975 1716 ab
997 1695 1050 1717 ea-

296 1728 369 1763 dem
405 1729 548 1764 Ecclesia
583 1742 654 1764 cum
683 1730 834 1765 omnihus
861 1731 918 1765 sibi
952 1732 1049 1778 perti-

297 1778 446 1813 nentibus
479 1779 605 1825 exigere
633 1788 824 1825 praesumat,
856 1781 900 1814 vel
925 1780 1048 1821 haheat,

297 1827 357 1862 nisi
380 1840 509 1862 romana
537 1828 700 1872 Ecclesia,
727 1841 807 1876 quae
839 1829 966 1873 habeat,
995 1844 1049 1877 per

295 1877 550 1925 quinquennium
578 1890 709 1912 censum
732 1879 841 1913 decem
858 1880 977 1914 solidos
992 1893 1049 1914 au-

296 1939 378 1962 reos.
409 1926 471 1962 Iste
510 1927 670 1963 Arnaldus
702 1928 749 1962 vir
782 1929 1049 1976 prudentissimus

297 1988 371 2011 cum
398 1989 456 2012 sua
488 1989 586 2012 uxore
612 1985 643 2012 et
674 1977 761 2017 filio,
789 1987 820 2013 et
848 1980 982 2025 posteris
1009 1980 1048 2015 de

296 2038 351 2061 sua
385 2026 557 2074 progenie,
590 2026 702 2061 habeat
723 2027 852 2074 dignam
875 2029 1049 2064 subiectio-

296 2088 388 2120 nem,
423 2085 453 2111 et
485 2075 652 2116 honorem,
674 2089 711 2111 eo
734 2078 817 2124 quod
847 2078 902 2113 Dei
930 2079 1048 2114 auxilio

295 2124 475 2160 liberaverit
508 2133 625 2161 terram
652 2127 735 2161 illam
758 2126 797 2162 de
830 2136 983 2174 potestate
1018 2137 1048 2163 et

295 2187 401 2210 errore
418 2175 650 2222 Agarenorum,
673 2185 703 2211 et
726 2176 817 2211 liceat
835 2177 880 2212 eis
902 2179 1048 2213 ordinare

295 2224 442 2260 abbatem
465 2225 496 2259 in
511 2225 690 2272 supradicta
706 2226 848 2262 Ecclesia
870 2228 1047 2263 secuudum

295 2286 386 2310 suam
425 2275 640 2318 voluntatem,
676 2288 771 2322 quem
810 2289 983 2324 congruum
1018 2287 1047 2313 et

297 2323 463 2366 idoneum,
486 2333 517 2360 et
538 2325 664 2359 servitio
686 2325 743 2360 Dei
759 2334 869 2372 aptum
892 2327 958 2374 ipse
975 2340 1046 2362 cum

296 2373 421 2409 clericis
447 2374 599 2409 ecclesiae
635 2374 742 2409 Sancti
778 2375 861 2410 Petri
896 2377 1047 2412 canonice

296 2423 459 2470 elegerint.
483 2424 520 2458 Et
551 2424 655 2458 abbati
684 2424 861 2472 praedictae
890 2426 1048 2462 Ecclesiae

297 2473 384 2508 nullo
405 2473 500 2508 modo
523 2474 613 2508 liceat
646 2474 685 2509 de
712 2475 850 2522 praediis
871 2484 900 2510 et
922 2476 960 2511 de
989 2489 1049 2512 ca-

297 2522 396 2557 stellis
417 2523 552 2558 vendere
574 2524 811 2571 quoquomodo,
833 2534 885 2560 aut
911 2526 1048 2562 alienare

298 2571 338 2607 ad
363 2571 514 2607 damnum
542 2573 714 2608 Ecclesiae.
736 2574 768 2608 Si
785 2575 855 2621 quis
879 2575 973 2621 igitur
988 2577 1048 2611 hu-

298 2621 349 2656 ius
374 2622 473 2657 nostri
500 2622 654 2670 privilegii
677 2632 794 2659 temere
818 2625 951 2659 violator
968 2627 1048 2660 exti-

299 2671 382 2713 terit,
404 2680 435 2707 et
456 2672 594 2707 monitus
609 2674 760 2708 canonice
782 2674 951 2709 emendare
971 2688 1048 2710 con-

299 2722 471 2769 tempserit,
498 2722 574 2757 sciat
608 2735 641 2757 se
670 2725 812 2771 perpetui
841 2725 1048 2762 anatheniatis

378 2778 455 2808 Ball.
472 2778 551 2810 Rom.
579 2780 632 2810 Vol,
651 2780 675 2809 1.
853 2781 892 2812 83

1097 499 1191 525 tatem
1219 502 1308 525 sacro
1343 499 1451 525 nostro
1485 491 1686 526 Lateraneusi
1723 493 1848 538 palatio,

1095 548 1124 574 et
1158 540 1356 574 medietatem
1387 541 1540 587 praefatae
1573 541 1746 577 Ecclesiae.
1782 543 1848 584 Qui

1096 602 1168 623 vero
1192 590 1240 636 pia
1264 589 1430 625 devotione
1457 600 1657 625 conservator
1679 604 1747 626 esse
1775 601 1846 627 stu-

1094 638 1209 679 duerit,
1233 648 1261 673 et
1285 639 1324 673 dc
1346 652 1403 674 suo
1419 640 1536 686 aliquid
1561 642 1716 686 praefatae
1732 641 1846 676 Eccle-

1094 689 1158 722 siae
1173 688 1306 729 dederit,
1326 689 1373 723 vel
1389 690 1538 723 auxilium
1557 690 1674 731 fecerit,
1699 691 1847 738 precibus

1094 738 1310 784 apostolorum
1352 740 1528 786 principum
1568 740 1650 773 Petri
1691 749 1720 774 et
1757 741 1846 775 Pauli

1095 796 1293 834 peccatorum
1317 801 1447 822 suorum
1465 789 1605 823 omnium
1634 792 1673 823 ah
1700 791 1847 836 omnipo-

1094 837 1170 871 tenti
1194 837 1261 872 Deo
1284 839 1417 877 veniam,
1433 847 1462 872 et
1485 847 1628 872 aeternae
1644 839 1846 874 beatitudinis

1093 896 1305 933 consequatur
1338 888 1481 933 gloriam.
1509 887 1671 934 Scriptum
1697 902 1752 936 per
1778 902 1847 924 ma-

1094 949 1154 971 nus
1175 936 1340 971 Octaviani
1368 938 1537 976 scriniarii,
1567 946 1597 971 et
1626 939 1737 972 notarii
1766 940 1847 974 sacri

1094 986 1199 1032 palatii
1219 987 1248 1020 in
1276 999 1384 1021 mense
1407 987 1509 1033 aprili,
1533 995 1563 1021 et
1578 987 1748 1023 inflictione
1771 1001 1845 1023 xm.

1092 1035 1208 1070 Datum
1236 1036 1356 1070 Romae
1384 1049 1469 1070 xvni
1506 1036 1565 1071 kal.
1595 1037 1666 1071 maii
1696 1050 1779 1072 anno
1805 1038 1844 1073 ab

1094 1085 1309 1120 incarnatione
1331 1086 1399 1120 lesu
1429 1085 1553 1122 Christi.
1578 1089 1681 1131 1060,
1712 1088 1848 1134 pontifi—

1092 1143 1180 1169 catus
1203 1134 1310 1170 domni
1333 1135 1453 1170 Nicolai
1474 1148 1572 1183 papae
1596 1137 1740 1177 secundi,
1763 1149 1846 1172 anno

1092 1184 1248 1218 secundo.

1093 1233 1160 1279 Ego
1183 1233 1291 1268 Bruno
1313 1233 1539 1270 Praenestinus
1562 1236 1742 1283 episcopus.

1092 1283 1160 1329 Ego
1182 1283 1341 1318 Arnaldus
1364 1284 1514 1319 Aretinus
1536 1287 1715 1333 episcopus.

1093 1332 1159 1378 Ego
1182 1332 1377 1367 Cumbertus
1403 1334 1645 1369 Taurinensium
1670 1335 1805 1383 praesul.

1094 1382 1160 1429 Ego
1184 1382 1353 1417 Anselmus
1372 1383 1429 1417 Dei
1456 1385 1669 1420 misericordia
1691 1385 1845 1421 Lucensis

1139 1433 1313 1479 episcopus
1336 1433 1480 1478 cognovi.

1092 1481 1160 1527 Ego
1178 1481 1269 1516 Dodo
1286 1482 1343 1516 Dei
1363 1491 1440 1516 nutu
1465 1482 1652 1519 Rosellanus
1673 1485 1845 1532 episcopus

1141 1543 1285 1577 cognovi.

1093 1580 1159 1626 Ego
1188 1581 1360 1615 Anselmus
1382 1581 1439 1616 Dei
1462 1582 1559 1628 gratia
1578 1583 1768 1619 Castrensis.

1092 1629 1157 1672 Ego
1180 1630 1383 1665 Godofredus
1405 1631 1581 1667 Perusinus
1604 1634 1701 1680 episc.

1091 1679 1158 1725 Ego
1175 1679 1308 1714 loannes
1328 1680 1581 1729 archipresbyter
1603 1684 1724 1717 subscr.
1742 1683 1845 1718 Luce—

1141 1730 1273 1771 nicauus
1294 1730 1547 1779 archipresbyter
1567 1732 1600 1766 S.
1625 1732 1719 1767 Petri.
1743 1733 1843 1768 Ioan—

1142 1791 1197 1812 nes
1215 1778 1250 1813 S.
1273 1779 1371 1813 Petri.

1090 1827 1239 1862 Alhertus
1265 1829 1517 1876 archipresbyter
1544 1831 1727 1878 subscripsi.

1138 1877 1253 1911 Datum
1283 1877 1402 1912 Romae
1425 1891 1497 1913 xvil
1525 1880 1584 1914 kal.
1610 1881 1679 1915 maii
1698 1893 1780 1915 auno
1799 1882 1838 1916 ab

1090 1926 1304 1961 incarnatione
1316 1927 1387 1962 Iesu
1402 1928 1519 1964 Christi
1538 1933 1549 1964 ‘l
1561 1932 1644 1971 060,
1661 1943 1716 1978 per
1728 1943 1841 1966 manus

1090 1975 1255 2011 Hnmberti
1279 1986 1405 2012 sanctae
1428 1990 1574 2014 romanae
1597 1989 1627 2014 et
1653 1980 1843 2027 apostolicae

1089 2025 1175 2060 sedis
1202 2025 1444 2069 bibliothecarii,
1466 2037 1496 2062 et
1522 2037 1648 2064 sanctae
1679 2029 1841 2065 Ecclesiae

1089 2075 1201 2122 Sylvae
1228 2075 1392 2111 Candidae
1415 2078 1573 2125 episcopi,
1601 2092 1683 2114 anno
1700 2080 1841 2114 secundo

1091 2125 1291 2170 pontificatus
1312 2125 1421 2161 domni
1450 2139 1548 2175 papae
1563 2128 1682 2163 Nicolai
1696 2130 1841 2171 secundi,

1091 2173 1265 2209 indictione
1288 2187 1359 2209 xiu.

1143 2231 1205 2261 Dat.
1228 2232 1275 2262 die
1295 2233 1330 2261 14
1354 2233 1456 2272 aprilis
1475 2243 1551 2264 anno
1570 2234 1685 2264 Domini
1704 2236 1790 2273 1060,

1274 2273 1376 2311 pontis.
1394 2273 1507 2304 Nicolai
1529 2284 1605 2305 anno
1624 2284 1655 2305 11.

1425 2409 1508 2444 Vlll.

1093 2464 1293 2509 Confirmatio
1318 2469 1483 2502 canonicae
1519 2470 1550 2502 S.
1584 2470 1670 2503 Petri
1694 2470 1726 2503 in
1753 2471 1841 2505 Sua-

1138 2518 1224 2548 nensif
1258 2518 1380 2550 civitate
1405 2525 1538 2561 erectae,
1565 2522 1685 2563 eiusque
1713 2523 1840 2565 recepli‘n

1137 2566 1192 2598 sub
1216 2568 1401 2610 protectione
1428 2569 1507 2601 sedis
1533 2570 1730 2614 apostolicae,
1751 2571 1841 2604 salva

1138 2621 1239 2648 tamen
1265 2616 1396 2661 episcopi
1420 2617 1632 2652 iurisdictione
1654 2622 1717 2663 (A).

1125 2674 1164 2708 (l)
1176 2675 1213 2701 Ex
1223 2675 1324 2703 archiv.
1344 2678 1560 2712 metropolitanae
1576 2679 1706 2707 Ecclesiae
1722 2681 1837 2707 Snanen.

1088 2710 1170 2773 esliudit
1203 2712 1327 2739 Nicolaus
1345 2713 1451 2741 Coletus
1467 2714 1525 2741 ltal.
1543 2715 1602 2741 Sac-
1631 2720 1695 2743 tom.
1721 2725 1762 2750 ιιι,
1787 2717 1839 2746 col.

1107 2755 1122 2772 ο
1144 2766 1150 2772 .

1877 315 1928 340 An.
1943 314 1972 341 c.
1993 308 2062 344 ¹060

1875 1240 2057 1271 Subscriptiones

1891 1277 2050 1307 episcoporum

1874 1315 1896 1333 et
1909 1311 2061 1342 archipresby-

1875 1350 1973 1370 terorum
1991 1349 2014 1371 S.
2033 1348 2059 1370 R.

1876 1385 1902 1407 E.
