2237 3127
167 262 220 291 An.
237 261 267 292 C.
284 264 352 293 1000

168 515 242 545 Legati
256 517 347 547 stepha.

167 552 188 573 ni
207 552 278 575 ducis.

165 852 223 874 Haec
267 853 349 882 legatio

166 887 274 910 silvestro
303 897 348 911 nn-

166 927 244 945 ctnrnu
257 925 302 946 visu
315 925 349 946 di-

164 959 244 983 vinitus
254 960 348 984 uberta.

168 1766 240 1788 Pietas
257 1766 352 1796 Stepha-

167 1802 188 1824 ni
206 1801 281 1833 ducis,

167 1945 290 1975 Stephanus
317 1953 350 1975 se,

167 1989 300 2011 regnumque
327 1981 350 2002 S.

166 2017 232 2040 Petro
265 2017 350 2040 obtulit.

434 259 504 292 478

987 262 1177 287 BULLARtmt
1198 261 1363 284 ROMANUM

383 323 491 353 Qilwster
522 322 640 360 episcopus
675 328 754 349 servus
784 326 899 347 servorum
928 316 989 352 Dei,
1019 316 1133 354 Stephano
1177 316 1329 349 davimus.
1359 316 1476 361 Quare,
1507 315 1644 362 gloriose
1676 315 1742 359 sili,
1769 321 1881 350 cuncta
1907 326 1922 350 a

369 391 373 398 ,
423 363 476 392 111111
503 362 664 399 lluttgaroruut
689 360 787 388 salutem
813 362 835 387 et
855 357 1011 395 ¹apostolicam
1037 355 1132 384 benedi-

421 403 531 432 ctionem.

430 462 539 508 Legati
560 460 733 496 nobilitatis
754 467 837 499 tuae,
862 458 895 492 in
924 457 1032 504 primis
1058 469 1132 491 vero

380 512 584 548 charissimus
606 510 761 545 confrater
787 517 893 543 noster
914 507 1068 547 Astrieus,
1086 518 1133 541 re—

379 558 1005 604 1101111111156010000515011150011115,1111110
1021 556 1128 589 111111011

379 621 435 645 cor
456 616 598 644 nostrum
621 608 736 642 laetitia
758 607 941 644 affecerunt,
964 617 1000 640 ac
1016 604 1128 639 minori

378 659 519 694 officium
545 669 637 692 snum
663 656 767 691 labore
779 655 996 698 confecerunt,
1011 662 1130 700 quanto

378 707 529 742 divinitus
554 706 738 752 praemoniti
775 704 983 751 cupidissimo
1023 703 1129 737 animo

378 756 504 791 illorum
527 756 696 789 adrentum
720 754 759 788 de
794 754 899 799 ignota
922 752 1014 786 nobis
1035 761 1129 799 gente

378 805 656 852 praestolabamur.
676 803 783 838 Faelix
805 802 930 848 legatio,
956 814 1036 848 quae
1059 814 1130 835 cae-

377 853 447 889 lesti
470 862 637 901 praeventa
660 853 781 893 nuntio,
795 860 889 898 atque
904 851 1046 897 angelico
1062 863 1130 896 per-

376 910 505 938 tractata
546 902 740 945 ministerio,
778 901 863 947 prius
892 900 950 934 Dei
979 900 1127 934 conclusa

376 961 425 987 est
442 953 580 989 decreto,
600 963 694 998 qnam
719 963 736 985 a
764 950 855 985 nobis
881 948 986 984 audita
1007 949 1126 983 suisset.

376 1000 458 1036 Vere
481 1014 542 1036 non
570 1000 714 1038 volentis,
752 1012 855 1045 neque
882 998 1048 1034 currentis.
1072 998 1126 1032 sed

376 1051 553 1086 secundum
564 1050 587 1083 A
595 1050 762 1096 postolum,
771 1047 950 1083 miserentis
958 1046 1126 1090 estDeikct):

376 1101 429 1147 qui
455 1108 533 1135 teste
568 1099 700 1133 Daniele
724 1106 822 1132 mutat
844 1105 985 1143 tempora
1017 1105 1047 1130 et
1069 1108 1128 1130 ae-

375 1156 471 1184 tates:
490 1148 636 1184 transfert
660 1159 755 1193 regtta
777 1155 870 1193 atque
893 1145 1055 1180 coustituit
1075 1147 1125 1189 (bk

376 1198 492 1233 revelat
516 1197 682 1244 profunda,
705 1204 734 1231 et
761 1195 955 1238 abscondita,
986 1202 1017 1229 et
1043 1195 1128 1228 novit

376 1247 409 1282 in
437 1247 574 1282 tenebris
601 1246 783 1289 constituta,
820 1245 893 1291 quia
917 1245 969 1279 lux
995 1256 1067 1278 cum
1090 1256 1127 1278 eo

376 1305 436 1337 est,
458 1309 551 1343 qnae,
573 1296 654 1330 sicut
676 1295 767 1329 docet
791 1295 937 1336 Ioannes,
972 1292 1128 1327 illuminat

376 1358 502 1380 omnem
519 1346 677 1380 hominem
695 1345 870 1379 venientem
887 1343 917 1376 111
932 1342 1017 1376 1111110
1032 1354 1128 1375 1111111-

377 1394 453 1428 dum
489 1399 533 1437 (c).
576 1394 717 1427 Primum
746 1405 822 1438 ergo
857 1392 972 1437 gratias
1003 1392 1128 1435 agimus

376 1443 444 1478 Deo
461 1443 558 1487 Patri,
571 1451 601 1477 et
616 1442 752 1477 Domino
775 1450 881 1475 nostro
896 1441 964 1475 Iesu
988 1440 1127 1479 Christo,

377 1493 432 1539 qui
456 1492 649 1538 temporibus
671 1492 785 1525 nostris
807 1490 925 1524 invenit
951 1489 1009 1523 sibi
1027 1490 1126 1523 David

378 1542 476 1576 filium
508 1541 641 1587 Geysae,
669 1540 829 1574 hominem
865 1539 1037 1572 secundum
1073 1551 1128 1572 eor

377 1599 529 1630 suum,et
555 1590 626 1624 luce
653 1589 835 1623 irradiatum
863 1588 1001 1630 caelesti,
1025 1600 1128 1621 susci-

378 1641 453 1674 tavit
481 1640 568 1674 illum
596 1650 723 1685 pascere
742 1637 836 1672 lsrael
854 1637 1005 1683 populum
1021 1649 1127 1680 snum,

377 1689 507 1724 electam
535 1697 661 1735 gentem
684 1687 895 1733 Ungarorum.
913 1685 1032 1719 Deinde
1061 1686 1128 1718 1;111-

377 1738 490 1773 damus
507 1738 654 1784 pietatem
665 1735 948 1770 sublimitatistuae
965 1735 995 1768 in
1011 1734 1126 1773 Deum,

377 1796 408 1822 et
434 1787 642 1822 reverentiam
674 1797 747 1831 erga
777 1785 882 1819 sedem
911 1783 1126 1830 apostolicam,

377 1836 428 1871 cui
451 1836 557 1870 divina
570 1835 706 1882 patiente
730 1833 944 1868 misericordia
959 1832 1046 1867 nullo
1061 1845 1128 1866 me-

377 1886 510 1920 ritorum
533 1892 711 1919 nostrorum
739 1883 887 1928 suth-agio
900 1882 1125 1928 praesidemus.

377 1935 460 1969 Tum
482 1946 555 1968 vero
582 1934 758 1979 largitatem
781 1931 987 1970 liberalitatis,
1009 1943 1070 1976 qua
1091 1930 1126 1964 B.

377 1983 472 2018 Petro
499 1982 714 2030 apostolorum
739 1981 886 2027 principi,
918 1992 1070 2026 regnum,
1093 1992 1127 2013 110

378 2040 518 2078 gentem,
538 2032 630 2066 0111115
651 2031 714 2065 dux
736 2043 787 2070 es,
813 2037 990 2075 cunctaque
1012 2037 1065 2062 tna
1091 2040 1127 2062 ac

378 2090 410 2116 te
432 2082 537 2128 ipsum
564 2093 619 2128 per
641 2080 769 2114 eosdem
803 2080 923 2124 legatos
960 2085 991 2112 et
1022 2077 1128 2111 literas

378 2139 568 2177 perpetuum
585 2129 738 2163 obtulisse
753 2128 848 2173 digno
865 2126 1030 2173 praeconio
1039 2138 1128 2160 00111-

379 2179 576 2214 mendamus.
592 2178 660 2212 Hoc
681 2178 764 2212 0111111
789 2178 868 2211 sacto
881 2176 1007 2221 egregio
1022 2184 1127 2221 aperte

379 2236 511 2263 testatus
535 2240 579 2267 es,
606 2236 671 2262 etre
688 2239 759 2261 vera
780 2226 872 2260 talem
892 2233 921 2259 te
935 2225 1046 2259 merito
1059 2236 1128 2258 esse

379 2277 613 2320 demonstrasti,
633 2276 757 2322 qualem
780 2283 813 2309 ut
836 2287 893 2308 nos
920 2282 948 2308 te
970 2273 1128 2307 declarare

379 2326 593 2372 dignaremur,
616 2325 757 2359 studiose
774 2323 961 2370 expetit-isti.
977 2322 1040 2357 Sed
1059 2334 1129 2368 par-

378 2376 490 2410 cimus.
517 2375 629 2421 Neque
644 2375 727 2409 enim
752 2385 881 2408 11000550
903 2381 960 2411 051,
985 2381 1015 2405 111
1034 2384 1128 2418 quem

379 2432 425 2459 tot
445 2437 480 2458 ac
502 2424 573 2458 talia
602 2423 760 2470 praeclara
797 2435 852 2468 pro
880 2421 1007 2456 Christo
1044 2428 1129 2466 gesta

380 2473 516 2508 facinora
531 2485 608 2508 voce
639 2472 764 2519 publica
791 2472 943 2512 clamant,
971 2480 1130 2516 quemque

379 2521 467 2557 Deus
490 2523 556 2568 ipse
578 2521 791 2559 commendat,
814 2519 950 2566 amplius
966 2531 1131 2552 commen-

416 2600 455 2635 (a)
479 2601 554 2626 Rom.
581 2607 620 2625 tx.
649 2599 692 2626 16.
731 2598 769 2634 (b)
796 2597 895 2625 Daniel.
916 2605 946 2624 11.
974 2597 1019 2624 21.
1049 2597 1094 2623 22.

416 2640 452 2676 (c)
477 2641 549 2668 loan.
569 2648 588 2667 1.
609 2640 636 2667 9.

1175 364 1264 399 nobis
1285 372 1315 398 et
1327 366 1400 399 sede
1415 366 1585 411 apostolica
1595 364 1923 411 postulata,diadema‚

1174 425 1354 460 nomenque
1377 415 1510 459 regium,
1538 413 1786 459 Sti-igoniensem
1811 421 1926 448 metro-

1175 462 1270 508 polim
1293 471 1323 496 et
1347 463 1482 509 reliquos
1495 464 1706 510 episcopatus,
1722 462 1924 507 omnipoten-

1174 512 1210 545 tis
1232 511 1290 545 Dei
1312 524 1348 546 ac
1379 511 1540 546 beatorum
1573 511 1657 545 Petri
1682 520 1711 545 et
1732 510 1821 544 Pauli
1845 523 1925 557 apo-

1172 562 1338 604 stolorum,
1371 561 1440 595 eius
1466 561 1652 595 authoritate
1686 568 1923 606 praemonente,

1171 618 1264 655 atque
1279 609 1318 643 ita
1338 609 1466 644 iubente
1481 610 1593 644 eodem
1608 610 1826 654 omnipotente
1840 608 1921 652 Deo,

1171 670 1242 692 cum
1266 659 1435 704 apostolica
1470 667 1500 693 01
1523 667 1626 693 nostra
1650 658 1869 692 benedictione
1889 658 1922 691 li-

1172 706 1282 742 11011101
1307 708 1535 747 concessimus,
1561 707 1780 749 concedimus,
1802 715 1833 741 et
1861 707 1922 740 im-

1172 759 1334 802 pertimur.
1359 757 1504 801 Regnum
1527 769 1652 803 quoque
1671 769 1686 790 a
1706 755 1922 790 munificentia

1172 814 1222 839 tua
1240 806 1274 841 S.
1298 806 1391 840 Petro
1409 806 1562 848 oblatum,
1585 814 1677 851 teque
1701 818 1760 839 una
1783 817 1819 838 ac
1837 816 1924 850 gen-

1171 863 1245 897 tem,
1272 864 1303 889 et
1330 856 1490 889 nationem
1512 854 1699 899 Ungaricam
1726 862 1921 899 praesentem

1170 913 1197 937 et
1227 904 1362 938 futuram
1382 931 1390 943 ,
1428 904 1488 938 sub
1516 904 1708 950 protectione
1742 902 1776 937 S.
1813 914 1924 936 roma-

1171 965 1227 987 nae
1241 953 1400 987 Ecclesiae
1413 961 1623 999 acceptantes,
1639 951 1823 998 prudentiae
1838 959 1921 996 tuae,

1170 1002 1358 1036 haeredibus
1384 1014 1419 1036 ac
1436 1003 1584 1047 legitimis
1605 1001 1843 1036 suecessoribus
1858 1001 1923 1035 tuis

1171 1051 1364 1091 habendum,
1386 1052 1571 1090 tenendum,
1595 1051 1782 1096 regendum,
1804 1050 1923 1095 guber-

1170 1101 1307 1134 nandum
1328 1128 1336 1143 ,
1370 1112 1407 1134 ac
1441 1099 1666 1146 possidendum
1700 1099 1862 1133 reddimus
1891 1106 1923 1134 et

1169 1149 1371 1184 conferimus.
1390 1150 1451 1191 Qui
1466 1149 1593 1195 quidem
1614 1148 1776 1188 haeredes,
1798 1161 1834 1182 ac
1848 1160 1923 1182 sue-

1168 1210 1309 1234 cessores
1356 1199 1399 1233 tui
1453 1199 1669 1245 quicumque,
1716 1206 1921 1244 posteaquam

1170 1260 1225 1294 per
1251 1248 1418 1294 optimates
1445 1248 1585 1294 legitime
1607 1246 1698 1281 electi
1727 1246 1853 1286 fuerint,
1879 1253 1924 1280 te-

1169 1306 1303 1331 neantur
1329 1297 1477 1332 similiter
1499 1296 1591 1330 nobis
1618 1304 1647 1330 et
1682 1295 1922 1330 suecessoribus

1169 1347 1285 1380 nostris
1322 1359 1376 1392 per
1397 1359 1430 1379 se
1461 1346 1506 1379 vel
1545 1358 1599 1390 per
1627 1346 1746 1390 legatos
1781 1344 1919 1379 debitam

1169 1395 1393 1434 obedientiam,
1416 1407 1451 1429 ae
1476 1394 1679 1429 remit-entiam
1697 1393 1858 1434 exhibere,
1874 1405 1922 1427 se-

1168 1457 1230 1491 11110
1252 1453 1378 1478 sanetae
1400 1456 1547 1478 romanae
1561 1443 1734 1482 Ecclesiae,
1757 1443 1922 1489 (1111105111)-

1170 1494 1266 1527 ieetos
1300 1506 1360 1527 non
1395 1493 1488 1527 hahet
1517 1501 1547 1526 ut
1579 1504 1698 1535 servos,
1733 1491 1788 1526 sed
1817 1500 1849 1526 ut
1877 1492 1922 1526 fi-

1170 1542 1226 1575 lios
1239 1542 1369 1588 suscipit
1383 1543 1558 1579 universos,
1581 1541 1724 1575 subditos
1737 1553 1805 1574 esse
1819 1548 1922 1575 osten-

1169 1592 1253 1634 dere,
1276 1601 1369 1637 atque
1399 1591 1427 1624 in
1452 1591 1605 1624 catholica
1629 1590 1699 1630 fide,
1739 1588 1921 1636 Christique

1171 1640 1295 1673 Domini
1320 1652 1354 1674 ae
1373 1640 1544 1673 Salv-aleris
1570 1640 1667 1673 nostri
1692 1638 1843 1684 religione
1861 1639 1918 1673 fir-

1168 1690 1260 1723 miter
1274 1701 1484 1736 perseverare,
1507 1689 1705 1735 eandemque
1720 1700 1917 1734 promovere.

1168 1738 1206 1772 Et
1235 1739 1306 1784 quia
1330 1738 1475 1772 nobilitas
1495 1746 1544 1771 tua
1561 1738 1774 1783 apostolorum
1787 1737 1918 1782 gloriam

1169 1787 1368 1826 aemulando,
1388 1786 1597 1833 apostolieum
1622 1799 1736 1819 munus
1757 1782 1920 1820 Christum

1170 1836 1399 1883 praedicando,
1435 1836 1565 1882 eiusque
1589 1836 1680 1869 tidem
1717 1835 1918 1880 propagando

1169 1897 1277 1929 gerere
1302 1897 1363 1919 non
1397 1893 1443 1919 est
1470 1885 1649 1929 dedignata,
1678 1893 1864 1930 nostrasque
1890 1891 1922 1918 et

1169 1935 1332 1968 sacerdotii
1365 1934 1446 1968 vices
1485 1935 1632 1980 supplere
1668 1932 1800 1972 studuit,
1827 1940 1921 1979 atque

1169 1983 1382 2029 apostolorum
1411 1983 1585 2029 principem
1610 1994 1683 2028 prae
1705 1982 1837 2016 caeteris
1851 1983 1922 2016 sin-

1168 2032 1317 2076 gulariter
1344 2033 1514 2071 honorare3
1539 2032 1657 2065 idcirco
1679 2038 1709 2065 et
1732 2043 1790 2064 uos
1808 2031 1922 2076 singn-

1170 2082 1224 2115 lari
1245 2082 1374 2126 1115111101·
1397 2081 1559 2127 privilegio
1588 2079 1804 2114 excellentiam
1834 2088 1919 2114 tuam

1169 2138 1358 2176 tuorumque
1396 2131 1577 2164 meritorum
1616 2129 1730 2163 intuitu
1758 2128 1921 2170 haeredes,

1169 2191 1205 2213 ac
1231 2191 1431 2214 successores
1455 2188 1524 2213 tuos
1546 2178 1715 2224 legitimos,
1737 2177 1810 2224 qui,
1840 2178 1923 2212 sicut

1170 2228 1288 2263 dictum
1316 2236 1374 2267 est,
1396 2228 1501 2266 electi,
1525 2236 1619 2274 atque
1645 2239 1661 2260 a
1687 2226 1764 2261 sede
1785 2233 1922 2273 aposto-

1169 2277 1229 2312 lica
1250 2276 1413 2324 approbati
1439 2277 1566 2319 fuerint,
1588 2287 1673 2310 1111110
1694 2284 1724 2310 01
1758 2275 1921 2321 perpetuis

1171 2326 1283 2360 suturis
1306 2326 1500 2372 temporibus
1521 2325 1731 2359 condecorare
1746 2325 1921 2370 cupientes,

1171 2384 1205 2410 ut
1224 2383 1388 2422 postquam
1413 2383 1457 2418 tu,
1484 2382 1514 2408 et
1530 2374 1572 2408 illi
1595 2386 1722 2412 corona,
1738 2385 1833 2419 qnam
1848 2373 1922 2407 mit-

1170 2425 1279 2467 timus,
1301 2425 1358 2458 rite
1385 2424 1469 2457 iuxta
1504 2423 1670 2457 formulam
1705 2422 1816 2468 legatis
1859 2422 1922 2456 tuis

1171 2473 1315 2508 traditam
1337 2482 1517 2516 coronatus,
1546 2472 1591 2506 vel
1613 2473 1753 2506 coronati
1781 2470 1920 2506 extiteri-

1170 2523 1223 2565 tis,
1246 2534 1372 2556 crucem
1399 2529 1470 2555 ante
1503 2533 1536 2555 se
1563 2521 1756 2567 apostolatus
1782 2519 1919 2566 insigne,

1171 2579 1293 2618 gestare
1316 2570 1415 2604 facere
1444 2570 1547 2616 possis
1569 2578 1599 2604 et
1622 2570 1734 2608 valeas,
1758 2578 1852 2615 atque
1876 2568 1919 2602 illi

1172 2620 1293 2668 possint
1320 2619 1521 2667 valeantque:
1557 2627 1588 2654 et
1624 2619 1801 2653 seeundum
1836 2617 1921 2665 quod

1954 258 2006 286 An.
2022 259 2052 286 C.
2069 257 2138 287 1000

1954 326 2068 357 Diam-mn,
2096 334 2139 349 no-

1953 370 2046 393 menque
2055 363 2138 392 renium

1953 400 1972 421 ei
1998 398 2139 423 conceditur.

1978 439 2138 469 Strignntonsis

1953 475 2095 505 metropolis.

1953 776 2077 805 Eunflriue
2103 785 2141 799 n-

1955 819 2020 840 euun·
2038 816 2060 834 ct
2087 821 2142 843 gens

1956 851 2003 870 tnta
2019 847 2060 870 sub
2087 857 2141 879 pro-

1955 885 2054 906 tectione
2097 886 2142 908 no-

1955 927 2032 942 manae
2057 919 2140 943 Eccle-

1956 955 2001 977 siae
2018 956 2140 987 reeipitur;

1956 995 1978 1012 et
2015 991 2139 1021 possiden-

1954 1026 2006 1048 «tum
2029 1028 2140 1057 Stephnno

1955 1063 1983 1085 tt.
2003 1063 2142 1093 0105110010-

1955 1099 2039 1128 gitimitt
2050 1106 2141 1122 succen-

1955 1134 2042 1156 snribus
2053 1142 2142 1157 eonce-

1955 1169 2023 1192 ditur.

1955 1215 2059 1245 Stephani
2084 1224 2141 1238 suc-

1955 1258 2056 1273 cessores
2091 1252 2142 1274 sedi

1955 1287 2102 1316 Apostotteu
2119 1296 2141 1311 ο-

1980 1322 2115 1346 bediu-utiam

1956 1362 2070 1388 pressure
2103 1363 2142 1382 te—

1956 1398 2058 1418 111-1111111.

1956 1483 2020 1507 nom.
2039 1484 2141 1507 Ecclesia

1955 1519 2067 1542 subiectos
2099 1527 2143 1542 non

1955 1555 2022 1578 habt-2
2049 1558 2074 1577 ut
2091 1563 2141 1578 ser-

1956 1597 2007 1620 vos,
2041 1590 2080 1613 sed
2118 1595 2142 1614 111

1955 1627 2022 1650 titios.

1955 2246 2079 2275 Httngnriae
2106 2252 2142 2267 10-

1957 2282 2022 2312 gibus
2050 2288 2141 2303 crucem

1956 2322 2006 2340 ante
2034 2325 2068 2347 ue,
2101 2324 2141 2339 teu

1956 2351 2093 2382 apostolatus
2106 2352 2141 2374 in—

1957 2389 2020 2418 signe
2054 2390 2141 2417 gesture

1979 2423 2119 2452 conceditur,

1986 2459 2141 2487 Ecelesiisqne

1955 2501 2002 2520 turn
2048 2493 2140 2523 erectis,

1955 2538 2001 2556 tum
2029 2528 2141 2560 erigendis

1955 2572 2075 2602 episcopos
2102 2573 2142 2589 ot·-

1955 2609 2041 2631 dinus.
