2237 3127
181 2348 319 2371 l'rncemium.

575 339 610 386 S.
648 334 894 386 HADRIANUS
929 335 942 382 l

653 415 745 444 mm
768 412 862 443 xcvlt

401 472 492 506 Αηηο
516 482 605 504 aerae
627 470 741 504 Christi
765 479 872 502 comm.
900 466 1118 501 DGCLXXII.

385 540 608 626 Hadri-anns,
660 580 785 615 natione
833 590 982 614 romanus
997 606 1005 619 ,
1048 577 1130 613 tilius

381 632 551 673 Theodori,
578 631 617 666 de
637 630 763 677 regione
776 628 833 664 Via
853 628 941 669 Lata,
965 640 1005 662 ex
1032 627 1065 662 S.
1088 627 1126 662 R.

383 682 418 717 E.
446 682 578 716 diacono
600 680 762 716 ordinatus
784 678 923 726 pontifex
946 677 996 712 die
1022 677 1129 712 domi-

379 732 450 767 nica
472 734 493 766 9
529 730 676 766 februarii
703 740 786 764 anno
810 730 891 774 772,
913 727 994 762 sedit
1026 739 1128 762 anuos

381 794 481 822 xxiii,
504 793 630 815 menses
645 792 678 820 x,
702 779 770 813 dies
792 790 874 819 xvii,
897 777 1127 824 imperantibus

381 830 589 866 Constantino
609 829 823 876 Copronymo⁷
846 839 919 862 mox
935 827 1053 869 Leone,
1076 826 1128 862 de-

380 881 452 915 inde
479 879 687 915 Constantino
717 878 836 913 Iraenis
862 877 912 918 F.‚
941 889 977 912 ac
1011 876 1126 912 Carolo

378 930 493 977 Magno
538 941 622 976 rege.
672 928 761 963 Fecit
799 926 1011 962 ordinationes
1047 926 1125 961 duas

377 992 484 1014 mense
511 980 641 1023 martio,
674 978 789 1025 quilius
821 976 1017 1023 inauguravit
1052 989 1125 1023 pre—

376 1029 519 1076 sbyteros
543 1028 797 1075 vigintiquatuor,
823 1026 974 1061 diaconos
991 1034 1123 1073 septem,

377 1079 543 1125 episcopos
572 1090 626 1125 per
647 1078 767 1112 diversa
795 1076 862 1111 loca
884 1088 1017 1110 numero
1049 1088 1123 1110 cen-

377 1136 442 1162 tum
465 1128 797 1174 octuagintaqttitique3
818 1126 857 1160 ad
880 1125 982 1160 Deum
1001 1125 1123 1159 transiit

374 1177 424 1212 die
446 1179 492 1212 25
515 1176 690 1212 decembris
711 1188 793 1210 anno
820 1178 901 1218 795,
929 1183 957 1209 et
979 1175 1121 1221 sequenti

373 1227 424 1262 die
444 1227 588 1274 sepultus
609 1234 656 1261 est
678 1227 708 1260 in
738 1225 863 1260 basilica
884 1225 920 1259 Β,
944 1223 1027 1260 Petri
1049 1236 1122 1272 apo-

374 1276 456 1312 stoli.
484 1276 554 1311 Non
582 1276 701 1311 vacavit
723 1274 826 1310 sedes.

736 1404 757 1439 l.

374 1482 541 1525 Deputatt'o
588 1478 702 1524 prioris
738 1478 873 1511 vestiarii
909 1483 1032 1510 sanctae
1067 1488 1119 1509 rn-

418 1543 528 1564 maitac
553 1530 702 1563 Ecclesiae
726 1530 754 1560 ιἰι
781 1528 910 1560 iudicem
930 1538 988 1571 pro
1018 1526 1117 1559 causis

418 1580 597 1614 monasterii
622 1579 776 1623 Fars'eusis
803 1578 863 1619 (l).

633 1646 847 1679 SUMMAIUUM

369 1710 557 1741 Prooemium.
584 1727 623 1732 —-
644 1710 793 1748 Frequens
812 1709 841 1738 in
864 1708 963 1737 causis
986 1708 1021 1737 ad
1044 1717 1117 1746 pon-

408 1752 515 1781 tificem
538 1750 730 1789 interpellatio
749 1750 823 1778 l'acta
842 1748 878 1778 ab
896 1748 1010 1777 abbate.
1028 1764 1066 1769 —-—
1086 1748 1116 1777 lit

407 1791 599 1830 expostulatio
628 1798 769 1829 personae
796 1789 831 1818 ad
860 1788 979 1817 easdem
1002 1788 1114 1817 diiudi-

406 1832 525 1861 candas.
541 1847 581 1852 —
595 1830 747 1869 Deputatio
765 1829 871 1868 prioris
887 1828 1019 1869 vestiarii
1039 1827 1066 1857 S.
1084 1827 1114 1857 ll.

404 1871 450 1908 Ε.,
473 1875 501 1901 et
519 1871 582 1900 eius
601 1878 819 1899 successorum.
836 1885 876 1890 —
893 1867 1007 1903 Quibus
1030 1868 1115 1897 datur

407 1915 532 1950 potestas
544 1920 631 1949 supra
647 1918 849 1949 quascumque
861 1917 1011 1948 personas,
1027 1907 1113 1937 etiam

404 1950 640 1986 ecclesiasticas,
668 1950 711 1979 vel
741 1954 853 1978 exteras
875 1952 929 1978 ete.
963 1964 1002 1969 —
1032 1947 1112 1976 Ana-

403 1992 497 2021 thema
520 1995 619 2020 eontra
638 1990 725 2019 liuius
743 1989 852 2019 decreti
869 1993 1112 2026 transgressores.

364 2054 492 2083 Hadrianus
506 2054 625 2092 episeopus
646 2061 723 2081 servus
744 2059 860 2081 servorum
876 2050 918 2079 Dei
936 2050 1035 2079 Probato
1059 2050 1113 2079 reli-

402 2094 467 2132 gioso
484 2093 578 2122 domino
595 2092 689 2121 amabili
713 2091 789 2121 abbati
817 2090 955 2120 venerabilis
980 2091 1112 2120 monasterii

401 2138 493 2163 sanetae
515 2133 555 2162 Dei
572 2132 694 2162 Genitrieis
708 2140 844 2170 semperque
867 2132 962 2167 virginis
977 2131 1062 2159 Mariae
1072 2130 1112 2159 ‹lo-

402 2174 478 2203 minae
497 2177 587 2202 nostrae
604 2172 640 2202 siti
657 2173 678 2201 in
694 2172 809 2201 territorio
827 2171 956 2208 Sabiuensi,
969 2174 988 2199 et
1001 2174 1049 2209 post
1060 2179 1111 2199 etun

403 2214 425 2243 in
443 2212 570 2242 venerabili
588 2212 728 2242 monasterio
745 2211 916 2241 stu·eessoi·ibus
928 2212 950 2240 iu
965 2214 1108 2249 perpetuum.

411 2275 492 2311 Cum
521 2276 656 2310 maxima
686 2274 778 2309 nobis
798 2273 1010 2308 solicitudinis
1036 2286 1111 2308 cura

363 2325 479 2360 insistit
500 2326 624 2360 solertia
651 2333 743 2371 atque
769 2324 886 2358 efficaci
909 2323 1015 2358 studio
1037 2335 1110 2369 erga

361 2375 481 2410 diversa
508 2383 687 2409 sanctorum
716 2374 781 2408 loca
803 2373 1036 2407 solicitudinem
1061 2385 1112 2419 ge—

363 2425 451 2459 rendi
479 2431 510 2459 et
531 2424 746 2459 indeficienter
768 2422 1001 2469 praecogitandi
1020 2434 1059 2456 ne
1080 2423 1109 2456 in

363 2475 457 2508 rebus
488 2473 536 2508 vel
571 2472 822 2520 possessionibus
854 2479 947 2518 atque
979 2471 1110 2506 caeteris

362 2524 407 2558 eis
429 2523 668 2570 pertinentibus⁷
693 2521 859 2556 utilitatum
877 2521 1042 2568 stipendiis
1057 2521 1110 2555 ali-

362 2573 488 2620 quando
522 2572 753 2608 commoditatis
791 2573 908 2605 iactura
942 2583 996 2618 per
1028 2582 1108 2617 qua-

362 2623 497 2658 rundam
526 2622 755 2668 insurgentium
777 2633 943 2657 causarum
977 2629 1108 2657 eventus

398 2679 440 2715 (t)
455 2680 494 2706 Ex
513 2678 623 2706 Archiv.
641 2678 726 2708 Vane.

968 275 1155 300 nouantem
1179 274 1247 296 ΗΘΜ
1254 274 1341 297 ‚th'it

1175 327 1399 376 quoquomodo
1424 327 1583 362 inseratur.
1626 326 1746 363 ideirco
1780 340 1918 376 congrua

1174 390 1232 413 nos
1254 378 1361 426 procul
1384 378 1479 413 dubio
1501 377 1762 413 considerationis
1784 391 1917 416 censura

1173 428 1330 468 convenit,
1352 440 1460 463 eorum
1482 426 1594 462 salutis
1618 427 1825 473 integritatem
1844 442 1918 477 pro-

1173 490 1294 518 curare,
1317 485 1347 513 et
1362 489 1483 521 omnes,
1501 488 1581 523 quae
1596 478 1719 512 cunctis
1741 485 1822 513 retro
1842 486 1917 514 tem-

1172 527 1301 574 poribus
1342 534 1593 574 supervenerunt
1628 539 1738 562 causas
1781 528 1917 564 iustitiae

1170 577 1232 611 telo
1254 577 1406 617 abscindi,
1429 585 1522 624 atque
1537 576 1597 611 sub
1619 576 1784 624 aequitatis
1799 577 1913 613 intuitu

1170 626 1305 667 deliniri„
1327 635 1359 661 ut
1385 639 1421 661 ex
1449 626 1509 661 hoc
1535 634 1564 661 et
1583 626 1768 661 eorumdem
1783 639 1916 663 venera-

1170 676 1279 711 bilium
1302 676 1455 720 locorum⁷
1482 676 1616 710 maxime
1638 676 1668 710 in
1695 676 1811 724 quibus
1832 678 1916 712 mul-

1170 726 1269 760 titudo
1291 726 1571 772 congregationum
1594 738 1754 761 servorum
1774 726 1832 762 Dei
1851 739 1916 762 mo-

1168 775 1339 810 nachorum
1367 776 1542 811 consistens
1560 775 1685 810 sedulas
1707 776 1912 823 Redemptori

1168 832 1275 859 nostro
1298 825 1411 860 referre
1430 825 1575 859 videntur
1593 825 1716 866 laudes,
1737 826 1914 861 stabilitatis

1167 874 1327 920 integritas
1349 874 1506 921 proficiam
1529 874 1683 922 nobisque
1705 875 1744 910 ob
1759 876 1852 911 liuius
1871 877 1912 923 pii

1166 924 1282 970 operis,
1303 924 1388 971 quod
1409 925 1560 970 gerimus,
1582 925 1720 959 studium
1736 925 1863 972 copiosa
1881 926 1911 961 in

1165 973 1296 1008 sidereis
1317 973 1441 1009 arcibus
1475 986 1491 1009 a
1520 986 1622 1008 rerum
1658 975 1801 1009 omnium
1840 975 1912 1022 opi—

1166 1023 1223 1057 liee
1249 1023 1385 1058 Domino
1407 1024 1475 1059 Deo
1502 1032 1607 1058 nostro
1639 1024 1835 1059 adscribatur
1861 1038 1912 1060 re-

1164 1074 1352 1108 muneratio.
1386 1072 1462 1108 ldeo
1489 1081 1612 1108 constat
1638 1073 1705 1108 Deo
1742 1074 1910 1110 amabilem

1165 1122 1398 1169 religiositatem
1419 1132 1502 1157 tuam
1518 1123 1609 1158 nobis
1625 1123 1798 1168 intimasse,
1821 1124 1911 1171 plura

1163 1171 1429 1207 incommoditatis
1451 1173 1565 1207 damna
1586 1182 1720 1208 vestrum
1735 1173 1909 1220 praefatum

1164 1222 1339 1257 venembile
1374 1223 1599 1257 monasterium
1637 1222 1667 1257 in
1700 1223 1767 1257 suis
1802 1224 1911 1271 utique

1164 1271 1362 1313 utilitatibus,
1382 1272 1411 1306 in
1432 1284 1480 1316 eo,
1507 1271 1593 1319 quod
1613 1271 1719 1317 plures
1737 1284 1773 1308 ac
1794 1272 1909 1308 diversi

1162 1321 1269 1356 nefarii
1297 1321 1441 1356 homines
1466 1328 1591 1356 nostrae
1612 1321 1829 1357 Romanorum
1852 1324 1911 1358 rei-

1163 1371 1306 1418 publicae
1333 1379 1395 1406 tam
1424 1383 1478 1418 per
1504 1370 1599 1412 furta,
1634 1384 1729 1418 quam
1753 1384 1809 1419 per
1830 1372 1908 1408 alias

1162 1433 1324 1467 perversas
1349 1421 1548 1468 operationes
1583 1421 1674 1468 plura
1696 1421 1776 1456 mala
1803 1421 1907 1457 eidem

1160 1478 1270 1505 sancto
1306 1483 1448 1517 ingerere
1486 1479 1659 1506 noscuntur
1697 1472 1905 1507 monasterio:

1161 1520 1245 1554 unde
1283 1520 1394 1555 crebro
1431 1533 1448 1555 a
1483 1528 1535 1555 tua
1572 1520 1774 1566 religiositate
1817 1521 1907 1557 nobis

1159 1569 1217 1604 liae
1244 1570 1283 1604 de
1304 1582 1337 1604 re
1363 1570 1572 1617 interpellatio
1595 1570 1672 1605 facta
1699 1579 1760 1611 est,
1788 1579 1823 1605 ut
1847 1584 1906 1606 no-

1158 1627 1222 1653 stro
1251 1620 1364 1654 intuitu
1391 1620 1571 1655 earumdem
1598 1632 1763 1654 causarum
1794 1621 1905 1656 merita

1160 1669 1402 1715 perpendentes,
1443 1678 1544 1705 vestro
1569 1670 1769 1704 studeremus
1794 1682 1906 1706 mona-

1157 1718 1254 1753 sterio
1282 1719 1431 1753 iustitiam
1460 1719 1608 1755 faciendi:
1644 1719 1727 1766 quod
1760 1719 1902 1766 quidem,

1157 1780 1214 1802 nos
1236 1768 1367 1803 diversis
1388 1781 1483 1816 super
1505 1769 1725 1814 ingruentibus
1742 1769 1843 1804 causis
1864 1782 1901 1804 ex

1157 1818 1242 1852 omni
1266 1826 1352 1865 parte
1372 1819 1591 1866 praeoccupati
1615 1830 1810 1865 nequaquam
1832 1830 1905 1854 con—

1157 1867 1245 1902 tinuo
1267 1868 1298 1902 in
1318 1868 1426 1903 vestris
1440 1868 1622 1903 decidendis
1636 1868 1738 1903 causis
1758 1875 1901 1904 nostrum

1155 1918 1393 1952 accommodare
1415 1918 1570 1953 valuimus
1590 1918 1749 1961 auditum,
1766 1930 1821 1964 pro
1839 1930 1902 1966 quo

1156 1966 1328 2001 laboriosae
1349 1975 1421 2002 tuae
1443 1968 1638 2015 religiositati
1667 1967 1712 2002 vel
1735 1967 1862 2002 directis
1883 1980 1900 2003 a

1155 2024 1184 2050 te
1207 2017 1370 2051 monacbis
1397 2017 1473 2052 utile
1495 2029 1564 2052 esse
1586 2017 1709 2051 videtur
1730 2016 1806 2051 dum
1828 2017 1899 2052 dila-

1154 2065 1247 2101 tionis
1269 2079 1355 2101 mora
1371 2067 1407 2100 ad
1425 2066 1549 2101 easdem
1574 2074 1690 2101 vestras
1707 2066 1898 2102 decidendas

1153 2127 1262 2150 causas
1292 2117 1465 2162 pervenire,
1488 2116 1529 2150 Et
1549 2128 1623 2151 ecee
1645 2116 1756 2151 abnixe
1779 2128 1836 2150 nos
1849 2128 1900 2151 re-

1153 2164 1352 2211 ligiosissime
1377 2165 1434 2199 Dei
1457 2166 1558 2200 cultor
1579 2165 1775 2212 dignosceris
1798 2178 1900 2213 popo-

1153 2215 1260 2256 scisse,
1283 2224 1316 2249 ut
1337 2229 1373 2249 ex
1396 2215 1491 2250 nostri
1515 2227 1646 2263 persona
1668 2215 1900 2250 studuissemus

1152 2264 1283 2310 adorari,
1306 2265 1359 2312 qui
1381 2264 1449 2300 sine
1472 2272 1576 2300 nostra
1597 2265 1813 2312 inquietudine
1834 2277 1899 2300 eas-

1152 2313 1223 2349 dem
1247 2323 1364 2350 vestras
1386 2327 1496 2350 causas
1510 2314 1667 2349 subtiliter
1688 2321 1897 2362 perscrutare;

1152 2363 1302 2411 vobisque
1337 2364 1471 2399 iustitias
1504 2365 1604 2399 facere
1637 2363 1785 2404 deberet,
1812 2363 1896 2415 quod

1151 2413 1278 2460 quidem
1325 2413 1533 2449 libentissime
1573 2422 1643 2448 tuae
1690 2413 1897 2460 religiositatis

1151 2463 1298 2510 precibus
1320 2471 1493 2498 annuentes
1523 2463 1553 2497 id
1568 2492 1576 2508 ‚
1599 2462 1682 2511 quod
1706 2475 1721 2498 a
1743 2470 1773 2498 te
1795 2474 1897 2510 expe-

1150 2513 1241 2547 titum
1263 2521 1321 2553 est,
1344 2513 1466 2547 effectui
1488 2513 1756 2560 mancipavinms;
1778 2512 1895 2548 consti-

1151 2570 1274 2597 tuentes
1296 2575 1332 2597 ex
1355 2564 1451 2597 nostri
1476 2575 1607 2610 persona
1635 2562 1820 2598 Miccioaem
1835 2574 1895 2597 no-

1151 2613 1260 2647 tarium
1284 2613 1510 2659 regionarium,
1540 2621 1568 2647 et
1598 2613 1731 2660 priorem
1761 2611 1894 2647 vestiarii

1149 2670 1274 2698 sanetae
1294 2661 1465 2704 Ecclesiae,
1487 2671 1580 2711 atque
1602 2663 1671 2697 eius
1691 2673 1804 2698 omnes
1827 2673 1898 2698 suc·

1951 280 2003 306 An.
2026 280 2053 307 C.
2084 281 2133 308 772

1970 1536 2081 1564 Frequens
2100 1537 2120 1557 in

1939 1572 2011 1591 causis
2024 1571 2051 1592 nd
2065 1573 2122 1593 Pun-
2164 1577 2169 1581 ¹

1938 1607 2019 1629 [ilici-m
2054 1608 2122 1629 inti-r-

1937 1643 2028 1672 pellatio
2064 1643 2122 1666 saeta

1937 1677 1962 1700 ab
1980 1677 2066 1709 abbate3

1932 2139 1957 2160 Et
1971 2140 2115 2168 expostulatio

1932 2182 2040 2202 personae
2088 2177 2114 2198 ad

1932 2211 2018 2233 easdem
2056 2212 2111 2234 diiu-

1933 2245 2046 2269 dicandas.

1927 2545 2043 2574 Deputat'i·
2059 2549 2109 2577 pri-

1926 2581 1970 2602 ιιι-ις
2012 2584 2109 2605 »ostiarii

1925 2618 1947 2638 S.
1979 2618 2002 2639 tt.
2022 2619 2057 2648 Ε,
2088 2624 2109 2643 «ιι

1925 2653 1972 2674 cius
1984 2661 2107 2678 successo—

1924 2691 1980 2715 rumg
