2237 3127
367 334 398 344 ι..
504 349 507 350 V
718 339 740 344 ,ν

781 373 880 396 mccx
904 373 1117 397 RUBRICARUM
1597 362 1632 393 7t
1645 362 1663 392 7

181 425 267 464 XIII.
289 427 430 462 Farfensi
452 428 604 463 coenobio
633 429 855 463 monasterium
891 428 924 463 S.

280 477 440 512 Laurentii
469 478 497 512 in
526 478 619 512 Macri
648 479 795 512 comitatu
829 477 926 512 Cam-

280 527 395 573 panino
422 527 618 567 conceditur,
639 528 719 561 526.

182 574 267 609 XIV.
289 575 496 610 Confirmatio
517 575 672 610 bonorum
688 585 718 610 et
733 576 846 610 iurium
862 588 927 610 om-

280 625 366 659 nium
394 625 426 660 S.
452 626 632 659 Portuensis
654 625 827 669 Ecclesiae,
844 629 923 659 527.

180 672 250 708 XV.
272 673 441 708 Decretum
464 675 798 709 excommunicationis
819 684 924 709 contra

277 723 435 759 invasores
449 723 603 758 bonorum
626 723 844 758 Cluniacensis
864 736 928 758 mo-

278 773 416 817 nasterii,
444 773 503 807 nisi
531 773 749 817 satisfecerint,
771 775 852 807 552.

404 873 590 909 10ANNEs
611 840 714 908 xlxi

178 967 202 1003 I.
227 968 428 1014 Privilegium
447 967 480 1002 S.
505 967 616 1015 Sylvae
632 967 793 1003 Candidae
816 969 928 1003 Eccle-

277 1018 366 1056 siae,
402 1030 464 1064 quo
497 1018 543 1052 eis
578 1017 658 1051 bona
680 1019 783 1052 omnia
811 1018 928 1053 confir-

277 1075 412 1110 mantur,
435 1067 565 1113 eiusque
587 1067 745 1114 episcopis
769 1068 926 1115 perampla

278 1117 306 1150 in
320 1116 460 1151 Ecclesia
476 1116 509 1151 S.
526 1116 608 1150 Petri
624 1116 742 1151 Romae
756 1126 785 1151 et
804 1118 926 1152 civitate

277 1165 417 1200 Leonina
440 1166 611 1200 iurisdictio
634 1167 829 1207 conceditur,
844 1169 924 1201 555.

180 1214 218 1250 ll.
261 1214 364 1249 Insula
391 1214 562 1249 Gradensis
584 1228 654 1250 cnm
678 1216 762 1249 omni
792 1217 856 1250 iure
889 1217 925 1251 ad

279 1263 473 1299 Gradensem
519 1265 722 1310 patriarcham
751 1267 926 1311 spectanti,

276 1313 419 1360 Popponi
433 1314 626 1360 Aquileiensi
639 1315 834 1351 conceditur.
845 1321 863 1349 ὅ
874 1318 890 1349 lt
901 1320 907 1348 l
920 1344 925 1349 .

182 1363 236 1399 Ill.
258 1363 475 1409 Privilegium,
498 1363 639 1409 Popponi
663 1364 855 1410 Aquileiensi
875 1378 928 1410 pa-

283 1413 433 1447 triarchae
445 1425 641 1451 concessum,
653 1413 800 1456 irritatur,
810 1414 928 1448 etGra-

278 1462 383 1497 densis
403 1462 540 1496 Ecclesia
564 1463 711 1497 Venetiae
732 1475 766 1496 ac
793 1463 928 1497 Histriae

282 1512 464 1558 metropolis
491 1511 704 1551 confirmatur,
728 1514 808 1546 545.

180 1560 233 1595 IV.
255 1560 404 1595 Sanctum
427 1560 597 1594 Martialem
618 1561 752 1607 primum
783 1561 928 1595 Lemovi-

279 1621 405 1644 censem
441 1609 623 1656 episcopum
647 1610 778 1656 apostoli
802 1611 928 1645 nomine

279 1658 502 1706 appellandum
525 1671 593 1694 esse
616 1659 800 1699 declaratur,
820 1662 901 1694 546.

180 1707 219 1742 V.
241 1707 409 1742 Canonicis
439 1708 561 1743 Pisanis
584 1708 664 1743 bona
699 1718 729 1742 et
765 1709 926 1756 privilegia

280 1757 384 1791 omnia
412 1758 597 1791 auctoritate
619 1758 787 1804 apostolica
810 1760 929 1793 confir—

281 1815 416 1849 mantur,
445 1809 526 1840 547.

181 1854 234 1889 Vt.
256 1855 347 1902 Hugo
375 1855 660 1891 Autissiodorensis
680 1856 849 1904 episcopus
870 1857 929 1892 ab-

280 1905 421 1948 solvitur,
445 1909 525 1939 548.

185 1953 251 1988 vlt.
286 1953 485 1989 Cluniacensi
523 1955 712 1990 monasterio
744 1955 928 1990 donationes

281 2016 390 2050 regum
413 2012 443 2038 et
465 2004 665 2051 principum,
690 2005 833 2052 bonaque
860 2017 928 2039 om-

281 2054 330 2087 nia
377 2053 623 2089 confirmantur:
669 2063 698 2089 et
745 2055 927 2089 omnimoda

281 2102 466 2137 conceditur
489 2103 613 2138 libertas
644 2104 674 2138 in
698 2104 850 2150 regimine
865 2117 930 2138 mo-

281 2152 420 2196 nasterii,
451 2164 611 2187 sacrorum
634 2153 782 2188 ordinum
815 2166 850 2188 ac
874 2166 928 2188 su-

280 2202 440 2248 sceptione
459 2229 467 2242 ,
508 2202 690 2248 praesertim
736 2203 765 2237 in
807 2203 928 2238 abbatis

282 2250 447 2291 electione,
481 2253 562 2286 549.

330 2352 597 2388 BENEDICTUS
629 2353 782 2389 NONUS.

185 2448 208 2482 1.
248 2447 454 2483 Confirmatio
495 2447 648 2483 bonorum
688 2449 853 2489 omnium,
893 2449 930 2483 ab

283 2498 408 2532 Atlione
438 2497 632 2532 Florentino-
651 2499 801 2545 episcopo
835 2511 930 2533 cano-

284 2547 363 2581 nicis
410 2546 597 2582 cathedralis
643 2547 727 2582 illius
774 2548 931 2583 Ecclesiae

285 2609 519 2636 concessorum,
543 2598 623 2631 551.

186 2645 224 2681 ll.
259 2646 460 2692 privilegium
502 2646 659 2693 episcopis
701 2656 730 2681 et
772 2646 932 2682 Ecclesiae

283 2695 395 2743 Sylvae
416 2695 575 2729 Candidae
596 2708 780 2731 concessum
799 2708 815 2730 a
833 2696 933 2732 Bene-

285 2744 368 2780 dicto
390 2745 451 2780 PP.
474 2744 531 2790 IX,
554 2747 633 2779 552-

967 428 1018 462 Ill.
1031 427 1307 462 Consecrationein
1321 427 1440 460 abbatis
1454 426 1532 461 sacri
1548 425 1712 461 Cassinen-

1064 478 1106 511 sis
1127 476 1270 511 coenobii
1288 477 1323 510 ad
1339 476 1507 511 Summum
1526 476 1710 510 Pontificem

1064 527 1280 561 tantummodo
1327 534 1468 572 spectare
1509 525 1688 560 decernitur
1704 553 1711 565 ,

1063 576 1267 622 eiusdemque
1302 575 1445 609 coenobii
1482 575 1560 609 bona
1597 575 1713 610 confir-

1066 633 1199 663 mantur,
1220 627 1301 659 561.

968 674 1019 708 IV.
1037 674 1238 708 Canonizatio
1249 674 1326 708 beati
1339 674 1498 708 Simeonis
1511 673 1712 720 Syracusani,

1064 724 1195 770 eiusque
1219 724 1391 758 festivitatis
1415 723 1579 763 institutio,
1603 725 1684 756 562.

968 772 1004 806 V.
1027 772 1232 807 Confirmatio
1254 773 1407 806 honorum
1423 772 1564 806 omnium
1577 772 1615 805 al)
1630 772 1712 806 Ilm·-

1067 822 1196 861 brando.
1220 822 1398 863 Lamberto,
1421 830 1451 856 et
1473 821 1607 864 Athone,
1639 821 1714 856 Flo-

1068 872 1198 905 rentinis
1216 871 1383 918 episcopis,
1404 871 1592 906 monasterio
1607 870 1712 905 Sancti

1066 921 1202 954 Illinintis
1224 933 1460 963 concessorum,
1484 922 1565 954 5565.

970 969 1018 1004 VI.
1048 970 1229 1004 ¹&nnnllatio
1257 979 1284 1005 et
1325 971 1452 1004 irritatio
1487 970 1714 1015 cuiuscumque

1066 1019 1167 1054 bullae
1185 1020 1231 1053 ius
1248 1020 1449 1054 concedentis
1468 1020 1714 1065 PopponiAqui-

1066 1069 1174 1103 leiensi
1212 1069 1405 1114 patriarchae
1433 1069 1464 1103 in
1506 1069 1632 1103 Gradus
1658 1071 1714 1103 in-

1066 1119 1239 1157 sula,5ssl.

1179 1219 1429 1256 GREGORIUS
1450 1220 1503 1255 VI.

968 1315 991 1348 I.
1014 1315 1230 1361 privilegium,
1253 1328 1315 1362 quo
1347 1315 1528 1350 suburbano
1559 1316 1714 1351 Perronae

1068 1365 1257 1398 monasterio
1275 1364 1381 1399 Sancti
1395 1364 1537 1406 Quintini
1554 1365 1592 1400 de
1608 1366 1714 1401 Monte

1067 1414 1147 1448 hona
1170 1414 1271 1447 omnia
1296 1414 1533 1458 confirmantur,
1555 1428 1590 1449 ac
1622 1428 1714 1459 prae-

1066 1463 1156 1509 cipue
1181 1463 1257 1497 cella
1280 1464 1433 1509 quaedam
1458 1465 1486 1497 in
1512 1476 1588 1509 pago
1616 1463 1714 1499 Vero-

1068 1512 1242 1551 mandensi,
1256 1513 1284 1545 iu
1301 1512 1452 1546 honorem
1470 1513 1528 1547 SS.
1553 1513 1714 1548 Trinitatis

1066 1573 1101 1595 ac
1123 1561 1155 1595 S.
1187 1561 1331 1603 Quintini
1367 1562 1509 1609 martyris
1536 1572 1714 1598 constructi

1068 1611 1293 1657 privilegioque
1339 1611 1451 1645 donata
1498 1611 1536 1646 ab
1578 1611 1715 1647 Henrico

1065 1659 1239 1694 Galliarum
1263 1672 1346 1703 rege,
1372 1663 1453 1695 568.

969 1709 1007 1744 Il.
1043 1709 1182 1743 Ecclesia
1217 1709 1250 1744 S.
1296 1709 1432 1744 Donnini
1469 1710 1550 1744 iuxta
1585 1711 1713 1746 fluvium

1068 1759 1188 1793 Arnum
1209 1759 1385 1806 praeposito
1406 1767 1436 1794 et
1458 1760 1619 1795 canonicis
1642 1760 1717 1795 Flo-

1069 1808 1207 1843 rentinae
1225 1808 1384 1843 Ecclesiae
1398 1809 1584 1844 conceditur
1599 1811 1629 1845 in
1644 1823 1717 1858 per-

1069 1865 1210 1904 petuum,
1233 1859 1314 1892 569.

972 1907 1021 1941 ΙΙΙ.
1044 1906 1246 1941 Confirmatio
1283 1907 1527 1954 privilegiorum,
1561 1908 1715 1944 bonorum

1066 1964 1097 1990 et
1134 1956 1245 1990 iurinm
1276 1959 1453 1992 monasterii
1490 1957 1596 1993 Sancti
1631 1959 1715 1994 Petri

1067 2005 1197 2040 Perusia
1214 2033 1222 2049 ,
1242 2008 1324 2040 570.

970 2054 1021 2089 IV.
1045 2054 1249 2089 Confirmatio
1279 2056 1513 2102 privilegiorum
1537 2069 1553 2091 a
1575 2057 1717 2092 Summis

1070 2104 1275 2139 Pontificibus
1315 2117 1537 2141 concessorum
1573 2106 1714 2142 Farfensi

1068 2155 1268 2194 monasterio,
1291 2156 1372 2189 57⁶2.

1117 2255 1315 2292 CLEMENS
1333 2258 1570 2295 SECUNDUS.

971 2351 994 2385 l.
1035 2351 1120 2386 quta
1162 2352 1351 2387 Pontificum
1380 2353 1503 2388 decreta
1521 2382 1529 2394 ,
1559 2354 1717 2390 Ecclesiae

1070 2401 1234 2436 Fnldensis
1242 2403 1499 2449 exemptionibus
1513 2404 1716 2443 confirmatis,

1020 2491 1024 2495 ⁵
1069 2451 1136 2485 eins
1158 2450 1320 2485 abbatibus
1347 2452 1384 2485 ad
1414 2454 1460 2486 sui
1489 2453 1717 2496 defensionem,

1069 2500 1287 2547 episcoporum
1312 2513 1396 2534 more
1419 2501 1532 2536 Sedent
1553 2503 1715 2548 Apostoli-

1067 2550 1715 2596 camappellandifacultastribnitur,575.

972 2598 1009 2633 lt.
1033 2597 1214 2638 Decretum,
1238 2607 1270 2633 ut
1294 2599 1322 2633 in
1360 2608 1516 2646 posterum
1546 2601 1716 2636 Ravennati

1070 2648 1219 2694 episcopo
1247 2650 1407 2683 secundus
1435 2658 1505 2697 post
1539 2650 1716 2686 Romanum

1070 2697 1254 2732 Pontificem
1278 2698 1366 2732 locus
1385 2699 1414 2733 in
1430 2700 1573 2744 concilio,
1590 2700 1718 2739 absente

1072 2747 1269 2795 imperatore,
1298 2748 1462 2792 tribuatur,
1490 2751 1571 2787 574,

2225 910 2237 967 Ans-¹.
2235 902 2237 907 .

2222 986 2237 1110 4—hk-

2229 2358 2237 2637 —m
2228 1385 2237 2340 ψ-ῃψιμ-...ι
2227 1205 2237 1380 -Α-ι
2234 1187 2237 1193 .
2227 1168 2237 1180 „-
