2237 3127
581 209 631 244 24

536 283 831 322 celeberrimum
858 288 1159 320 monumentum
1189 281 1402 318 accuratius
1428 293 1507 333 quo
1532 279 1613 318 fieri
1638 288 1790 332 poterat
1819 278 2078 326 exhiberetur,

531 345 627 382 illud
648 345 753 381 iuxta
773 343 965 381 laudatam
989 342 1199 380 editionem
1222 342 1536 379 Blanchinianam
1556 342 1696 379 iterum
1713 341 1814 379 dare.
1834 342 1922 379 Non
1950 340 2076 379 solum

532 406 638 444 enim
659 414 805 442 caetera
821 404 995 442 eiusdem
1014 404 1166 442 Decreti
1181 403 1427 455 exemplaria,
1441 416 1540 455 quae
1555 416 1643 440 cum
1660 403 1943 441 Fontaniniano
1961 401 2075 440 simul

531 481 551 504 a
566 466 790 504 Blanchinio
803 474 1127 518 repraesentatur,
1146 465 1408 503 emendatiora
1429 463 1609 512 sunt,sed
1623 472 1817 516 praeterea
1833 464 2075 515 singulorum

530 527 736 565 collatione
766 541 855 565 vera
890 540 933 564 ac
961 540 1143 577 germana
1169 525 1341 564 eiusdem
1371 526 1523 564 Decreti
1547 525 1658 564 lectio
1679 524 1824 563 facilius
1848 526 1896 563 ab
1913 525 2071 565 eruditis

530 588 742 627 lectoribus
772 588 896 639 colligi
916 597 1054 640 potest.

228 672 303 701 Haec
317 677 412 701 tamen
421 673 509 702 colle·
584 651 807 698 Caeterum,
832 650 1008 703 quamvis
1028 650 1121 688 haec
1148 663 1249 687 nova
1270 649 1442 687 collectio
1462 657 1615 687 tantum
1636 647 1890 700 amplitudine
1909 657 1948 687 et
1964 650 2072 702 copia

193 709 507 780 Εξῑίῗηῇρξὼξξὲῃωῖῑέἔ
533 713 684 766 priores
707 727 843 751 omnes
860 711 1072 759 antecellat,
1088 711 1199 750 altius
1223 720 1351 750 tamen
1383 711 1616 763 principium
1645 724 1725 748 non
1755 711 1890 758 sumit,
1918 724 2036 762 quam
2055 727 2075 751 a

191 781 507 822 potequaebullqsmon
531 790 561 815 s.
584 776 728 813 Leonis
749 775 878 826 Magni
898 774 1136 825 pontificatu,
1162 774 1294 825 quain
1316 787 1358 811 re
1375 787 1394 810 a
1412 773 1700 812 Cherubiniana
1721 781 1958 811 caeterarum
1981 774 2076 812 ube-

191 817 351 888 ἓὲξῖῗὲὲῑιῗε
374 817 507 853 epistolas
529 838 631 876 riore
646 851 724 875 non
740 836 943 888 discrepat:
956 836 1080 874 Bullas
1092 835 1208 882 enim,
1219 848 1299 872 non
1315 834 1523 872 decretales
1535 834 1728 885 epistolas,
1739 848 1757 871 a
1770 848 1831 871 me
1843 834 2075 885 colligendas

534 913 617 938 esse
639 899 781 950 putavi:
809 898 936 936 Bullae
965 911 1056 935 vero
1072 906 1160 935 ante
1182 898 1356 934 Leonem
1378 896 1501 934 nullae
1521 910 1540 932 a
1561 909 1622 933 me
1644 897 1822 933 inventae
1839 905 1942 944 sunt,
1968 897 2073 948 quod

533 975 669 999 causae
696 960 786 1008 fuit,
816 969 857 998 ut
885 959 932 997 fid
960 959 1134 997 Leonem
1161 972 1249 996 cum
1278 958 1427 1008 Angelo
1454 957 1680 996 Cherubino
1709 957 2000 1006 descenderem,
2025 972 2074 997 ne

526 1022 680 1061 alterius
697 1022 848 1073 generis
873 1030 1125 1059 monumenta
1145 1021 1409 1072 praemittens,
1429 1020 1663 1072 principium
1683 1033 1771 1056 cum
1792 1028 1928 1057 natura
1945 1021 2072 1071 operis

209 1103 288 1136 Quae
302 1104 426 1139 alioquin
442 1104 504 1132 vul·
525 1085 685 1122 minime
714 1097 933 1131 congruens
962 1097 1168 1121 assuercm.
1190 1083 1276 1120 Huc
1301 1081 1447 1119 accedit
1470 1082 1576 1133 quod
1606 1080 1813 1119 decretales
1836 1095 1973 1120 omnes
1993 1082 2073 1134 epi-

190 1139 413 1205 g‘ftffiugssgffim
436 1149 450 1168 ³
474 1141 504 1169 V·
525 1146 642 1184 stolas
673 1147 943 1184 Romanorum
981 1144 1212 1183 Pontificum
1241 1152 1330 1181 ante
1359 1158 1387 1181 s.
1425 1144 1596 1181 Leonem
1632 1156 1782 1181 summa
1817 1142 2072 1182 litteratorum

527 1209 704 1246 omnium
735 1207 846 1245 laude
872 1207 1043 1257 vulgavit
1077 1206 1120 1243 V.
1155 1206 1196 1244 C.
1228 1207 1364 1243 Petrus
1396 1206 1587 1244 Constant
1606 1205 1917 1255 congregationis
1937 1219 2072 1243 mona-

524 1269 687 1307 chorum
707 1270 829 1307 sancti
856 1268 1000 1316 Mauri,
1027 1282 1105 1321 quo
1135 1280 1251 1319 opere
1280 1267 1375 1304 nihil
1395 1267 1516 1318 magis
1545 1266 1804 1314 elaboratum,
1832 1275 1870 1304 et
1889 1266 2072 1306 omnibus

527 1331 698 1370 numeris
729 1330 951 1369 absolutum
980 1330 1189 1367 desiderari
1220 1338 1359 1381 potest.

188 1409 195 1423 ⁵
224 1409 359 1437 Nihiltam
375 1415 411 1436 01
426 1412 504 1443 parte
579 1392 678 1431 Illud
699 1392 857 1431 tandem
883 1392 1020 1431 ultimo
1046 1391 1132 1429 loco
1164 1391 1384 1437 adiicimus,
1412 1389 1518 1443 quod
1548 1389 1647 1428 sicut
1666 1403 1737 1427 nos
1758 1388 1852 1427 nulli
1873 1389 1996 1427 labori
2029 1399 2068 1429 et

189 1445 440 1479 ¹⁸⁰²¹¹⁵⁰r⁵⁵q¹¹³m
451 1444 505 1472 edi·
523 1455 736 1493 industriae
751 1454 1008 1507 pepercimus,
1024 1462 1066 1491 ut
1079 1453 1344 1491 collectionem
1361 1451 1459 1489 hanc
1479 1451 1606 1503 quoad
1628 1451 1708 1489 fieri
1726 1460 1888 1504 poterat,
1907 1451 2068 1490 uberem

189 1481 259 1508 toris
296 1481 444 1514 omissum,
474 1484 505 1508 ut

189 1516 273 1544 editio
284 1524 370 1552 quam
381 1516 504 1543 maxime
523 1525 561 1555 et
586 1518 810 1567 castigatam
835 1516 1118 1562 emitteremus,
1145 1529 1187 1552 ac
1204 1528 1253 1552 ne
1272 1513 1387 1566 quid,
1407 1513 1513 1565 quod
1540 1514 1778 1551 necessitatis
1807 1521 1873 1551 aut
1895 1513 2069 1552 utilitatis

188 1552 504 1624 giltigiiet‘iiiliibciiiiiim
523 1577 681 1616 alicuius
708 1578 882 1616 futurum
915 1586 1034 1624 esset,
1066 1577 1485 1629 praetermitteremus,
1509 1575 1562 1612 ita
1591 1574 1769 1613 librarius
1802 1575 1884 1627 ipse
1912 1575 2070 1614 certavit

523 1639 750 1688 nobiscum,
782 1648 825 1678 ut
852 1638 971 1677 editio
992 1639 1061 1677 ista
1081 1652 1198 1691 quam
1218 1638 1384 1676 maxime
1409 1645 1543 1674 ornata
1571 1645 1610 1674 et
1639 1636 1814 1675 absoluta
1835 1635 2010 1687 prodiret
2027 1638 2069 1676 in

523 1701 671 1749 lucem;
691 1715 781 1739 nam
805 1710 957 1754 praeter
976 1700 1110 1751 sigilla,
1130 1700 1277 1750 aliaque
1296 1700 1417 1750 signa,
1437 1712 1535 1751 quae
1554 1712 1642 1736 meo
1662 1699 1770 1737 iussu
1789 1699 1938 1737 curavit
1951 1699 2068 1738 incidi

523 1763 659 1815 ligneis
686 1763 825 1802 tabulis
852 1776 872 1800 a
901 1763 1139 1814 peritissimo
1167 1761 1330 1808 artifice,
1356 1761 1534 1798 omnium
1561 1760 1692 1798 icones
1720 1760 1951 1798 Pontificum
1981 1774 2068 1799 aere

523 1826 662 1864 incisas
687 1827 736 1863 ab
759 1825 833 1863 alio
861 1824 998 1877 opifice
1023 1824 1224 1876 praemisit
1250 1823 1489 1861 brevissimis
1510 1835 1606 1874 quas
1625 1821 1804 1860 dedimus
1823 1821 2066 1873 singulorum

524 1888 625 1935 vitis,
643 1901 712 1925 nec
732 1886 947 1940 quidquam
967 1886 1164 1937 impensae
1186 1894 1252 1924 aut
1271 1885 1490 1936 diligentiae
1509 1884 1652 1933 omisit,
1675 1883 1783 1937 quod
1802 1883 2011 1938 elegantiae
2028 1893 2067 1924 et

525 1949 752 2003 perfectioni
780 1949 908 2001 operis
928 1947 1114 2000 prodesse
1134 1956 1276 1999 posset.

224 2035 324 2066 Lector
337 2039 433 2070 labore
448 2047 503 2073 tam
578 2012 659 2049 Hac
683 2011 811 2061 igitur,
839 2010 1017 2063 quamvis
1037 2009 1202 2061 privata,
1226 2023 1297 2046 nec
1319 2008 1394 2047 ulla
1409 2008 1561 2061 publica
1582 2008 1808 2046 auctoritate
1824 2008 1932 2057 freta,
1953 2007 2066 2047 colle-

189 2071 318 2107 ifflbroho
333 2075 444 2106 fruatur
464 2085 505 2108 at·
524 2073 652 2111 ctione
679 2081 812 2110 nostra
829 2071 1122 2124 qualiscumque
1140 2079 1215 2117 est,
1227 2071 1389 2108 candide
1407 2071 1544 2118 lector,
1564 2070 1708 2117 fruere3
1724 2083 1795 2108 nec
1812 2084 1938 2108 meam
1960 2070 2060 2109 forte

446 2102 454 2114 J

189 2114 306 2178 iiilg‘iiutsli
321 2113 505 2187 qliiilvgi’gi'ii}
527 2148 681 2173 accuses
700 2143 862 2172 aetatem
879 2134 988 2185 quasi
1003 2132 1174 2171 humeris
1186 2133 1311 2184 impar
1326 2146 1425 2171 onus
1440 2133 1636 2170 subierim.
1653 2132 1696 2170 Id
1711 2133 1813 2170 enim
1832 2131 2065 2171 vertendum

190 2178 330 2210 humanae
344 2184 504 2215 tribuam),
554 2197 559 2202 .
584 2197 589 2203 .
758 2211 765 2216 Ἴ
929 2196 934 2201 .
1356 2195 1362 2200 .
1455 2195 1461 2201 .
1480 2194 1486 2200 .
1548 2195 1553 2200 .
1682 2195 1703 2201 ..
1774 2195 1779 2200 .
1830 2194 1835 2200 .
1884 2194 1890 2200 .
1926 2194 1932 2200 .

189 2215 323 2248 firmitati.
526 2206 618 2234 vitio
632 2205 690 2234 est
704 2205 871 2249 systema
890 2195 1047 2247 aliquod
1064 2209 1211 2232 novum
1230 2203 1463 2245 excogitanti
1478 2208 1517 2231 1n
1532 2194 1726 2232 litterariis
1743 2193 1968 2246 diseiplims,
1983 2208 2063 2232 non

527 2267 656 2296 autem
686 2258 879 2295 collectori
909 2265 1255 2294 monumentorum
1281 2265 1467 2294 veterum.
1497 2255 1615 2305 Quod
1642 2257 1674 2293 si
1698 2255 2065 2308 reprehendendum

526 2318 689 2357 fortasse
706 2318 852 2370 aliquid
873 2318 943 2356 tibi
964 2326 1141 2356 occurrat
1159 2318 1198 2355 in
1219 2317 1333 2365 notis,
1349 2326 1386 2355 et
1409 2331 1472 2355 me
1488 2331 1572 2355 esse
1588 2316 1789 2355 hominem
1817 2317 1924 2355 scias.
1954 2316 2061 2355 Vale.

1138 2450 1452 2473 IMPRIMATUR

780 2487 807 2514 Si
827 2485 958 2513 videbitur
974 2486 1205 2513 Reverendissiino
1222 2486 1291 2513 Patri
1308 2486 1381 2513 Sacri
1398 2486 1487 2512 Palatii
1504 2486 1646 2521 Apostolici
1663 2486 1799 2520 Magistro.

1246 2538 1250 2541 ⁴
1418 2522 1464 2548 ΡΠ,
1483 2522 1570 2548 Smm
1590 2524 1715 2554 Arc-him.
1735 2523 1757 2547 Τ
1757 2523 1901 2548 heotlosien.
1923 2521 2023 2555 Vicesy.

1138 2602 1461 2625 IMPRIMATUR.

612 2640 659 2668 Fa.
677 2641 811 2669 ALorsius
830 2639 968 2668 Nmomus
982 2639 1094 2666 Rmorm
1114 2640 1218 2666 Ordinis
1235 2640 1464 2671 Praedicatorum,
1480 2639 1554 2665 Sacri
1579 2639 1670 2669 Ραῖαι·
1694 2639 1831 2672 Αμοειοῖίσί
1846 2638 1980 2671 Maqistm

649 2695 861 2710 W

957 2695 1053 2720 ’ἢ

956 2722 958 2724 .
973 2720 996 2727 ,v
1010 2720 1050 2731 ..Ἴ
