2237 3127
238 267 290 297 An.
321 270 350 299 C.
370 270 423 302 965
510 270 548 303 Η
558 269 579 301 2

1034 273 1223 298 Remmium!
1251 273 1413 296 umnam!

2010 271 2064 301 An.
2094 270 2123 300 C.
2143 270 2194 301 967

457 334 622 369 reductum
650 337 706 365 est.
735 329 784 364 Ab
810 328 879 363 eius
907 326 993 362 obitu
1021 327 1060 362 ad
1077 327 1205 362 loannis
1242 331 1353 359 loannes
1377 330 1516 366 episcopus
1535 337 1629 359 servus
1652 337 1791 360 servornm
1819 330 1884 364 Dei,
1912 337 1986 359 reve·

456 383 527 418 XIII
566 381 749 416 electionem
789 378 907 412 vacavit
942 377 1033 411 sedes
1064 376 1204 422 legitimo

457 431 602 480 pontifice
621 441 738 463 annum
764 441 789 472 1,
816 438 941 462 menses
967 426 1031 461 fere
1058 438 1108 460 111.

681 611 862 660 IOINNES
896 610 974 658 xttt

716 694 809 723 PAPA
832 692 943 723 CXXXV

450 757 544 790 Anno
569 766 659 788 aerae
689 753 804 786 Christi
828 764 937 786 comm.
966 751 1199 786 DCCCCXLV.

449 831 580 910 lueone
606 871 767 916 antipapa,
790 868 919 903 ineunte
945 868 1070 902 circiter
1090 878 1199 901 meuse

447 921 560 955 martio
586 921 659 955 anni
687 921 772 961 9155,
795 918 975 961 demortuo,
990 916 1125 951 Romani
1142 916 1200 950 Be-

448 970 609 1005 nedictum
635 969 801 1014 petierunt,
816 968 870 1002 sed
887 980 957 1002 cum
975 968 1034 1000 iam
1058 966 1197 1006 obiisset,

445 1018 582 1054 Ioannes
621 1018 720 1057 XIII,
748 1019 874 1051 natione
917 1029 1077 1054 romanus,
1115 1015 1198 1049 lilius

447 1067 574 1103 Ioannis
601 1068 753 1114 episcopi,
776 1079 813 1101 ex
848 1066 1014 1101 Narniensi
1047 1065 1196 1112 episcopo

447 1119 589 1164 pontifex
621 1118 783 1152 ordinatus
829 1125 874 1150 est
909 1115 958 1150 die
993 1115 1151 1148 dominica
1185 1126 1196 1148 1

444 1169 562 1203 mensis
578 1166 716 1202 octobris
737 1166 811 1200 anni
833 1165 975 1200 eiusdem
1001 1169 1082 1198 965.
1105 1164 1197 1198 Sedit

444 1230 543 1251 annos
569 1230 611 1259 vi,
639 1228 763 1251 menses
785 1228 819 1249 xt
837 1243 844 1255 ,
873 1215 941 1248 dies
968 1226 988 1248 v
1008 1218 1064 1257 (ti,
1094 1214 1195 1260 inipe-

444 1268 584 1301 rantihus
627 1267 655 1300 in
691 1264 821 1301 Oriente
860 1264 1037 1309 Nicephorii
1065 1263 1193 1305 Phoca,

444 1315 519 1350 hinc
548 1316 661 1350 Ioanne
684 1315 833 1357 Zimisce,
866 1315 895 1347 in
919 1313 1091 1347 Occidente
1123 1325 1193 1346 vero

443 1365 569 1400 Othone
596 1366 710 1411 Magno
739 1364 837 1410 impp.
861 1363 963 1397 Vitam
995 1375 1065 1396 cnm
1094 1370 1193 1396 morte

443 1416 646 1449 eoninuitavit
674 1415 724 1448 die
753 1415 774 1447 5
802 1412 848 1446 wi
872 1414 892 1446 6
910 1411 1098 1458 septembris
1120 1413 1191 1445 anui

444 1468 527 1504 972),
555 1473 585 1499 et
607 1463 751 1510 sepultus
777 1471 821 1496 cst
842 1463 872 1495 in
897 1462 1022 1496 basilica
1042 1461 1078 1495 B.
1095 1461 1190 1495 Petri.

446 1513 570 1549 Vacavit
596 1514 688 1548 sedes
717 1524 841 1547 menses
869 1511 931 1546 fere
960 1523 1009 1545 ιιι.

803 1653 827 1688 Ι.

440 1728 562 1762 Erectio
590 1727 863 1771 Muqueburqensi's
882 1725 1060 1758 monasterii
1079 1726 1111 1757 in
1140 1735 1191 1757 (tr-

489 1779 757 1822 chiepiscopatum,
779 1784 804 1809 et
828 1775 1068 1817 illersburgyeusi's
1088 1775 1118 1806 in
1133 1775 1190 1817 epi-

489 1834 657 1871 scopatum,
692 1838 824 1870 quartem
856 1826 1062 1858 Ecclesiaruin
1097 1825 1190 1856 variis

488 1884 618 1921 utraque
635 1878 769 1910 donatur
788 1875 958 1919 pri'rileyii‘s
985 1875 1041 1916 (ΞΖ).
1138 1872 1141 1875 ’

710 1943 923 1975 ΞΗΜΧΙᾹΙΠΕΜ

439 2008 606 2039 Exordium.
626 2025 667 2030 -
687 2006 750 2038 Otto
768 2007 778 2036 l
801 2010 958 2037 coronatus
980 2014 1119 2035 romanus
1137 2005 1191 2034 im-

480 2054 605 2088 perator.
637 2065 677 2070 —-
703 2048 841 2077 Eiusdem
875 2047 978 2085 imper.
1009 2054 1111 2085 preces
1138 2054 1189 2083 pro

479 2088 648 2118 huiusmodi
677 2087 888 2117 erectionibus.
913 2103 953 2108 —
979 2084 1091 2115 Causae
1118 2094 1189 2113 con-

478 2128 633 2158 cessionis.
660 2145 697 2148 —
719 2127 831 2157 Erectio
854 2125 1115 2163 Magdebnrgensis
1145 2133 1190 2153 ar-

478 2169 725 2207 chiepiscopatus.
741 2184 780 2189 —-
794 2166 966 2196 Constitutio
985 2165 1190 2202 Mersburgen-

478 2209 521 2237 sis
540 2208 737 2246 episcopatus,
764 2207 887 2245 eiusque
911 2205 1114 2235 subordinatio
1143 2213 1190 2233 ar-

477 2248 574 2286 chiep.
596 2246 781 2284 Mugdeburg.
803 2263 843 2268 ——
859 2245 1017 2275 Concessio
1044 2244 1138 2274 Ottoni
1162 2247 1190 2273 et

478 2288 700 2317 successoribus
719 2292 748 2316 ut
767 2286 877 2315 noviter
899 2286 934 2314 ad
958 2286 1044 2314 tidem
1067 2293 1190 2313 conver-

478 2328 591 2363 temtos,
614 2328 661 2356 eui
689 2327 807 2355 libuerit
829 2326 957 2355 subdant
975 2324 1133 2354 Ecclesiae..
1150 2340 1190 2345 -—-

477 2366 613 2396 Facilitas
636 2365 879 2404 Magdeburgensi
898 2365 1027 2403 archiep.
1051 2364 1108 2393 sibi
1127 2362 1189 2392 suf·

478 2406 632 2444 sraganeos
651 2405 859 2435 constituendi.
881 2422 921 2427 -
937 2405 1099 2434 Anathema
1119 2413 1189 2432 con-

480 2450 522 2476 tra
539 2446 760 2476 inobservantes
781 2445 852 2474 haec
871 2445 997 2474 decreta.

475 2508 514 2543 (l)
533 2508 571 2534 Ita
596 2507 690 2542 legitur
710 2507 737 2533 in
753 2514 781 2533 ιιι
797 2509 824 2532 et
840 2514 867 2532 iv
884 2505 992 2541 Vignolii
1013 2505 1146 2539 catalogis,
1163 2508 1189 2532 et

439 2556 485 2574 sex
511 2548 567 2574 aliis
591 2555 624 2573 ex
649 2547 738 2573 Critic.
761 2547 856 2573 Baton.
875 2546 998 2581 praefixis
1022 2549 1048 2572 et
1072 2545 1188 2572 Farfensi

439 2587 579 2614 Chronico.
617 2587 656 2621 (2)
673 2587 712 2613 Ex
728 2594 790 2613 mss
809 2586 912 2620 Sagneti
933 2585 1056 2612 Germani
1076 2592 1089 2610 a
1110 2585 1188 2612 Prato

438 2627 521 2653 edidit
537 2628 673 2654 Martenne
692 2627 717 2652 in
735 2629 799 2653 tom.
817 2634 836 2658 1,
856 2625 906 2652 col.
928 2625 978 2651 5¹7
1009 2624 1067 2650 Vct.
1089 2624 1186 2659 Script.

438 2671 464 2694 et
480 2669 644 2695 Monument.
663 2675 732 2695 nova
747 2666 819 2700 coll.,
838 2670 890 2694 etc.

1287 375 1452 404 tentissimis
1475 374 1658 403 confratribus
1683 376 1901 412 archiepiscopis,
1932 376 2000 411 epi-i

1288 420 1386 455 scopis,
1399 420 1553 453 abbatibus,
1567 420 1714 452 monachis,
1728 421 1899 455 primatibus,
1916 414 2000 449 omni?

1288 465 1359 492 clero
1388 465 1416 493 et
1438 465 1535 500 populo
1563 465 1592 492 in
1617 465 1723 497 Gallia,
1754 465 1910 498 Germania,
1939 452 2000 493 Bet-⁸

1287 510 1366 538 varia
1384 509 1552 538 constitutis.
1994 506 1999 543 ,Ι

1291 571 1446 613 Quotiens
1466 571 1504 606 ad
1532 571 1707 619 profectum
1731 583 1828 606 novae
1842 562 1997 607 christia-³

1243 621 1366 661 nitatis,
1393 622 1607 656 concessionis
1636 621 1851 667 firmitatisque
1891 622 1988 669 privi-

1244 670 1359 717 legium
1394 683 1411 705 a
1448 680 1553 705 sancta
1582 683 1708 705 romana
1737 670 1877 705 Ecclesia
1895 697 1905 714 ,
1935 671 1997 711 cui;

1242 719 1310 755 Deo
1336 728 1463 755 auctore
1485 721 1689 763 deservimus,
1716 720 1916 766 esposcitur;
1937 728 1986 755 to-

1242 770 1300 804 ties
1326 770 1410 804 omni
1438 769 1613 815 diligentia,
1631 771 1780 815 omnique
1802 781 1908 803 amore
1924 769 1997 809 im—¹

1243 820 1349 864 pertiri
1377 831 1490 866 operae
1518 819 1650 865 pretium
1668 819 1827 858 duximus,
1842 831 1879 853 ne
1898 819 1983 865 quod

1240 880 1313 914 erga
1348 869 1397 916 pia
1437 869 1590 903 desideria
1629 869 1817 915 propensius
1844 868 1983 915 impendi

1240 919 1404 958 convenit,
1431 917 1534 952 callidi
1563 918 1662 952 hostis
1689 918 1802 952 invidia
1825 919 1865 951 ob
1899 918 1986 952 desi-

1239 967 1322 1001 diam
1358 967 1571 1002 indesinenter
1603 968 1766 1013 subripiat.
1794 967 1883 1001 Totis
1909 976 1998 1012 ergo!

1240 1017 1367 1056 viribus,
1396 1017 1547 1051 carissimi
1575 1016 1696 1060 fratres,
1723 1016 1905 1051 certandum
1925 1016 1998 1060 est,'

1239 1075 1270 1099 nt
1297 1067 1577 1106 christianitatem,
1604 1079 1698 1113 quain
1727 1066 1812 1101 Deus
1839 1066 1986 1113 omnipo-

1239 1123 1305 1149 tens
1338 1129 1392 1163 per
1418 1128 1525 1151 servos
1557 1129 1632 1151 suos
1670 1116 1795 1150 caelesti
1835 1116 1985 1162 trophaeo

1238 1167 1389 1209 extendit,
1417 1174 1447 1201 et
1475 1166 1628 1212 provehit,
1656 1173 1761 1200 nostro
1787 1176 1914 1211 quoque
1930 1146 1998 1211 per¹

1236 1226 1306 1248 euin
1331 1216 1486 1250 adiutorio
1509 1216 1538 1249 iu
1562 1214 1673 1249 eodem
1699 1214 1862 1249 solidetur.
1890 1213 1997 1270 Nunc!

1237 1276 1307 1298 vero
1332 1265 1387 1299 Dei
1404 1273 1552 1311 operante
1574 1264 1754 1306 clementia,
1779 1263 1984 1298 charissimus
2010 1273 2063 1295 ouo
2090 1273 2100 1295 1
2122 1280 2193 1295 eoro-

1234 1322 1264 1347 ct
1286 1314 1569 1349 christianissimus
1585 1314 1666 1348 lilius
1693 1321 1798 1348 noster
1821 1325 1876 1347 rex
1893 1312 1981 1355 Otto,
2009 1311 2074 1350 ΡΜ·
2090 1316 2194 1333 ‘⁰¹¹²'¹¹⁸¹'

1234 1362 1363 1397 devictis
1392 1364 1549 1407 barbaris,
1575 1363 1722 1409 gentibus
1748 1362 1984 1402 scilicet,aliis-
2010 1347 2139 1375 imper-tor.

1233 1424 1294 1458 que
1318 1426 1410 1459 qnam
1447 1413 1612 1460 pluribnS,
1636 1421 1668 1447 ut
1700 1412 1737 1446 ad
1766 1411 1981 1447 defensionem

1232 1472 1357 1496 sanctae
1380 1463 1436 1497 Dei
1463 1463 1621 1497 Ecclesiae
1645 1461 1867 1508 triumphalem
1890 1461 1984 1495 victo-

1233 1511 1295 1545 riae
1319 1512 1440 1558 imperii
1464 1512 1589 1546 culmen
1615 1524 1670 1559 per
1696 1524 1753 1545 nos
1780 1511 1901 1545 abeato
1921 1509 1980 1545 Pe-

1232 1568 1279 1594 tro
1301 1562 1515 1607 apostolorum
1549 1562 1689 1608 principe
1716 1561 1891 1606 susciperet
1923 1571 1981 1594 co-

1232 1621 1358 1651 ronam;
1385 1623 1540 1645 summam
1564 1619 1594 1645 et
1609 1610 1827 1648 universalem,
1848 1609 1898 1643 cui
1912 1608 1982 1643 Deo

1232 1660 1447 1705 praesidemus
1468 1668 1608 1703 auctore,
1635 1659 1712 1694 adiit
1738 1659 1857 1693 sedem.
1877 1658 1982 1700 Quem

1233 1717 1361 1754 paterno
1379 1710 1492 1744 affectu
1520 1709 1739 1755 suscipientes,
1763 1709 1803 1742 ob
1825 1707 1983 1742 defensio-

1232 1770 1303 1792 nem
1344 1758 1377 1793 S.
1406 1759 1463 1794 Dei
1502 1759 1665 1793 Ecclesiae
1699 1758 1730 1792 in
1758 1758 1979 1804 imperatorem

1230 1819 1302 1841 cuin
1340 1808 1418 1843 beati
1455 1809 1538 1842 Petri
1569 1807 1788 1842 benedictione
1815 1807 1977 1841 unximus.

1231 1856 1377 1904 Cumque
1399 1859 1429 1892 in
1457 1859 1587 1892 ecclesia
1606 1857 1642 1891 B.
1672 1857 1756 1891 Petri
1781 1856 1913 1903 apostoli
1939 1855 1979 1890 de

1230 1915 1328 1950 statu,
1356 1916 1387 1942 et
1422 1908 1575 1954 regimine
1609 1906 1704 1941 totius
1745 1906 1980 1941 christianitatis

2041 595 2171 619 Exordium.

2005 1912 2108 1935 Eiusdem
2145 1913 2189 1935 im·

1230 1963 1420 1997 tractantes,
1448 1969 1527 2004 quae
1555 1956 1640 1991 utilia
1668 1962 1764 1996 sunt,
1791 1955 1909 1989 utiliter
1929 1966 1981 1989 se·
2005 1956 2190 2007 ¹²22hu3u¹2233

1230 2006 1368 2040 cundum
1407 2006 1508 2041 Deum
1545 2013 1775 2043 tractarentur,
1820 2003 1976 2050 praefatus
2004 1992 2186 2043 iii-actionibus..

1232 2055 1392 2100 piissimus
1420 2057 1589 2102 imperator
1600 2054 1687 2097 Otto,
1700 2054 1831 2101 qualiter
1850 2053 1974 2097 Stavos,

1222 2107 1308 2150 'quos
1324 2105 1390 2151 ipse
1412 2105 1537 2146 devicit,
1554 2105 1584 2139 in
1603 2104 1754 2139 catholica
1778 2103 1838 2137 [iile
1855 2103 1976 2137 noviter

1230 2153 1435 2197 fundaverat,
1458 2163 1582 2189 nostrae
1610 2153 1743 2188 innotuit
1774 2152 1975 2199 paternitati;

1230 2203 1412 2249 deprecans,
1442 2212 1472 2238 et
1499 2204 1612 2238 obnixe
1630 2203 1803 2249 postulans,
1826 2214 1864 2236 ne
1891 2213 1976 2242 oves,

1229 2265 1307 2299 quas
1330 2253 1396 2300 ipse
1416 2255 1446 2288 in
1469 2253 1596 2287 Christo
1627 2252 1826 2298 adquisierat,
1853 2250 1894 2285 ob
1919 2263 1978 2297 pa-

1229 2303 1322 2336 storis
1365 2302 1574 2338 defectionem
1598 2330 1606 2341 ,
1652 2302 1777 2347 antiqua
1820 2300 1977 2346 serpentis

1230 2352 1362 2386 versutia
1405 2352 1630 2387 dominaretur.
1666 2352 1713 2384 Ad
1760 2351 1840 2384 hanc
1874 2350 1978 2396 itaque

1231 2402 1411 2446 petitionem
1448 2414 1624 2441 assensum,
1653 2403 1762 2433 fratres
1788 2398 1977 2439 charissimi,

1229 2451 1340 2485 merito
1369 2451 1582 2498 praebuimus.
1615 2450 1703 2484 Totis
1731 2460 1806 2494 ergo
1827 2447 1975 2482 medullis

1229 2500 1344 2543 cordis,
1362 2509 1455 2546 prout
1475 2500 1606 2546 dignum
1629 2507 1688 2542 est,
1711 2506 1744 2532 ut
1765 2497 1883 2532 novella
1899 2497 1978 2532 haec

1232 2549 1381 2595 plantatio
1402 2561 1497 2596 super
1524 2550 1672 2584 verticem
1689 2547 1805 2582 montis
1829 2547 1860 2580 in
1877 2554 1975 2593 petra,

1227 2611 1308 2645 quae
1334 2597 1479 2633 Christus
1500 2606 1557 2642 est,
1572 2597 1731 2637 fundetur,
1759 2595 1974 2636 intendamus,

1229 2648 1314 2683 dabit
1338 2648 1417 2682 vires
1435 2648 1486 2695 qni
1514 2647 1671 2682 neminem
1688 2647 1752 2680 vult
1774 2645 1884 2693 perire.
1908 2643 1975 2679 Cu-

2001 2389 2083 2412 Gaas-o
2090 2397 2186 2413 conte·-

2002 2425 2080 2449 sionis.
