2237 3127
55 323 108 350 An.
130 322 158 351 C.
184 323 236 350 495

54 688 67 707 S
82 686 115 708 di<
135 687 237 715 Aposto-

82 1391 140 1418 Quae
166 1390 233 1412 Sedes

50 1427 150 1447 Aentimn
167 1426 192 1448 nd
211 1435 233 1448 se

49 1461 154 1483 reduci-re
171 1463 232 1484 mul-

52 1497 146 1518 tisuriitiii

37 1534 113 1554 duvii.

184 1504 232 1520 [ΡΠ-

47 2380 121 2403 Nullus
139 2381 230 2410 episco-

45 2425 84 2447 piis
148 2419 215 2446 prima

44 2453 106 2475 Sedis
124 2453 228 2475 indii-inin

43 2489 113 2510 vitm-e
146 2493 207 2518 roten
200 2493 227 2514 s,t

854 328 878 350 S.
908 327 1062 350 GELASH'S
1090 328 1097 349 Ι
1123 327 1171 349 ΙΨ.

265 379 342 428 quid
366 379 403 415 de
427 379 488 415 fide
510 388 540 415 et
561 381 786 416 communione
813 381 962 416 catholica
990 388 1021 415 et

266 431 441 477 apostolica
455 430 632 470 definierat,
647 432 925 470 iiiiiiiutarent,nec
942 443 1019 464 nova

266 491 462 526 quemquam
496 480 676 526 prolapsum
720 480 920 514 damnatione
948 492 1021 526 pei·-

265 529 427 569 celleient,
462 531 517 563 sed
551 529 635 564 illius
669 538 777 563 tenore
810 530 937 569 decreti,
960 530 1018 563 nisi

265 579 485 625 resipuissent„
512 587 677 614 censerent
699 591 767 613 esse
795 578 968 626 damnatos.

312 628 332 674 g
359 629 392 662 6.
417 627 541 670 Quibus
575 628 798 662 convenienter
825 630 869 670 (ut
898 628 1017 662 dictum

265 682 323 711 esti
346 690 383 711 ex
406 684 532 724 paterna
555 677 722 711 traditione
751 677 924 723 perpensis,
947 689 1020 711 coii-

135 733 159 745 “¹¹
187 725 218 745 ’Τί
266 726 406 766 lidimtis,
428 726 510 772 quod
536 726 640 760 nullus
668 726 727 768 iam
750 727 900 760 veraciter
926 726 1018 760 cliri—

264 776 384 810 stianus
406 776 527 821 ignoret
543 776 791 821 uniuscuiusque
812 775 922 822 synodi
941 787 1018 809 con-

265 825 421 864 stitutum,
444 826 529 870 quod
553 825 736 858 universalis
758 824 917 858 Ecclesiae
943 837 1017 871 pro-

263 873 345 907 bavit
368 886 528 913 assensus,
553 886 613 907 non
637 873 772 920 aliquam
793 874 891 919 magis
905 875 1014 920 exequi

264 923 371 956 sedem
416 935 487 968 prae
530 923 660 957 caeteris
708 931 851 969 oportere
867 951 875 966 ,
921 935 1015 969 quain

263 972 408 1018 primam,
424 984 503 1018 quae
526 981 556 1006 et
581 984 835 1019 unamquamque
857 972 1013 1019 synodum

260 1033 314 1055 sua
348 1022 531 1055 auctoritate
563 1022 750 1061 confirmat,
779 1029 809 1056 et
835 1022 1013 1056 continuata

264 1070 479 1105 moderatione
521 1071 678 1110 custodit,
715 1083 771 1117 pro
798 1083 856 1105 suo
897 1071 1014 1105 scilitet

263 1120 451 1166 piiiicipatti,
467 1133 560 1167 quem
584 1099 694 1155 beatiis
721 1121 833 1154 Petrus
854 1121 1014 1166 apostolus

260 1169 388 1203 Domini
429 1182 504 1204 voce
547 1178 730 1217 peiceptum
775 1173 829 1213 (a),
871 1170 1012 1204 Ecclesia

263 1219 470 1254 nibilominus
491 1220 718 1267 subsequente
732 1220 874 1254 etteiiuit
889 1232 1013 1267 semper

261 1277 291 1303 et
313 1276 436 1303 retinet.

310 1317 330 1364 g
355 1322 384 1352 7.
413 1318 498 1353 Haec
521 1318 596 1353 dum
620 1317 764 1352 Acatium
792 1318 885 1352 certis
922 1331 1012 1353 com-

262 1368 391 1413 perisset
415 1368 539 1402 indiciis
565 1380 582 1402 a
609 1368 833 1402 communione
860 1368 1010 1402 catholiea

264 1416 416 1456 dex-tasse,
439 1417 558 1452 diutius
579 1418 637 1451 ista
661 1429 721 1451 non
737 1417 880 1457 credens,
895 1418 1011 1464 quippe

262 1478 354 1512 quem
378 1475 504 1501 noverat
526 1475 749 1513 exequiitoreni
779 1479 869 1512 saepe
899 1479 1010 1501 neces-

260 1515 358 1550 sariae
372 1516 589 1563 dispositionis
611 1528 685 1550 stiae
707 1524 813 1550 contra
838 1517 1010 1551 haereticos

258 1565 409 1605 extitisse,
434 1578 488 1612 per
513 1566 684 1600 triennium
709 1566 770 1600 sere
792 1565 887 1599 literis
905 1565 1010 1600 desti-

259 1615 349 1653 natis,
371 1615 518 1649 eumdem
549 1628 676 1649 monere
698 1627 760 1649 iioii
783 1614 913 1657 destitit,
928 1616 1010 1650 sicut

260 1676 314 1710 per
340 1663 482 1699 diversos
505 1664 598 1699 missa
620 1664 800 1712 frequenter
827 1665 940 1710 scripta
968 1674 1009 1699 te-

257 1721 388 1748 stantur.
425 1714 548 1756 Quibus
571 1714 622 1749 ille
650 1727 721 1749 cnm
746 1713 851 1748 debito
883 1714 1008 1749 silentio

256 1763 308 1797 diu
331 1776 394 1798 non
424 1763 617 1811 respondere
651 1773 851 1810 proponeret,
885 1765 1007 1810 episeo-

259 1813 338 1857 palis
359 1825 487 1860 quoqne
508 1813 623 1848 directa
645 1813 760 1859 legatio
782 1822 839 1856 est,
866 1825 901 1847 ac
924 1814 1005 1847 iiilii-

258 1862 394 1897 lominus
425 1863 536 1909 pagina
569 1862 734 1901 destinata,
761 1875 841 1909 quae
863 1875 1006 1909 praeuio-

261 1919 359 1951 neret,
383 1924 455 1946 eum
478 1924 608 1946 suorum
643 1920 714 1946 ante
744 1924 924 1946 meminisse.
950 1925 1006 1957 ge-

257 1969 389 2002 storum,
407 1970 438 1996 et
453 1973 533 2008 quae
552 1961 695 2007 primitus
713 1973 767 2008 pro
779 1961 839 1996 side
853 1962 1002 1995 catholiea

257 2010 451 2054 desudasset,
466 2019 609 2057 oportere
630 2011 793 2057 respicere.
818 2011 1005 2046 Coiitestaiis

257 2069 286 2093 et
317 2059 510 2095 blandiendo
538 2061 651 2106 pariter
677 2069 706 2094 et
730 2060 888 2104 minando,
911 2073 950 2095 ne
972 2074 1004 2095 se

256 2123 270 2142 :i
290 2121 422 2156 corpore
443 2110 613 2144 catholicae
635 2110 764 2144 unitatis
796 2109 1003 2150 abscinderet,

255 2159 413 2206 simulque
445 2159 595 2206 qnoniam
633 2159 718 2194 liiinc
751 2159 907 2203 Ioannes,
941 2173 1005 2195 sae-

255 2208 375 2242 cundae
409 2209 494 2243 sedis
526 2210 663 2249 antistes,
697 2209 845 2255 gravibus
867 2210 1004 2256 pulsaret

255 2258 404 2297 obiectis;
426 2259 464 2292 ad
494 2259 610 2305 primae
637 2258 722 2294 sedis
748 2259 934 2293 audientiam
950 2272 1004 2294 co-

255 2306 398 2342 hortatus
411 2316 468 2347 est,
483 2308 528 2342 vel
545 2309 649 2342 venire
662 2308 787 2349 debere,
803 2309 849 2343 vel
870 2309 1001 2343 mittere.

255 2356 343 2391 Licet
364 2358 447 2391 enim
475 2358 614 2405 synodus
645 2357 783 2392 iteranda
816 2371 876 2393 non
910 2367 1002 2397 esset,

219 2426 230 2439 t-
256 2414 360 2440 tamen
394 2416 599 2453 congrueret,
624 2415 656 2441 tit
681 2407 851 2442 cuiuslibet
872 2409 1004 2442 civitatis

255 2456 447 2510 episcopuS,
486 2457 604 2503 primae
644 2457 727 2492 sedis
761 2457 910 2492 iudicium
941 2471 1002 2492 iion

257 2506 375 2545 vitaiffet
391 2505 428 2539 ad
444 2506 526 2561 quod
544 2515 731 2541 convenerat
752 2507 907 2542 secundae
921 2508 1004 2542 sedis

256 2555 396 2595 antistes,
419 2556 472 2601 qui
497 2557 553 2589 nisi
576 2568 592 2590 a
616 2556 713 2603 prima
735 2557 808 2591 side
825 2569 885 2591 non
901 2566 1003 2612 posset

256 2605 367 2644 audiri,
391 2605 558 2652 praecipue
579 2607 632 2652 qni
659 2619 700 2652 pr.
695 2620 728 2639 ιιι
723 2606 877 2640 iudicatis
891 2607 1004 2640 animis

258 2654 318 2688 null
324 2666 339 2688 a
362 2654 482 2701 synodo
508 2667 524 2689 a
551 2654 680 2690 Giaecis
709 2655 820 2691 luisset
845 2657 1004 2701 exclusus,

289 2710 330 2748 (ιι)
347 2711 439 2738 Μιιιιιι.
460 2712 501 2739 ιῦ.

334 2754 410 2785 Ball.
435 2755 510 2786 Rom.
537 2755 592 2787 Vol.
613 2754 636 2787 I.
752 2783 759 2788 ι
804 2757 835 2789 (5

1696 319 1707 348 1
1724 318 1764 349 13

1061 381 1154 415 etiam
1176 379 1259 427 apud
1282 393 1336 416 eos
1362 392 1487 416 causam
1503 392 1604 425 snam,
1626 392 1684 415 nec
1708 392 1809 427 possi-i

1061 431 1191 464 omnino
1213 429 1316 465 dicere
1331 457 1340 474 ,
1368 442 1425 465 nee
1447 430 1585 471 deberet,
1608 431 1679 477 quia
1703 430 1741 464 ab
1765 431 1807 464 iii-

1062 479 1226 514 serioribus
1260 480 1418 526 episcopis
1452 480 1554 526 potior
1587 480 1644 513 nisi
1671 492 1686 514 a
1712 481 1809 526 prima

1061 529 1135 563 sede
1153 529 1246 572 (sicut
1267 529 1385 563 dietum
1409 533 1465 572 est)
1489 529 1536 564 rel
1558 529 1669 563 discuti
1689 530 1809 576 potuis-

1060 586 1117 618 set,
1146 578 1193 612 vel
1225 578 1250 612 si
1279 579 1317 612 ita
1351 579 1426 613 ratio
1459 579 1669 624 postulasset,
1707 579 1808 613 addici

1060 627 1165 667 etiam,
1187 628 1308 662 cunctis
1330 628 1533 662 orientalibus
1559 628 1717 674 episcopis
1739 641 1809 662 cuni

1060 676 1128 722 ipso
1155 677 1264 710 Acatio
1300 677 1329 710 iii
1366 677 1450 711 Petri
1473 678 1696 712 communione
1724 679 1810 712 reci—

1059 725 1217 765 dentibus,
1240 738 1311 760 cum
1339 726 1496 760 secundae
1523 727 1607 761 sedis
1643 727 1810 774 episcopus

1059 775 1231 809 catholicus
1253 775 1291 808 ab
1318 783 1462 810 externae
1491 777 1723 810 communionis
1750 777 1809 812 lio-

1058 823 1197 857 minibus
1218 832 1299 858 esset
1323 824 1500 859 nullatenus
1519 825 1602 859 iudic
1606 826 1716 859 ι.ιιιιΙιι5

1105 873 1178 919 §8-
1202 872 1263 907 Sed
1287 874 1419 908 Acatius
1449 887 1510 909 nou
1533 875 1635 908 soluiii
1664 875 1837 921 despexit*

1057 922 1234 956 satisfacere
1257 923 1429 968 postulatis,
1452 936 1558 958 verum
1583 924 1674 958 etiam
1705 925 1805 971 ipsam
1831 949 1856 962 ,ιι

1057 972 1242 1017 legationem
1266 972 1553 1026 sedisapostolicae
1571 973 1805 1008 blandimentis
1831 1018 1834 1020 -
1860 982 1910 1006 νὴ.
1931 991 1936 1002 ι

1057 1021 1215 1067 piaemiiS,
1240 1022 1450 1069 periuriisque
1476 1022 1664 1078 deceptam,
1691 1023 1807 1071 quibus

1055 1071 1081 1104 ei
1116 1083 1187 1105 cum
1224 1070 1414 1118 imperatore
1446 1072 1613 1119 promisit,
1652 1072 1726 1106 inte
1718 1085 1802 1115 ι*ιιιιι

1057 1120 1210 1165 praesulis
1251 1120 1416 1167 apostolici
1443 1134 1568 1156 causam
1597 1122 1635 1156 de
1659 1122 1807 1156 omnibus

1054 1182 1123 1204 esse
1144 1171 1339 1215 servandam,
1368 1170 1451 1205 Petri
1479 1172 1703 1206 communione
1731 1173 1806 1219 pol-

1055 1219 1149 1253 lutam
1187 1220 1289 1254 iedire
1322 1198 1472 1267 peifecit,
1500 1222 1530 1255 in
1557 1229 1676 1255 tantuin
1720 1221 1805 1255 sedi

1054 1269 1244 1314 apostolicae
1265 1269 1444 1316 dispiciens
1467 1278 1664 1318 potestatem,
1688 1279 1720 1305 ut
1742 1283 1803 1305 noxi

1053 1318 1154 1352 sulum
1187 1319 1254 1353 eius
1281 1320 1454 1353 auctoritati
1485 1333 1546 1355 non
1574 1321 1720 1364 cederet,
1748 1322 1801 1355 sel

1052 1368 1144 1401 etiam
1169 1369 1272 1414 potins
1296 1369 1324 1402 iii
1348 1370 1540 1404 consortium
1569 1371 1802 1405 communionis

1053 1425 1197 1451 externae
1222 1431 1276 1464 pei·
1303 1418 1422 1463 legatos
1455 1432 1529 1453 suos
1557 1421 1708 1454 niteretur
1743 1422 1801 1454 al)-

1052 1466 1178 1506 ‹lucere,
1203 1467 1351 1514 fieretque
1374 1469 1562 1514 apostolicae
1593 1469 1657 1503 sedi
1692 1482 1802 1503 nece».-

1051 1516 1126 1550 sitas
1148 1528 1201 1551 eos
1221 1517 1316 1563 ipsos,
1339 1530 1418 1564 quus
1433 1518 1587 1553 direxerat
1610 1519 1800 1557 sacerdoti-22,

1050 1565 1169 1599 bonore
1193 1567 1306 1612 pariter
1321 1576 1350 1600 et
1364 1569 1588 1602 commuuione
1613 1569 1745 1614 privare,
1763 1582 1801 1604 ize

1052 1616 1100 1649 tali
1124 1616 1309 1658 contagione
1333 1616 1489 1651 videretur
1512 1617 1636 1658 infecta,
1663 1618 1800 1664 satisque

1052 1673 1248 1708 iiionstraict,
1265 1678 1325 1699 non
1342 1678 1374 1700 se
1388 1666 1489 1700 Acatii
1505 1668 1681 1713 specialiter
1697 1668 1799 1702 odissi·

1051 1727 1228 1760 personam,
1252 1715 1304 1748 sed
1330 1728 1475 1761 respuere
1507 1716 1630 1751 foedera
1661 1718 1798 1762 perdito-

1050 1776 1129 1802 rum,
1152 1777 1232 1810 quae
1259 1765 1351 1798 etiam
1380 1766 1409 1799 in
1432 1766 1497 1800 suis
1518 1766 1720 1813 pontificibus
1742 1767 1798 1801 de-

1049 1821 1156 1847 testata
1173 1815 1396 1849 convenienter
1417 1815 1570 1859 horreret,
1590 1816 1796 1851 nibilominus

1047 1870 1149 1897 antem
1176 1863 1271 1897 literis
1293 1864 1359 1898 suis
1376 1863 1507 1899 Acatius
1530 1866 1690 1905 indicarat,
1715 1876 1743 1900 et
1767 1867 1796 1900 iii

1047 1911 1251 1947 Alexandrini
1269 1912 1352 1947 Petri
1368 1926 1400 1948 se
1415 1915 1684 1955 communionem,
1700 1928 1792 1962 quem

1047 1962 1180 2008 expetita
1204 1962 1286 1995 sedis
1305 1964 1492 2009 apostolicae
1507 1965 1700 2005 miiictoiitate,
1724 1977 1798 1999 exe-

1047 2020 1161 2058 quutor
1203 2012 1268 2057 ipse
1307 2025 1433 2060 quoque
1475 2014 1688 2058 damnaieiat
1726 2014 1796 2049 sine

1046 2060 1188 2095 ciusdem
1222 2062 1410 2107 apostolicae
1444 2063 1527 2098 sediS
1552 2064 1793 2103 consultatione,

1048 2111 1279 2157 promptissime
1320 2112 1480 2157 recidisse,
1507 2121 1537 2147 et
1563 2114 1796 2147 accusationem

1050 2160 1186 2199 loannis,
1209 2160 1378 2207 laudesque
1399 2162 1483 2196 Petri
1508 2163 1633 2209 proprio
1651 2175 1797 2197 sermone

1046 2209 1179 2254 deferre,
1201 2209 1239 2244 de
1268 2210 1395 2256 quibus,
1428 2211 1452 2245 si
1488 2213 1593 2259 utique
1620 2212 1797 2246 confidebat

1046 2259 1156 2306 inagis,
1184 2259 1230 2294 rel
1258 2261 1373 2305 venire,
1402 2261 1447 2295 vel
1475 2262 1597 2296 mittere
1625 2262 1796 2305 debuisset,

1047 2318 1079 2342 iit
1100 2317 1129 2343 et
1153 2318 1346 2355 praesentem
1370 2311 1408 2345 de
1431 2311 1614 2351 mendaciis,
1642 2324 1720 2358 quae
1743 2311 1792 2345 di-

1046 2358 1145 2399 cebat,
1168 2367 1273 2405 posset
1295 2359 1455 2394 confutare
1477 2360 1638 2404 Ioannem,
1660 2369 1688 2395 et
1713 2373 1796 2406 prae—

1047 2408 1135 2442 conia
1158 2408 1256 2448 Petri,
1278 2422 1357 2456 qnae
1372 2410 1545 2456 digesserat
1560 2410 1795 2454 rationabiliter,

1046 2457 1202 2503 allegaret.
1225 2458 1317 2500 Quod
1340 2471 1410 2493 cuni
1432 2460 1559 2493 minime
1577 2460 1693 2499 feccrit,
1721 2460 1796 2494 satis

1046 2507 1207 2542 evidenter
1229 2508 1376 2552 ostendit,
1399 2521 1457 2543 nec
1482 2509 1629 2544 loannem
1649 2522 1682 2544 se
1705 2521 1795 2556 posse

1046 2557 1243 2601 convincere,
1256 2570 1311 2592 nec
1322 2558 1460 2604 legitime
1483 2566 1643 2605 receptum
1664 2559 1793 2593 Petrum

1048 2606 1160 2641 babere
1170 2606 1315 2642 fiduciam
1328 2607 1530 2654 perdocendi,
1547 2609 1712 2655 solumque
1728 2609 1787 2642 sibi

1047 2657 1230 2690 monstravit
1267 2658 1369 2692 inesse
1410 2658 1603 2704 propositum
1636 2657 1793 2692 lacerandi

1047 2706 1240 2748 catholicos,
1278 2706 1515 2755 haereticosque
1546 2707 1710 2749 latidandi3
1737 2719 1794 2744 se·-

1652 2778 1661 2783 ..
1673 2777 1731 2788 --wsq

1705 2794 1730 2805 “5

1834 322 1886 348 An.
1908 322 1937 349 C.
1965 323 2016 349 595
