2237 3127
868 332 962 353 wne<
991 333 1106 355 nuncu
1629 321 1701 353 6873

205 385 444 434 Herpipolensis
463 386 603 422 Ecclesia
630 385 821 433 episcopalis
842 387 933 420 sedes
956 387 1131 421 declaratur
1157 399 1173 421 a
1196 387 1347 422 Zacharia
1370 387 1449 427 PP.,
1481 389 1552 421 252
1576 388 1593 421 b
1629 396 1656 421 et
1686 399 1745 431 seq.

205 436 344 471 Hilarius
366 436 462 471 abbas
485 436 706 471 Vulturnensis
729 437 919 469 monasterio
947 448 1004 470 suo
1039 436 1071 470 S.
1107 435 1263 471 Vincentii
1292 437 1563 471 confirmationem
1593 436 1745 471 bonorum

307 487 460 529 omnium
489 485 735 525 immunitatum
760 484 890 531 privileg,
884 485 994 519 iorum
1019 485 1139 519 οΙιιιιιιῑ
1166 498 1180 519 a
1205 486 1317 530 Sergio
1339 486 1379 520 IV
1407 486 1484 529 PP.,
1513 490 1577 520 491
1609 499 1639 520 a.

205 534 442 570 Hildehtandus
465 537 634 590 episcopus
661 533 771 581 Sylvae
793 533 954 567 ΟιιιιιΙιιΙιιιε
982 535 1220 569 concessionem
1248 548 1305 569 stu
1341 535 1613 569 confirmationem
1647 535 1747 569 bono-

304 597 371 618 rum
395 585 536 619 omnium
563 584 602 619 ad
625 583 797 618 Ecclesiam
821 595 907 617 suam
933 584 1142 630 spectantium
1166 585 1285 619 obtinet
1307 596 1323 619 a
1346 584 1457 631 Sergio
1478 584 1520 618 Ill
1543 584 1620 628 PP.,
1645 589 1714 619 579
1730 587 1746 619 b

307 641 337 668 et
362 646 421 679 seq.

204 682 411 717 Hildesintlus
439 683 535 717 abbas
560 682 717 717 Rodensis
756 681 877 715 obtinet
910 693 926 715 a
962 681 1135 716 Benedicto
1162 681 1204 715 VI
1232 682 1292 716 PP.
1326 690 1358 717 ut
1393 683 1618 717 monasterium
1651 695 1744 717 snum

302 732 336 766 S.
360 732 442 766 Petri
466 732 524 765 sub
548 732 678 766 tuitione
693 731 786 765 Sedis
805 730 1004 777 >spostolicae
1021 731 1197 777 recipiatur,
1213 733 1468 779 confirmatisque
1482 732 1630 766 omnibus
1644 733 1744 772 bonis,

299 781 432 815 liberum
455 781 494 815 ab
517 781 601 815 omni
626 780 838 815 iurisdictione
873 779 1048 814 declaratur
1074 788 1104 814 et
1138 782 1245 815 multis
1269 782 1439 827 privilegiis
1460 789 1610 826 augetur,
1633 785 1703 817 450·
1726 796 1746 817 a

301 839 330 864 et
352 832 369 864 b
396 839 505 875 etseq.
530 831 675 864 Similem
716 829 986 864 confirmationem
1004 857 1011 869 ,
1040 830 1218 876 similiaque
1259 831 1418 877 privilegia
1442 830 1535 865 hahet
1569 843 1694 878 quoquc
1727 846 1742 866 ιι

302 878 416 914 Ioanne
439 879 498 915 XV
520 880 596 923 PP.,
619 883 691 914 455
714 892 745 922 a,
767 881 784 913 b
807 887 836 912 ct
857 892 919 924 seq.

203 928 394 963 Hiucmarns
416 929 669 975 archiepiscopus
695 929 886 963 Rliemensis
910 940 970 961 non
994 928 1192 962 (lamnandos
1210 929 1269 964 nisi
1298 942 1312 963 a
1340 929 1485 964 Romano
1507 929 1658 965 Pontilicc
1687 930 1742 965 ‹le-

300 979 436 1013 claratur
459 992 474 1012 a
497 979 674 1013 Benctlicto
699 978 741 1012 ΙΙΙ
765 978 840 1021 PP.,
869 979 938 1011 53ss
966 990 995 1011 α.
1020 976 1300 1013 Confirmationem
1329 979 1563 1025 privilegiorum
1584 979 1743 1015 Ecclesiae

301 1040 377 1062 suae
401 1028 523 1062 obtinet
544 1030 583 1062 ab
605 1028 722 1062 eodem
745 1027 902 1074 pontifice,
924 1029 999 1061 ibid.

201 1076 383 1112 Honoratus
403 1077 499 1112 abbas
523 1079 702 1112 monasterii
726 1077 930 1111 Sublacensis
957 1076 1079 1111 obtinet
1100 1089 1115 1111 a
1149 1076 1301 1123 Gregorio
1332 1077 1345 1112 Ι
1373 1077 1457 1122 PP.,
1485 1086 1517 1113 ut
1555 1079 1735 1113 monasterii

299 1127 368 1161 eius
390 1140 444 1161 seu
467 1129 546 1161 sacri
575 1140 688 1174 specus
710 1126 790 1161 bona
811 1126 874 1160 iura
899 1126 1126 1160 confirmentur
1146 1139 1181 1161 ac
1197 1127 1302 1174 regula
1325 1139 1342 1162 a
1364 1127 1400 1162 S.
1423 1127 1596 1163 Benedicto
1619 1136 1741 1164 exarata

299 1176 491 1223 approbetur
518 1185 548 1211 et
576 1176 803 1223 promulgetur,
832 1179 897 1210 166
921 1189 951 1217 a,
976 1177 992 1209 b
1020 1183 1049 1209 et
1071 1189 1129 1221 seq.

200 1225 362 1260 Honorius
384 1226 642 1273 archiepiscopus
664 1225 901 1261 Cantuariensis
922 1225 1104 1260 Britanniae
1132 1225 1248 1273 primas
1274 1225 1313 1261 ab
1332 1225 1474 1261 Honorio
1500 1226 1512 1260 l
1539 1226 1603 1262 PP.
1637 1228 1743 1263 decla-

302 1283 397 1315 ratur,
423 1277 490 1309 179
513 1288 542 1309 α.

200 1323 402 1359 Hudamarus
422 1325 520 1360 abbas
546 1324 815 1359 confirmationem
840 1324 1075 1371 privilegiorum
1097 1336 1176 1370 quae
1202 1324 1343 1360 Marinus
1364 1325 1392 1359 II
1413 1324 1565 1361 Fuldensi
1587 1338 1644 1361 suo
1673 1339 1737 1362 mo-

299 1374 435 1408 nasterio
457 1382 665 1416 concesserat,
689 1374 810 1409 obtinet
831 1373 870 1408 ab
892 1373 1036 1419 Augusto
1063 1373 1090 1407 II
1113 1374 1189 1417 PP.,
1213 1377 1281 1408 597
1309 1387 1329 1408 α
1356 1383 1385 1408 et
1407 1377 1436 1417 b,
1464 1387 1522 1409 nec
1551 1388 1613 1410 non
1626 1389 1686 1422 seq.

199 1422 293 1470 Hugo
321 1424 491 1470 episcopus
512 1424 801 1458 Autissiodorensis
824 1423 997 1458 absolvitur
1018 1435 1034 1457 a
1056 1423 1173 1458 Ioanne
1195 1423 1269 1457 XIX
1296 1423 1373 1468 PP.,
1397 1427 1466 1459 548
1489 1426 1517 1458 b.

200 1471 292 1519 Hugo
314 1473 411 1507 abbas
438 1472 658 1507 Cluniacensis
679 1473 800 1508 obtinet
822 1486 836 1507 a
867 1472 974 1507 Leone
1001 1472 1047 1506 IX
1080 1472 1144 1507 PP.
1173 1481 1207 1507 ut
1242 1474 1465 1508 monasterium
1494 1486 1587 1508 suum
1616 1475 1740 1509 confir-

300 1523 469 1557 mationem
492 1523 646 1558 bonorum
670 1535 705 1557 ac
729 1522 964 1570 privilegiorum
988 1522 1112 1566 habeat,
1136 1535 1192 1557 nec
1221 1535 1281 1558 non
1305 1522 1402 1558 solius
1424 1523 1519 1558 Sedis
1540 1523 1742 1571 Apostolicae

298 1571 356 1606 iuri
380 1572 558 1607 subiectum
581 1572 768 1617 declaretur,
792 1574 862 1606 582
890 1574 907 1606 b
934 1579 965 1606 et
989 1585 1049 1617 seq.

198 1620 291 1668 Hugo
324 1621 419 1656 abbas
447 1621 603 1656 Farsensis
629 1622 751 1656 obtinet
782 1634 798 1656 a
821 1621 992 1656 Benedicto
1026 1619 1097 1655 Vlll
1117 1621 1186 1668 ¹PP.
1216 1630 1247 1656 ut
1274 1622 1430 1657 coenobio
1463 1634 1522 1657 suo
1549 1623 1741 1659 concedatur

297 1672 522 1706 monasterinm
546 1671 579 1706 S.
604 1671 762 1707 Laurentii
786 1672 816 1705 in
839 1671 934 1705 Macri
957 1671 1109 1705 comitatu
1131 1670 1340 1719 Campanino,
1363 1674 1433 1707 526
1449 1674 1466 1706 b
1485 1682 1592 1719 etseq.

197 1719 291 1767 Hugo
315 1721 412 1755 abbas
434 1720 467 1755 S.
490 1721 614 1755 Martini
642 1721 837 1756 Turonensis
863 1720 984 1755 obtinet
1006 1721 1165 1755 decretum
1192 1733 1207 1756 a
1234 1721 1341 1756 Leone
1363 1721 1418 1756 Vll
1439 1721 1500 1756 PP.
1524 1735 1563 1757 ne
1586 1722 1740 1759 foeminae

296 1770 514 1816 ingrediantur
535 1771 724 1805 coenobium
752 1783 845 1804 suum
868 1771 926 1804 nisi
950 1770 1100 1805 orationis
1121 1783 1226 1815 causa,
1251 1774 1320 1806 588
1342 1785 1361 1806 a
1380 1781 1408 1806 et
1430 1785 1490 1817 seq.

198 1819 293 1865 Hugo
319 1832 426 1854 comes
447 1819 682 1854 Leuconaensis
713 1820 743 1854 in
767 1820 914 1854 comitatu
938 1832 996 1854 suo
1024 1822 1247 1855 monasterium
1283 1821 1317 1856 S.
1350 1822 1505 1857 Walarini
1533 1821 1564 1856 in
1592 1821 1738 1858 solitudi-

297 1881 367 1903 nem
392 1870 452 1904 iam
476 1869 637 1904 tedactum
662 1877 826 1909 restaurat
851 1871 920 1903 445
944 1871 961 1903 b
984 1877 1013 1903 ct
1035 1882 1094 1914 seq

197 1918 394 1953 Humbertus
420 1919 590 1966 episcopus
611 1918 723 1966 Sylxae
749 1918 923 1957 Canditlae
953 1920 1023 1953 658
1051 1921 1155 1953 betse
1143 1932 1185 1964 ‘’q.

197 1967 448 2003 Humolaiiensis
469 1968 589 2003 abbatia
611 1969 772 2003 decretum
791 1968 910 2002 obtinet
933 1980 988 2014 pto
1011 1981 1067 2003 sua
1087 1969 1284 2005 immunitate
1306 1981 1323 2005 a
1344 1969 1462 2005 Ioanne
1483 1969 1542 2005 XII
1565 1970 1641 2011 ΡΡ.
1667 1974 1738 2007 409

296 2030 315 2052 α
341 2027 370 2052 et
398 2020 424 2052 b.

196 2066 261 2101 Hu.⁷
253 2080 376 2113 itariae
400 2080 530 2114 tegnum
553 2065 611 2103 sul
645 2068 839 2116 prote‹tione
866 2078 1013 2101 romanae
1040 2067 1201 2102 Ecclesiae
1227 2069 1377 2115 recipitur
1402 2082 1419 2104 a
1446 2069 1598 2104 Silvestre
1613 2070 1639 2104 Il
1659 2070 1737 2115 PP.,

295 2119 366 2152 478
393 2130 424 2152 α.
433 2095 526 2152 ὓΕἰιιε
547 2130 638 2164 reges
659 2116 871 2152 obedientiam
898 2115 974 2150 Sodi
997 2116 1198 2165 Apostolicae
1220 2127 1377 2165 praestare
1402 2127 1561 2161 tenentur,
1583 2122 1658 2155 ibid.
1680 2123 1707 2155 b.

194 2360 309 2409 lllyrici
332 2360 510 2408 provinciae
532 2359 591 2395 suh
612 2360 680 2395 iure
701 2360 901 2408 Apostolicae
918 2360 1011 2397 Sedis
1031 2360 1229 2399 declarantur
1251 2375 1267 2399 a
1293 2363 1411 2399 Ioanne
1432 2363 1505 2400 VIII
1527 2364 1604 2412 PP.,
1628 2369 1697 2401 547
1720 2369 1737 2401 b

294 2418 325 2444 et
350 2423 379 2444 se
403 2438 409 2444 .

195 2459 351 2506 Imagines
372 2424 554 2494 sqanctorum
577 2470 675 2506 quare
697 2459 844 2495 fidelibus
867 2468 1095 2515 proponantur,
1118 2463 1182 2496 224
1211 2475 1242 2497 a.

195 2508 396 2556 Imperatoris
418 2522 531 2543 munus
553 2509 583 2543 in
611 2509 752 2544 conciliis
779 2510 870 2557 quale
896 2510 947 2555 sit,
970 2512 1040 2544 222
1068 2513 1096 2545 b.

193 2558 364 2605 Ingoaldus
384 2558 479 2594 abbas
500 2558 659 2593 Farsensis
680 2559 950 2594 confirmationem
964 2560 1119 2595 bonorum
1138 2560 1398 2609 oblationumque
1412 2562 1563 2598 factarum
1579 2565 1733 2601 coenobio

292 2621 361 2649 suo,
384 2620 442 2643 nec
465 2620 526 2643 non
551 2608 723 2654 legatorum
745 2608 930 2644 obeuntium
953 2610 1192 2645 concessionem
1219 2611 1340 2646 obtinet
1362 2624 1379 2647 a
1401 2612 1546 2648 Paschali
1569 2613 1631 2648 PP.
1625 2642 1644 2656 .‚
1660 2616 1730 2650 266

297 2670 316 2692 α
351 2659 368 2692 b
390 2667 418 2693 et
441 2671 470 2692 se

194 2685 408 2743 Interaninum
437 2671 522 2749 urbs,
551 2709 620 2742 502
643 2710 672 2742 b.
695 2707 772 2742 Eius
794 2707 926 2743 dominii
948 2708 1039 2753 fines,
1063 2710 1134 2744 505
1155 2722 1186 2744 α.
1209 2708 1324 2745 Omnia
1353 2710 1434 2746 bona
1457 2711 1485 2747 ei
1507 2711 1735 2749 confirmantur

293 2770 310 2793 a
331 2757 505 2793 Benedicto
534 2756 602 2792 Vlll
630 2757 706 2800 PP.,
729 2758 893 2793 nonnullis
914 2758 1028 2794 additis
1049 2759 1234 2807 privilegiis,
1256 2761 1334 2795 ibid>
1357 2762 1386 2796 b.
