2237 3127
69 289 122 318 An.
146 289 176 318 G.
199 290 250 318 449

63 1177 172 1207 Eutyches
206 1177 246 1200 ‹le-

61 1217 164 1236 testatur.

935 286 961 309 S.
990 285 1082 308 LEO!
1114 286 1160 307 ΙΨ.

1724 277 1769 310 07

314 340 388 372 nihil
405 340 515 372 debuit.
537 358 578 365 —-
596 341 624 372 4.
642 340 674 371 ln
690 340 803 371 Christo
832 339 898 370 lesu
921 349 1023 369 omnes
1068 340 1213 383 Urinam,
1241 339 1431 375 deberemus
1465 352 1591 387 sapere,
1619 352 1656 375 ac
1689 341 1817 381 sentire,

313 382 445 412 crucifixi
459 405 467 419 ,
489 382 615 417 mortui,
634 381 741 420 sepulti
764 385 792 410 et
813 380 946 410 suscitati
970 389 1023 409 su-

264 432 267 445 1
314 431 391 451 mus.
408 439 449 444 —
472 422 498 451 5.
529 422 604 457 Quid
636 422 752 460 utrique
774 420 880 450 Christi
903 425 1024 449 naturae

334 462 476 501 roprium,
494 461 564 501 quid
583 470 739 491 commune
758 461 787 490 in
810 461 873 490 eius
896 460 1022 489 actioni-

311 471 368 532 bus
386 502 433 532 sit.
454 519 495 524 —
511 502 541 531 ὃ.
563 501 605 531 Ad
622 502 707 530 vitani
727 505 876 530 aeternam
896 500 953 529 nisi
973 509 1024 537 per

311 540 408 571 lesum
425 540 572 571 Christum
596 550 653 570 non
676 549 835 578 possumus
863 540 1022 577 pervenire.

310 597 351 604 ——
369 582 394 611 7.
415 581 495 612 Servi
514 581 606 610 forma
623 581 652 610 in
677 579 794 610 Christo
816 579 881 608 lesu
906 579 1022 608 ditanda

311 626 373 651 erat
400 621 620 659 glorificationis
649 624 816 657 augmento.
841 635 882 641 —
902 618 934 648 ln
956 618 1023 648 lesu

263 656 268 698 ἶ
311 670 365 690 nec
387 662 452 690 sine
470 660 588 690 homine
604 659 711 696 divina,
734 668 787 688 nec
805 658 869 688 sine
886 657 943 688 Deo
959 663 1022 688 acta

311 705 381 730 sunt
398 701 536 730 humana.
563 716 604 721 —
626 698 758 734 Quantus
781 698 973 728 humanitatis
995 702 1023 728 et

263 738 267 774 J
310 740 470 770 divinitatis
480 748 572 769 nexus
582 738 647 768 lesu
660 738 858 768 Christo.—8.
875 737 1021 767 Christia-

310 789 366 810 nus
393 779 490 809 vocari
522 779 632 817 nequit,
654 778 703 817 qui
728 778 939 807 haereticorum
961 777 1021 806 im-

263 852 266 860 Ι
310 819 411 858 pietati
433 818 552 858 praebet
566 827 732 848 assensum.
746 834 786 840 —
800 817 970 847 Adhortatio
986 817 1021 846 ad

309 858 465 898 episcopos
480 858 663 888 Palaestinae
684 874 724 879 —
740 857 870 897 Symboli
889 857 1021 886 recitatio

308 898 339 928 in
360 898 515 937 baptismo.
532 915 572 920 —
598 898 699 928 Crucis
727 898 843 936 signum
876 896 1021 926 frontibus

309 938 545 977 praeferendum,
561 955 602 960 —
622 938 650 968 9.
679 937 793 968 Veritas
823 946 877 967 nos
903 937 963 967 nisi
990 937 1021 966 in

307 982 407 1008 nostra
430 987 518 1008 carne
540 987 598 1007 non
620 977 722 1008 salvat.

382 1062 430 1091 Leo
449 1061 598 1098 episcopus,
618 1061 754 1090 universis
777 1061 909 1098 episcopis

423 1114 473 1143 per
497 1107 678 1136 Palaestinam
698 1107 868 1136 constitutis.

322 1172 353 1204 1.
376 1169 576 1205 Solicitudini
605 1182 705 1212 meae,
733 1183 826 1218 quam
851 1170 1020 1206 universali

270 1219 448 1265 Ecclesiae,
469 1219 681 1268 omnibusque
714 1220 783 1255 eius
810 1220 881 1255 filiis
902 1220 1019 1261 debeo,

271 1269 446 1304 multorum
467 1269 620 1304 relatione
650 1269 838 1317 patefactum
865 1278 912 1305 est
939 1270 1022 1305 dile-

270 1319 386 1354 ctionis
407 1327 527 1354 vestrae
547 1319 661 1354 animis
689 1319 837 1367 quiddam
875 1320 1022 1355 offensio-

270 1369 320 1403 nis
338 1368 473 1413 illatum,
494 1368 570 1404 dum
592 1377 644 1404 aut
660 1369 795 1416 imperiti
812 1372 857 1414 (ut
878 1374 1019 1417 apparet)

268 1417 478 1466 interpretes,
509 1425 563 1453 aut
597 1418 743 1465 maligni,
779 1419 931 1466 quaedam
967 1432 1021 1454 vos

268 1468 360 1503 aliter
388 1467 574 1514 intelligere,
595 1480 690 1515 quam
724 1480 739 1503 a
762 1481 813 1503 me
839 1476 913 1503 sunt
935 1481 1021 1516 prae-

271 1517 365 1559 dicta,
389 1517 542 1558 fecerunt,
570 1530 632 1553 non
656 1517 795 1553 valentes
816 1518 848 1553 in
872 1531 1019 1565 graecum

272 1567 434 1615 eloquium
461 1574 532 1614 apte
547 1574 578 1602 et
592 1567 719 1615 proprie
732 1567 827 1602 latina
839 1568 1020 1608 transferre,

273 1629 345 1652 cum
379 1617 412 1652 in
455 1616 549 1652 rebus
590 1616 760 1652 subtilibus
786 1625 817 1652 et
842 1617 1022 1653 difficilibus

273 1665 468 1714 explicandis
489 1666 540 1701 vix
565 1666 623 1701 sibi
652 1667 746 1702 etiarn
780 1667 811 1702 in
834 1680 889 1702 sua
915 1668 1022 1714 lingua

274 1716 449 1764 disputator
470 1715 605 1764 quisque
630 1716 773 1751 sufficiat.
802 1716 895 1759 Quod
917 1724 1021 1752 tamen

273 1766 357 1814 apud
379 1778 430 1801 me
455 1778 493 1800 eo
517 1765 659 1813 profecit,
682 1774 716 1800 ut
757 1766 832 1800 dum
867 1779 920 1811 ea,
942 1779 1023 1813 quae

274 1815 430 1851 catholica
471 1814 550 1850 fides
571 1815 692 1863 respuit
713 1815 907 1862 improbatis,
929 1816 1023 1850 intel-

274 1864 408 1911 ligamus
430 1877 485 1899 vos
507 1864 587 1900 veris
612 1864 804 1900 amicitiores
826 1877 905 1907 esse,
928 1878 1022 1913 quam

275 1913 370 1954 falsis,
389 1922 420 1949 et
441 1913 471 1948 id
490 1914 601 1949 merito
616 1914 761 1955 refutare,
779 1915 862 1962 quod
884 1928 921 1950 ex
942 1916 1023 1949 anti-

277 1976 357 2010 quae
380 1963 576 1999 institutione
590 1964 751 1999 doctrinae
766 1964 859 1999 etiam
883 1965 950 2012 ipse
965 1965 1024 2000 de-

280 2021 385 2048 testor.
414 2013 566 2055 Quamvis
601 2013 686 2049 enim
714 2014 847 2061 epistola
881 2027 947 2049 mea
985 2015 1022 2049 ad

279 2070 405 2097 sanctae
428 2063 597 2098 memoriae
624 2062 807 2098 Flavianum
836 2064 1022 2111 episcopum

276 2112 359 2153 data,
388 2112 464 2147 satis
484 2112 543 2147 sibi
586 2113 624 2148 ad
666 2114 950 2149 manifestationem
973 2114 1021 2149 sui

275 2161 341 2208 ipsa
363 2161 512 2196 sufficiat:
541 2174 642 2210 neque
665 2162 696 2197 in
726 2163 843 2211 aliquo,
871 2172 925 2198 aut
946 2177 1025 2212 pur-

274 2211 421 2257 gationis,
436 2219 489 2246 aut
515 2212 719 2259 expositionis
742 2213 892 2260 indigeat,
920 2222 949 2249 et
965 2214 1023 2249 alia

275 2267 380 2295 tamen
402 2273 474 2295 cum
486 2261 594 2296 eadem
608 2274 679 2297 mea
690 2263 804 2311 scripta
818 2263 1024 2305 concordant,

275 2309 307 2344 in
330 2309 446 2357 quibus
472 2311 618 2346 similiter
654 2312 895 2359 praedicationis
936 2326 1023 2348 meae

275 2371 388 2394 sensus
409 2359 439 2394 in
462 2368 570 2407 aperto
592 2369 649 2396 est.
688 2362 914 2397 Necessitatem
938 2363 1022 2398 enim

275 2408 395 2444 habens
417 2418 523 2445 contra
540 2411 723 2456 haereticos,
739 2412 790 2459 qui
803 2413 918 2448 multos
934 2412 1026 2448 Chri-

275 2458 314 2492 sti
343 2459 477 2506 populos
504 2460 778 2503 conturbaverant,
795 2462 1025 2508 disserendi,et

276 2508 532 2544 clementissimis
546 2510 753 2558 principibus,
775 2519 806 2546 et
827 2520 936 2547 sancto
952 2525 1026 2547 con-

275 2557 348 2592 cilio
365 2558 519 2606 synodali,
533 2567 564 2594 et
578 2559 946 2609 Constantinopolitanae
962 2562 1025 2597 Ec-

278 2606 405 2652 clesiae,
432 2608 507 2655 quid
530 2609 569 2644 (le
603 2609 819 2646 incarnatione
840 2611 948 2653 Verbi,
979 2625 1026 2647 sc-

277 2656 416 2693 cundum
439 2658 656 2707 evangelium,
682 2661 951 2710 apostolicamque
973 2662 1026 2697 do-

1067 389 1209 436 patefeci,
1232 397 1262 424 et
1290 390 1319 423 iu
1350 390 1466 423 nulloa
1483 398 1664 425 sanctorum
1687 390 1815 425 Patruin

1066 438 1264 473 confessione
1287 439 1419 473 discessi
1461 440 1535 486 quia
1565 452 1625 474 una
1647 448 1705 483 est,
1733 453 1816 485 vera,

1065 488 1245 534 singularis,
1273 488 1420 535 perfecta,
1451 488 1640 523 inviolabilis
1662 489 1814 524 catholica

1066 537 1155 578 fides,
1178 538 1227 572 cui
1256 538 1333 572 nibil
1362 538 1447 582 addi,
1478 538 1554 572 nihil
1579 539 1675 572 minui
1703 547 1814 585 potest.

1064 586 1167 627 Quam
1188 587 1356 621 Nestorius
1384 588 1483 634 prius,
1506 596 1535 622 et
1558 600 1642 622 nunc
1657 588 1816 635 Eutyches

1065 636 1187 670 diversa
1209 636 1336 683 quidem
1360 637 1546 676 assertione,
1569 637 1623 671 sed
1646 638 1740 671 simili
1760 638 1816 672 im-

1066 685 1180 731 pietate
1203 685 1389 732 impugnare
1413 686 1512 720 conati
1536 695 1624 727 sunt,
1652 694 1683 721 et
1705 687 1815 722 Eccle-

1064 734 1128 768 siae
1150 734 1208 769 Dei
1231 735 1309 769 duas
1331 735 1477 770 haereses
1503 736 1629 770 sibimet
1644 737 1814 771 contrarias

1064 783 1179 817 inferre
1201 792 1373 824 tentarunt,
1398 792 1429 818 ut
1459 793 1588 832 uterque
1611 798 1628 820 a
1650 786 1813 833 discipulis

1063 832 1202 867 veritatis
1226 834 1337 868 merito
1350 833 1567 869 damnaretur:
1584 835 1654 881 quia
1668 835 1812 870 insanum

1064 882 1160 917 nimis
1182 891 1211 917 et
1233 883 1420 929 sacrilegum
1444 883 1512 925 suit,
1539 884 1624 932 quod
1652 884 1734 919 varia
1755 885 1813 920 tal-

1063 931 1153 966 sitate
1175 931 1268 966 ambo
1287 940 1467 967 senserunt.

1112 984 1145 1014 2.
1168 981 1460 1016 Anathematizetur
1473 994 1549 1028 ergo
1563 981 1739 1027 Nestorius,
1755 983 1807 1030 qui

1062 1029 1185 1065 beatam
1198 1030 1361 1077 Virginem
1377 1031 1507 1066 Mariam
1524 1032 1662 1067 hominis
1676 1041 1811 1067 tantum-

1063 1079 1158 1115 modo
1188 1080 1322 1115 credidit
1348 1081 1545 1126 genitricem,
1574 1090 1605 1115 ut
1628 1082 1720 1117 aliam
1748 1094 1812 1129 per·

1062 1142 1173 1164 sonam
1195 1131 1309 1170 carnis,
1334 1130 1426 1165 aliam
1456 1131 1569 1166 faceret
1590 1131 1726 1176 deitatis,
1754 1144 1812 1167 nec

1064 1192 1161 1214 unum
1190 1179 1352 1215 Christum
1376 1180 1406 1215 in
1433 1180 1538 1215 Verbo
1562 1180 1618 1215 Dei
1654 1189 1685 1215 et
1717 1193 1810 1216 carne

1062 1229 1203 1271 sentiret,
1226 1230 1281 1264 sed
1308 1230 1492 1276 separatim,
1524 1238 1617 1277 atque
1643 1231 1809 1265 seiunctim

1062 1278 1158 1313 alium
1182 1278 1280 1313 filium
1315 1279 1387 1323 Dei,
1414 1279 1508 1313 alium
1544 1280 1643 1314 fitium
1671 1280 1810 1315 hominis

1063 1328 1273 1375 praedicaret:
1296 1340 1368 1363 cum
1396 1336 1500 1363 tamen
1523 1338 1670 1364 manente
1692 1330 1742 1364 illa
1764 1330 1810 1364 in-

1061 1377 1294 1412 commutabilis
1320 1378 1414 1412 Verbi
1437 1379 1583 1420 essentia,
1597 1391 1677 1426 quae
1692 1379 1720 1414 ei
1735 1392 1807 1414 cum

1061 1427 1155 1462 Patre
1173 1435 1203 1461 et
1224 1427 1345 1474 Spiritu
1373 1427 1490 1463 Sancto
1518 1429 1745 1476 intemporalis,
1760 1437 1809 1463 at-

1062 1489 1122 1524 que
1144 1485 1309 1511 coaeterna
1336 1485 1394 1521 est,
1422 1478 1460 1512 ita
1489 1478 1567 1513 intra
1604 1479 1741 1525 virginea
1764 1479 1810 1513 vi-

1062 1538 1148 1561 scera
1184 1526 1321 1561 Verbum
1360 1539 1432 1562 caro
1466 1527 1506 1562 sit
1533 1527 1660 1566 factum,
1694 1535 1726 1562 ut
1748 1540 1810 1563 uno

1063 1584 1231 1623 conceptu,
1253 1589 1379 1624 unoque
1407 1585 1494 1623 partu
1511 1577 1619 1611 eadem
1634 1577 1742 1623 Virgo,
1758 1590 1810 1612 se—

1062 1625 1201 1660 cundum
1230 1627 1378 1661 unionem
1414 1628 1576 1674 utriusque
1615 1626 1809 1662 substantiae

1063 1683 1093 1710 et
1115 1675 1227 1710 ancilla
1252 1675 1380 1710 Domini
1403 1684 1496 1720 esset,
1531 1683 1561 1711 et
1581 1676 1692 1711 Mater.
1718 1676 1811 1719 Quod

1063 1724 1155 1759 etiam
1179 1724 1341 1760 Elisabeth
1376 1726 1469 1769 (sicut
1493 1725 1597 1760 Lucas
1618 1726 1810 1772 evangelista

1064 1774 1212 1816 declarat)
1242 1774 1404 1818 intellexit,
1439 1784 1468 1809 et
1502 1775 1592 1809 dixit:
1621 1774 1714 1810 Unde
1748 1775 1808 1810 hoc

1064 1824 1153 1863 mihi,
1183 1832 1215 1858 ut
1238 1825 1339 1858 veniat
1359 1824 1457 1859 Mater
1471 1824 1599 1859 Domini
1621 1825 1681 1859 mei
1694 1824 1809 1859 adme?

1064 1876 1105 1917 (a)
1139 1873 1299 1920 Eutyches
1332 1886 1459 1921 quoque
1492 1874 1602 1909 eodem
1626 1874 1814 1921 percellatur

1064 1922 1274 1967 anathemate,
1297 1925 1349 1970 qui
1374 1936 1428 1970 per
1443 1924 1558 1971 impios
1579 1932 1718 1958 veterum
1742 1925 1811 1959 hae-

1064 1972 1231 2007 reticorum
1247 1973 1555 2021 volutatuserrores.
1571 1973 1697 2008 tertium
1712 1972 1814 2021 Apol-

1065 2021 1172 2056 linaris
1194 2021 1308 2068 dogma
1325 2022 1457 2069 delegit3
1480 2030 1513 2057 ut
1527 2032 1637 2069 negata
1657 2023 1813 2058 humanae

1065 2071 1179 2113 carnis,
1206 2078 1299 2118 atque
1317 2072 1441 2106 animae
1462 2072 1603 2113 veritate,
1630 2080 1728 2107 totum
1745 2073 1814 2107 Do-

1065 2121 1186 2155 minum
1209 2129 1351 2156 nostrum
1385 2121 1488 2156 Iesum
1523 2121 1686 2157 Christum
1718 2123 1812 2157 unius

1065 2170 1188 2205 adserat
1209 2182 1278 2205 esse
1300 2179 1440 2213 naturae,
1454 2179 1614 2218 tamquam
1629 2171 1725 2206 Verbi
1746 2172 1815 2207 dei-

1065 2228 1112 2254 tas
1139 2220 1206 2268 ipsa
1233 2232 1266 2255 se
1294 2221 1324 2255 in
1344 2233 1482 2262 carnem,
1505 2221 1707 2268 animamque
1728 2233 1814 2256 con-

1065 2270 1203 2308 verterit.
1226 2278 1255 2305 et
1281 2271 1417 2318 concipi,
1445 2278 1475 2306 et
1508 2271 1605 2316 nasei,
1628 2271 1753 2310 nutriri,
1782 2279 1813 2306 et

1065 2331 1218 2361 crescere,
1245 2320 1384 2367 cruciligi
1407 2333 1443 2355 ac
1465 2321 1555 2362 mori,
1578 2320 1702 2368 sepeliri
1717 2333 1752 2355 ac
1767 2333 1814 2355 re-

1065 2381 1204 2415 surgere,
1233 2377 1264 2404 et
1299 2369 1469 2405 ascendere
1496 2370 1527 2404 in
1555 2370 1691 2411 coelum,
1719 2378 1750 2404 et
1782 2371 1813 2405 in

1069 2419 1167 2454 Patris
1189 2419 1330 2464 dextera,
1353 2419 1437 2454 unde
1463 2419 1503 2454 ad
1524 2419 1709 2455 iudicandos
1730 2419 1816 2455 vivos

1066 2477 1096 2503 ct
1120 2477 1262 2503 mortuos
1281 2470 1394 2509 veniet,
1409 2469 1585 2511 considere,
1607 2469 1729 2504 divinae
1744 2469 1815 2505 eius

1066 2526 1186 2553 tantum
1203 2519 1356 2554 essentiae
1379 2519 1483 2563 suerit,
1507 2531 1587 2567 quae
1603 2519 1681 2553 nihil
1697 2519 1810 2554 horum

1068 2568 1099 2602 in
1127 2580 1161 2603 se
1182 2568 1250 2603 sine
1272 2568 1376 2603 carnis
1404 2568 1530 2604 veritate
1566 2570 1696 2616 recepit:
1732 2581 1814 2616 qno-

1067 2618 1149 2652 niam
1173 2627 1282 2653 natura
1303 2618 1467 2665 Unigeniti
1499 2627 1608 2653 natura
1635 2626 1682 2654 est
1703 2617 1816 2661 Patris,

1102 2675 1142 2711 (a)
1159 2675 1223 2703 Luc.
1243 2676 1268 2704 ί.

1854 295 1905 322 An.
1928 294 1957 322 C.
1983 295 2035 322 449

1872 361 1931 384 Fidei
1951 365 2003 386 nihil

1871 398 1930 428 addi,
1961 400 2013 422 nihil

1861 436 1928 457 minui
1942 440 2022 466 poti-st.

1882 1008 1977 1029 Nestorii
1997 1017 2033 1030 (⁸1⁷-

1849 1050 1886 1064 rnr
1914 1044 1939 1065 ‹h-
1964 1045 1983 1065 in
1987 1053 2033 1066 cccc

1848 1080 1936 1101 natione
1957 1081 2031 1103 Varla.

1878 1893 1986 1922 l‘nticlies
2009 1897 2030 1914 ot

1845 1929 1989 1959 Apollinaris,
2009 1929 2029 1949 in

1845 1974 1888 1996 quo

1845 2002 1905 2024 dant.

1934 1973 2028 1987 CUncvl'-
