2237 3127
136 295 187 322 An.
210 294 237 321 C.
266 295 316 320 tilii)

148 2115 287 2136 l'ruoemiani.

403 304 471 337 lSO

348 382 409 416 qua
436 365 653 401 mortalitatem
680 359 824 407 explevit.
855 358 940 394 Fecit
967 357 1095 411 ordina-

348 420 449 453 tiones
489 415 578 451 duas,
612 410 864 459 presbyterorum
907 406 1095 446 octodecim,

348 468 551 502 diaconorum
574 472 727 508 quinque,
754 459 922 506 episcopos
945 468 1018 491 vero
1042 468 1097 503 per

347 516 468 551 diversa
484 513 550 547 ioca
567 510 683 546 creavit
697 510 761 544 duo
779 508 817 542 de
835 506 954 552 viginti.
972 505 1096 552 Corpus

345 566 413 600 eius
439 562 599 610 sepultum
632 568 678 594 est
715 559 754 594 ad
785 558 823 592 B.
852 557 982 591 Petrum
1017 567 1095 601 apo-

345 614 460 649 stolum
493 615 515 645 4
549 610 620 644 idus
662 606 808 643 octobris.
838 605 965 641 vacavit
1003 605 1095 640 sedes

344 674 487 699 mensem
509 673 533 704 1,
555 659 622 694 dies
649 670 724 693 xiil.

711 759 733 794 l.

342 834 546 878 Prt'vileqi'um
559 833 773 872 immunitatis,
795 839 821 865 et
842 831 1041 875 exemptionis
1055 830 1093 863 ab

387 884 557 928 episcopali
578 883 786 916 iurisdictione
797 893 854 925 pro
865 881 1091 914 sanctimonia-

391 934 471 966 libus
493 933 654 966 cuiusdam
675 932 813 965 coenobii
842 932 954 964 Beatue
969 930 1092 962 ,llttriae

390 983 422 1014 in
453 983 573 1021 Gallia,
601 983 685 1026 quod
718 982 772 1014 sub
797 981 981 1024 protectione
1014 979 1092 1012 sedis

387 1033 574 1076 apostolicae
593 1032 758 1075 suscipitur
781 1032 844 1073 (A).

610 1094 825 1126 Stabianum

340 1153 530 1184 Prooemium.
545 1170 584 1175 —
598 1153 711 1182 Causae
733 1151 947 1181 concessionis.
962 1168 1002 1173 —
1015 1151 1093 1180 Pou-

377 1194 488 1223 tisicum
513 1193 677 1222 liberalitas
712 1192 741 1221 in
770 1191 968 1221 concedendis
999 1191 1091 1229 privi—

380 1234 478 1271 legiis.
498 1250 539 1255 —
559 1232 733 1262 Obedientia
766 1231 888 1261 indultis
915 1231 1092 1269 apostolicae

379 1274 458 1303 sedis
485 1272 593 1302 debita.
609 1289 648 1294 —-
662 1271 836 1301 lmmuuitas
858 1280 999 1300 concessa
1024 1271 1091 1299 liuic

381 1313 569 1343 monasterio.
579 1329 619 1334 —-
634 1312 731 1341 Liceat
743 1310 1094 1349 monacbisquemlibue-

378 1354 416 1383 rit
427 1362 528 1382 vocare
539 1353 710 1391 episcopum
722 1352 756 1381 ad
771 1352 927 1381 missarum
939 1350 1092 1387 solemnia,

379 1393 547 1423 abbatissae
560 1392 885 1428 consecrationem,etc.
897 1407 937 1412 —
948 1390 1092 1430 Episcopo

379 1433 528 1463 ordinario
541 1433 702 1471 quidquam
720 1436 819 1461 contra
833 1431 1021 1470 privilegium
1038 1431 1091 1459 hoc

378 1477 520 1502 attentare
539 1473 736 1502 interdicitur.
757 1488 797 1493 -
818 1470 991 1500 lmrnuuitas
1011 1479 1025 1499 a
1042 1471 1090 1499 iu-

377 1513 550 1542 risdictione
573 1511 713 1551 episcopi.
734 1528 774 1533 —
794 1510 968 1540 Abbatissae
986 1510 1091 1539 electio

377 1561 468 1591 penes
498 1552 754 1589 congregationem
772 1574 779 1587 ,
808 1560 842 1580 ex
863 1560 920 1589 qua
943 1550 992 1579 illa
1022 1550 1091 1587 eligi

378 1592 493 1622 debeat.
510 1608 550 1614 —
569 1591 678 1621 Statuta
695 1590 836 1620 nonnulla
853 1599 904 1629 pro
920 1589 1015 1628 quiete
1029 1599 1092 1618 mo-

375 1632 506 1662 nasterii.
521 1648 561 1653 —
571 1631 778 1660 Monacharum
792 1630 933 1659 correctio
949 1629 984 1658 al)
996 1629 1089 1658 abba-

377 1673 446 1702 tissa
479 1671 623 1700 facienda.
641 1688 681 1692 —
698 1670 870 1699 Abbatissae
896 1678 963 1698 vcro
986 1679 1000 1697 a
1021 1669 1090 1698 sede

377 1711 548 1750 apostolica.
566 1727 606 1732 —-
622 1710 786 1749 Episcopus
819 1711 1020 1739 tantummodo
1054 1710 1089 1738 ad

374 1752 475 1781 sedem
498 1751 691 1790 apostolicam
709 1751 744 1779 de
767 1749 939 1778 monasterii
962 1749 1090 1785 licentia,

374 1791 398 1821 si
418 1800 492 1830 quae
510 1791 557 1827 sit,
576 1789 866 1830 perliterasreserat.
880 1806 920 1811 —
934 1788 1089 1826 Dignitatis

374 1831 508 1870 privatio,
526 1835 553 1860 et
569 1830 722 1860 anatliema
742 1833 841 1859 contra
856 1833 962 1858 statuta
985 1828 1090 1858 huius-

374 1871 453 1900 modi
471 1870 707 1900 inobservantes.

333 1932 523 1961 Dilectissimis
541 1932 677 1961 fratribus
697 1932 862 1968 coepiscopis
877 1938 926 1967 per
942 1931 1089 1959 Galliarum

377 1978 534 2014 provincias
563 1977 746 2010 constitutis,
773 1977 886 2005 loannes
910 1983 1006 2005 servus
1031 1983 1087 2004 ser·

378 2029 474 2051 vorum
494 2022 549 2050 Dei.

382 2080 584 2128 Quamquam
620 2081 741 2128 priscae
772 2079 1002 2115 sacratissimae
1029 2091 1086 2114 re—

331 2130 423 2177 gulae
445 2130 569 2165 decreta
598 2142 655 2165 nos
682 2130 828 2174 doceant,
862 2141 942 2176 quae
964 2136 1087 2176 oportet

367 2196 407 2231 (l)
434 2197 461 2222 lu
483 2196 553 2223 calce
572 2195 705 2229 Privilegii
732 2195 796 2222 haec
816 2195 941 2222 observat
968 2195 1088 2221 Mabillo-

330 2232 405 2258 nius:
426 2242 436 2255 «ι
454 2232 628 2258 Praemissum
650 2231 819 2265 privilegium
835 2239 868 2257 ex
880 2231 1025 2257 veterrimo
1036 2231 1087 2257 Co-

330 2267 389 2294 dice
414 2267 539 2293 Tbuaneo
559 2267 620 2293 olim
642 2274 655 2293 a
673 2274 715 2293 me
742 2270 850 2292 erutum
875 2270 932 2298 est,
961 2266 1086 2301 typisque

336 2303 475 2337 vulgatum
504 2303 530 2328 in
555 2302 701 2336 appendice
721 2301 754 2328 ad
776 2306 878 2336 partem
901 2310 909 2328 1
938 2302 1034 2328 saeculi
1057 2309 1085 2327 1v

330 2337 502 2365 Benedictini.
520 2338 550 2364 In
569 2337 612 2363 illo
628 2337 734 2368 Codice,
755 2337 801 2371 qui
823 2338 988 2372 octingentos
1003 2345 1087 2363 annos

335 2373 442 2400 videtur
466 2380 612 2407 superare,
646 2372 713 2398 male
737 2377 874 2407 compacta
903 2377 979 2398 erant
1008 2372 1085 2404 folia,

330 2408 451 2443 adeoque
462 2408 530 2435 illius
541 2412 692 2443 postremae
704 2408 773 2442 parti
791 2411 849 2441 post
862 2407 902 2433 illa
913 2407 995 2434 verba
1010 2416 1086 2434 suam

331 2447 631 2476 ewibeatpraesentiam,
648 2443 805 2469 adiunctum
821 2448 878 2469 erat
890 2443 995 2474 folium,
1012 2443 1084 2477 quod

332 2480 410 2506 tinem
432 2479 541 2506 alterius
563 2478 692 2513 privilegii
716 2478 877 2504 continebat.
904 2478 1085 2511 Quamobrem

331 2523 392 2542 cum
409 2515 452 2541 vir
471 2514 504 2542 cl.
535 2514 687 2549 Stephanus
703 2513 821 2540 Balutius
840 2514 981 2547 genuinam
1001 2521 1084 2548 supe-

332 2551 410 2577 rioris
429 2550 562 2585 privilegii
580 2553 741 2584 postremam
758 2553 861 2584 partem
883 2550 907 2575 in
919 2549 1009 2575 codice
1021 2549 1084 2576 Col-

331 2586 449 2612 l›ertinae
465 2585 640 2612 bibliothecae
651 2585 806 2615 invenisset,
818 2584 887 2610 illam
905 2584 967 2610 mihi
978 2592 1027 2619 pro
1037 2592 1085 2611 sua

332 2621 495 2648 humanitate
519 2621 739 2648 communicavit.
772 2620 811 2646 Ne
835 2623 924 2646 autem
947 2619 997 2646 hoc
1016 2619 1086 2654 frag-

331 2659 449 2683 mentum
461 2664 474 2683 a
486 2663 536 2683 suo
545 2664 659 2690 corpore
676 2655 799 2682 avulsum
810 2659 889 2687 esset,
903 2655 1034 2689 integrum
1045 2655 1084 2681 di-

329 2692 416 2728 ploma
427 2692 470 2719 hic
482 2691 609 2720 exhibere
622 2692 708 2719 visum
717 2694 756 2719 est
767 2698 864 2727 operae
874 2690 990 2727 pretium
1006 2693 1047 2718 etc
1060 2701 1083 2717 n.

955 300 1145 325 nectarium
1166 283 1331 323 nomano&
1342 284 1345 285 ⁷

1140 354 1320 401 perenniter
1351 353 1528 395 custodire,
1555 361 1585 389 et
1610 353 1739 388 Patrum
1762 361 1890 389 sancto-

1139 416 1208 439 rum
1231 410 1381 439 consueta
1395 403 1582 438 indiminute
1598 415 1740 451 servare-3
1752 412 1888 438 attamen

1138 461 1168 488 et
1190 465 1248 488 nos
1270 465 1396 501 quoque
1418 465 1513 499 super
1531 453 1608 487 haec
1622 452 1807 499 regulariter
1818 461 1887 488 vota

1138 503 1315 550 supplicum
1339 502 1582 537 christianorum
1597 529 1606 545 ,
1633 510 1663 537 et
1686 502 1819 537 maxime
1841 515 1890 537 or-

1139 552 1273 587 thodoxa
1308 552 1369 586 lide
1396 551 1582 598 fulgentium
1606 552 1636 585 iu
1660 551 1809 586 omnibus
1831 551 1888 587 de-

1137 602 1250 637 bemus
1258 602 1383 636 effectui
1394 601 1587 648 mancipare:
1608 609 1763 649 quatenus
1778 613 1887 636 eorum

1138 652 1185 698 pia
1200 651 1325 687 devotio
1340 650 1522 697 apostolicis
1537 650 1681 685 inviolata
1702 660 1886 697 permaneat
1917 653 1920 656 ’

1137 700 1300 736 institutis.
1324 699 1482 742 Quoniam
1505 699 1601 746 igitur
1614 699 1817 735 Cblodoveus
1833 713 1887 736 rex

1135 750 1430 789 excellentissimus,
1465 749 1547 784 filius
1580 757 1698 790 noster,
1732 749 1881 797 princeps

1135 799 1341 841 Francorum,
1388 799 1446 839 )ia‚
1473 805 1504 833 et
1530 798 1675 846 religiosa
1717 798 1886 834 devotione

1136 850 1332 897 perspicuus,
1370 848 1436 883 suis
1469 860 1528 882 nos
1560 849 1687 897 scriptis
1708 849 1888 895 postulasse

1135 899 1343 945 dignoscitur,
1374 906 1405 933 et
1434 897 1626 944 apostolicae
1666 898 1752 933 sedis
1792 908 1888 946 caput

1135 949 1275 983 omnium
1308 947 1511 983 ecclesiarum
1550 947 1748 994 privilegium
1775 960 1888 983 mona-

1135 998 1229 1033 sterio
1251 998 1366 1033 Beatae
1396 997 1585 1037 Genitricis,
1614 1005 1645 1032 et
1670 1009 1797 1044 semper
1822 997 1887 1032 vir-

1134 1047 1215 1093 ginis
1237 1048 1364 1089 Mariae,
1377 1047 1425 1082 vel
1439 1046 1573 1081 Sanctae
1583 1046 1776 1088 Columbae,
1791 1054 1887 1094 atque

1134 1097 1269 1132 Sanctae
1291 1097 1422 1141 Agatae,
1458 1108 1513 1131 seu
1542 1097 1677 1131 aliorum
1704 1103 1886 1132 sanctorum

1136 1155 1304 1194 martyrum
1341 1147 1371 1180 in
1403 1146 1483 1186 loco,
1520 1146 1573 1192 qui
1611 1154 1813 1192 nuncupatur
1851 1146 1882 1181 il.

1135 1208 1230 1242 super
1249 1208 1327 1242 pago
1349 1196 1392 1229 ill.
1409 1195 1492 1242 quod
1517 1196 1571 1229 viri
1596 1195 1754 1242 magnifici
1776 1195 1885 1242 ill.pia

1134 1244 1300 1279 devotione
1323 1245 1432 1285 dediti,
1456 1252 1546 1285 nutu,
1568 1253 1598 1279 et
1620 1245 1810 1291 aspiratione
1832 1245 1887 1279 di-

1136 1294 1203 1328 vina
1227 1294 1440 1328 construxisse
1473 1302 1659 1335 noscuntur,
1687 1294 1719 1329 in
1741 1306 1805 1340 quo
1827 1294 1885 1329 de-

1134 1351 1311 1387 creverunt,
1335 1351 1368 1378 ut
1390 1342 1511 1390 puellae
1532 1343 1591 1377 Dei
1620 1355 1725 1378 sacrae
1750 1343 1886 1390 virgines

1135 1393 1164 1426 in
1198 1393 1313 1428 sanctis
1342 1392 1468 1433 studiis,
1491 1399 1521 1427 et
1547 1392 1784 1428 venerabilibus
1813 1393 1886 1428 diu-

1135 1442 1235 1476 turnis
1257 1441 1531 1483 meditationibus,
1558 1450 1588 1476 et
1612 1442 1762 1487 assiduis,
1790 1442 1885 1478 vitam

1135 1491 1216 1537 piam
1238 1499 1333 1538 atque
1346 1491 1619 1538 contemplativam
1635 1491 1695 1526 sub
1709 1492 1885 1527 retrusione

1133 1552 1278 1576 exercere
1301 1540 1479 1575 videantur:
1509 1553 1565 1587 pro
1587 1553 1647 1588 qua
1682 1553 1715 1576 re
1748 1542 1884 1588 supplici

1133 1590 1330 1636 expetierunt
1371 1590 1540 1636 deprecatu
1557 1618 1565 1631 ,
1608 1598 1642 1625 ut
1683 1590 1883 1637 privilegium

1132 1640 1323 1685 apostolicae
1340 1639 1424 1675 sedis
1440 1648 1563 1674 nostrae
1583 1640 1612 1674 in
1630 1640 1742 1674 eodem
1765 1653 1884 1675 mona—

1132 1689 1227 1723 sterio
1249 1689 1424 1723 concedere
1462 1688 1660 1724 deberemus.
1688 1689 1782 1731 Quod
1805 1690 1884 1725 saln-

1132 1737 1227 1772 briter
1248 1746 1426 1773 annuentes
1441 1738 1576 1773 maxime
1598 1739 1782 1774 domesticis
1796 1739 1881 1783 fidei,

1131 1795 1161 1821 et
1182 1799 1237 1833 spe
1259 1796 1342 1822 certa
1364 1787 1489 1822 salubre
1510 1788 1689 1823 futurorum
1721 1788 1878 1824 bonorum

1133 1836 1338 1882 fulgentibus,
1355 1837 1415 1872 hoc
1443 1837 1641 1884 privilegium
1672 1838 1801 1884 perenni
1823 1851 1884 1873 au—

1132 1887 1272 1921 ctoritate
1283 1887 1471 1921 servandum
1480 1886 1614 1922 libenter
1622 1887 1812 1922 indulsimus
1821 1901 1878 1935 pro

1131 1935 1555 1971 divinointuitu.llaecenim
1566 1949 1643 1972 nova
1653 1937 1882 1984 postulantium

1130 1985 1177 2019 vel
1187 1985 1470 2031 indulgentiuinest
1481 1987 1649 2021 auctoritas
1659 1986 1812 2033 privilegii
1822 1986 1883 2022 lar-

1130 2034 1236 2081 giendi
1253 2034 1327 2069 dum
1343 2035 1484 2081 profectu
1500 2037 1542 2079 (l)
1561 2037 1665 2070 cuncti
1687 2044 1717 2071 et
1737 2036 1884 2085 plerique

1130 2085 1389 2131 praedecessores
1410 2085 1509 2119 nostri
1531 2096 1587 2131 per
1610 2086 1774 2131 praeterita
1801 2093 1884 2121 tem-

1132 2145 1205 2180 pora
1216 2134 1405 2180 apostolicae
1420 2133 1505 2169 sedis
1520 2134 1692 2181 praesules,
1705 2147 1767 2170 non
1777 2136 1880 2170 solum

1129 2183 1188 2217 sub
1202 2183 1320 2218 ditione
1338 2191 1443 2218 nostra
1462 2184 1650 2225 constitutis,
1664 2184 1717 2219 sed
1733 2184 1827 2219 etiam
1849 2185 1881 2219 in

1129 2232 1260 2267 caeteris
1279 2232 1459 2279 regionibus
1473 2233 1582 2280 positis
1591 2233 1745 2280 postulata
1756 2246 1883 2281 semper

1130 2282 1320 2328 indulgenda
1342 2290 1524 2323 sanxerunt,
1552 2283 1736 2329 praesertim
1765 2284 1796 2318 in
1830 2296 1882 2318 re-

1128 2332 1222 2378 gione
1236 2331 1430 2366 Francorum
1446 2331 1521 2366 dum
1536 2332 1677 2379 profectu
1700 2334 1744 2378 (⁶2.)
1764 2341 1880 2368 cuncta

1129 2393 1227 2429 usque
1247 2381 1284 2415 ad
1308 2382 1387 2416 fines
1402 2389 1503 2416 terrae
1519 2390 1550 2416 et
1571 2381 1690 2416 Oceani
1705 2383 1800 2422 maris
1814 2390 1880 2417 ter-

1129 2431 1248 2466 minum
1263 2430 1322 2465 sub
1338 2430 1374 2465 Β.
1389 2430 1472 2465 Petri
1485 2431 1640 2478 principis
1658 2432 1874 2479 apostolorum

1128 2480 1247 2515 ditione
1269 2480 1452 2514 consistant.
1486 2480 1579 2516 Unde
1614 2488 1737 2528 oportet
1767 2493 1878 2516 omnes

1127 2530 1258 2565 omnino
1281 2529 1464 2565 medullitus
1485 2542 1521 2565 ac
1544 2530 1616 2565 totis
1636 2530 1754 2566 viribus
1776 2530 1880 2566 modis

1127 2579 1275 2614 omnibus
1302 2578 1443 2620 obedire,
1478 2592 1558 2626 quae
1599 2592 1654 2627 per
1686 2580 1767 2615 beati
1796 2580 1879 2614 Petri
1901 2583 1959 2605 nme

1126 2628 1344 2664 auctoritatem
1376 2629 1547 2675 apostolica
1587 2629 1680 2664 sedes
1711 2630 1879 2678 'postulata

1162 2690 1202 2727 (l)
1219 2689 1350 2717 Profecto.
1388 2689 1429 2726 (⁶2)
1448 2690 1579 2718 Profecto.

1918 297 1970 324 An.
1994 298 2021 325 C.
2051 297 2102 326 Gan

1916 601 1996 621 Causae
2006 608 2102 623 conces-

1917 636 1993 658 sionis.

1909 1926 2041 1950 Pontificum
2057 1927 2091 1950 li-

1907 1962 2010 1986 beralitas
2069 1965 2090 1987 in

1929 2002 2076 2026 concedendis

1934 2039 2063 2070 privilegiis.

1903 2500 2030 2529 obedientia
2047 2504 2086 2526 in-

1902 2540 1969 2564 dultis
1982 2541 2085 2571 Aposto-

2023 2584 2086 2607 Sedis

1902 2620 1983 2643 debita.

2225 1886 2230 1909 t

2224 1911 2229 1955 l
