2237 3127
79 271 134 300 An.
156 270 185 300 C.
211 271 263 299 999

920 287 946 309 Sl
952 287 1097 310 LVESTER
1117 288 1143 310 Π
1167 288 1215 311 ΡΡ.

1722 281 1796 315 477

76 355 172 378 Abbm.
205 355 261 377 ffl-
284 349 319 372 se
353 337 605 384 pertinentibus,
645 339 700 374 tibi
749 339 847 374 nostri
883 341 1038 387 privilegii
1083 342 1137 376 stri
1162 341 1318 388 privilegii
1347 342 1529 377 observator
1565 343 1716 384 cxtiterit,
1755 345 1840 380 omni

76 392 157 414 denses
185 399 196 414 ⁸
213 391 260 414 ³0¹³
285 389 508 434 praeceptione
522 388 738 429 concedimus,
752 390 911 435 largimur,
921 402 956 424 ac
968 403 1041 424 con-
1082 391 1306 426 benedictione
1325 393 1498 438 repleatur:

74 427 131 449 Scdo
156 427 260 457 Aposto-

73 463 117 485 lica
126 470 260 486 conseri-an-

73 499 106 522 di.

72 616 108 638 Iu·
132 617 257 646 primatiate

71 654 93 673 et
161 653 257 683 synodos

71 687 177 710 vocandi.

70 804 156 827 Nemini
176 804 254 836 liceat,

68 841 192 864 inconsulto
210 841 255 864 ab—

67 877 127 906 bate,
137 884 200 899 sacra
214 877 255 899 bs-

67 911 120 934 bero
136 912 164 934 ad
179 920 255 934 mona-

66 948 129 970 stet-ii
167 948 254 977 prinei-

65 983 116 1012 pale
134 983 210 1007 altare.

93 1045 252 1069 lttonasterium

66 1080 107 1104 suli
131 1082 251 1112 Apostoli—

66 1123 105 1138 cee
122 1116 174 1140 Sedi
194 1118 251 1141 sub-

65 1151 156 1176 iectum.

62 1335 160 1359 Abbates
171 1337 198 1359 ab
209 1338 249 1361 bac

62 1371 134 1394 solutu
146 1373 250 1396 iudican-

63 1407 95 1432 di.

61 1687 97 1710 Ius
120 1688 246 1719 appellandi

59 1723 88 1745 ad
104 1724 184 1747 sedem
211 1726 247 1748 A-

60 1760 205 1789 pusionem.

57 2181 112 2204 Uuun
131 2182 245 2205 »undatio-

57 2224 104 2239 rum
122 2221 143 2240 ot
158 2218 242 2242 dalma-

57 2253 124 2276 ticae.

56 2513 118 2536 nonu
135 2517 157 2537 et
180 2514 242 2537 deci-

57 2557 104 2572 mae
122 2555 242 2574 monaste-

56 2587 90 2608 rio
149 2589 240 2611 omnino

55 2622 152 2647 debitae.

1530 395 1581 440 qni
1600 406 1672 428 tero
1694 407 1842 442 quoquo-

283 436 462 479 firmamus,
485 449 519 472 ea
551 438 672 473 scilicet
699 439 831 483 ratione,
859 446 892 473 ut
934 440 1038 474 nullus
1083 441 1176 475 inodo
1193 441 1274 475 hanc
1298 450 1435 476 nostram
1452 443 1707 489 praeceptionem
1723 444 1839 480 violare

284 485 360 520 inde
392 486 519 521 futurus
548 487 646 522 abbas
671 488 941 522 consecrationem
977 501 1038 523 un-
1080 491 1341 536 praesumpserit,
1364 490 1441 525 iram
1465 492 1522 525 Dei
1540 493 1706 527 incurrens
1735 493 1763 527 in
1781 506 1838 528 ex-

282 546 378 581 quam
406 536 553 583 accipere
585 545 784 583 praesumat,
820 537 879 571 nisi
907 537 945 571 ab
980 538 1037 573 hac

282 591 389 619 nostra
411 586 582 632 apostolica
609 586 702 620 sede:
723 586 805 621 inter
831 586 935 620 omnia
960 599 1036 621 vero

282 634 380 668 totius
409 633 600 670 Germaniae
635 635 787 670 coenobia
815 635 953 681 primum
976 648 1036 670 or—

282 683 390 718 dinem
413 684 556 729 sedendi,
579 684 644 719 sive
677 685 853 725 iudicandi,
875 692 905 719 et
927 685 1035 719 conci—

281 731 360 766 lium
384 733 534 778 habendi7
561 734 615 768 tibi
645 733 771 781 tuisque
796 734 1034 769 successoribus

280 781 469 816 tribuimus:
492 783 569 818 nulli
597 783 690 817 etiam
706 783 1032 829 archiepiscoporum,

280 830 540 876 patriarcharum,
565 832 801 878 episcoporum,
818 832 864 866 vel
885 844 1033 879 quoquo-

279 880 374 914 modo
395 880 427 914 in
450 880 535 915 clero
570 881 741 916 constituto
771 889 909 920 temere,
932 882 991 915 nisi
1015 894 1030 915 a

277 928 368 964 vobis
402 937 531 976 accepta
561 930 700 970 licentia,
735 942 832 976 super
859 930 1031 976 principale

277 978 373 1013 altare
388 979 570 1014 monasterii
595 980 687 1014 vestri
716 980 883 1013 missarum
906 979 1031 1014 solein-

276 1027 328 1062 nia
351 1027 510 1063 celebrare
530 1029 635 1063 liceat:
665 1029 749 1063 nulla
777 1028 869 1063 etiam
896 1041 1029 1075 persona

276 1077 439 1124 principis,
463 1090 566 1125 neque
587 1086 700 1122 totuin,
724 1090 825 1124 neque
841 1088 958 1124 partem
976 1091 1030 1112 re-

274 1126 329 1160 stri
357 1128 538 1162 monasterii
561 1127 652 1162 alicui
682 1128 858 1162 mortalium
890 1127 950 1161 ulla
980 1140 1029 1161 ra-

274 1176 361 1210 tione
387 1176 537 1217 subdere,
561 1177 607 1211 vel
635 1177 694 1212 sul>
720 1176 867 1211 beneficii
899 1177 1028 1212 nomine

274 1224 349 1260 dare
376 1234 569 1272 praesumat,
592 1226 647 1261 sed
683 1226 767 1260 omni
804 1233 946 1272 tempore
968 1227 1026 1261 soli

273 1282 401 1309 sanctae
422 1283 547 1310 nostrae
570 1288 718 1311 romanae
745 1275 907 1310 Ecclesiae
930 1275 1026 1311 libera

273 1335 448 1371 securaque
470 1325 641 1360 deserviat:
661 1325 699 1368 si,
734 1325 817 1372 quod
852 1324 944 1363 absit,
967 1326 1028 1359 ali—

272 1373 345 1420 quis
367 1373 397 1407 in
417 1374 529 1408 eodem
553 1375 743 1409 monasterio
759 1376 950 1408 constitutus
969 1375 1026 1408 ab-

272 1421 329 1457 bas
350 1422 457 1469 aliquo
479 1424 613 1458 crimine
638 1423 762 1457 infamis
784 1424 888 1466 suerit,
905 1424 1026 1457 consti-

272 1472 404 1513 tuimus,
431 1484 468 1507 ac
484 1473 656 1520 apostolica
680 1473 865 1507 auctoritate
888 1472 1026 1507 indisso-

270 1520 409 1556 lubiliter
430 1533 556 1556 manere
578 1522 756 1566 sancimus,
781 1529 813 1556 ut
836 1521 1025 1568 pulsationis

270 1569 441 1605 discrimen
477 1571 599 1606 nullum
627 1571 752 1615 sentiat,
783 1571 884 1605 donec
918 1580 1024 1606 nostra

269 1620 442 1666 apostolica
464 1620 556 1655 sedes
591 1621 697 1655 iudicii
727 1632 893 1655 censuram
914 1620 941 1654 ei
964 1620 1024 1654 im-

269 1677 383 1716 ponat:
407 1669 499 1704 liceat
525 1677 630 1705 autem
659 1669 725 1713 tibi,
749 1670 874 1716 tuisque
896 1682 1024 1704 succes-

269 1718 394 1753 soribus
418 1719 450 1753 in
477 1728 668 1766 perpetuum
687 1719 908 1765 episcoporum
925 1731 1022 1759 inore,

268 1775 376 1802 nostro
399 1768 484 1803 dono
506 1778 674 1815 nostraque
697 1768 912 1802 munificentia
939 1780 1023 1814 apo-

267 1817 411 1852 stolicam
431 1817 538 1852 sedem
560 1818 598 1852 ad
623 1818 715 1852 vestri
740 1817 954 1851 defensionem
971 1830 1024 1864 ap-

268 1866 396 1913 pellare,
419 1878 456 1901 ac
478 1875 585 1901 contra
608 1879 718 1901 omnes
736 1867 878 1901 aemulos
904 1874 1022 1900 vestros

269 1927 416 1950 romanae
440 1916 609 1950 maiestatis
643 1923 733 1950 scuto
761 1928 815 1950 vos
845 1915 1020 1950 defensare.

267 1963 354 1999 Haec
376 1965 514 2011 denique
542 1965 685 1999 universa
709 1965 790 1998 inter
814 1964 908 1999 totius
937 1965 1021 1999 orbis

267 2013 421 2048 coenobia
454 2023 590 2048 vestram
640 2014 834 2049 Fuldensem
866 2013 1019 2048 abbatiam

266 2062 496 2108 specialissimo
525 2063 704 2097 dilectionis
731 2064 844 2097 affectu
868 2072 1021 2109 perpetuo

266 2111 383 2147 habere
398 2112 553 2153 volumus,
568 2124 603 2146 ac
621 2112 754 2146 firmiter
768 2112 1020 2153 corroboratum&

266 2173 360 2196 usum
395 2162 525 2208 insuper
549 2161 751 2196 sandalorum
778 2173 814 2195 ac
836 2162 1020 2196 dalmatica-

266 2223 335 2245 rum
366 2211 543 2246 sccundum
577 2211 663 2257 quod
685 2211 725 2245 ab
763 2211 1019 2245 antecessoribus

265 2260 382 2295 nostris
404 2260 492 2295 vobis
514 2272 701 2295 concessum
727 2268 785 2300 est,
814 2260 1019 2294 concedimus

266 2317 296 2344 et
314 2309 550 2344 confirmamus.
566 2309 778 2344 Prohibemus
794 2317 897 2344 autent
912 2310 1018 2343 cuius-

266 2358 341 2393 libet
383 2359 544 2393 Ecclesiae
584 2359 780 2394 sacerdotem
818 2358 865 2393 vel
888 2359 1018 2405 episco-

266 2421 342 2455 pum
358 2408 388 2442 in
405 2408 488 2443 idem
502 2408 662 2443 Fuldense
672 2409 897 2443 monasterium
913 2420 1018 2454 quam-

266 2457 343 2492 libet
364 2457 515 2493 ditionem
538 2457 654 2492 habere
678 2466 800 2505 practer
822 2457 929 2491 sedem
947 2469 1020 2503 apo-

267 2507 426 2542 stolicam:
450 2508 529 2541 dona
553 2519 626 2542 vero
664 2515 694 2542 et
728 2507 903 2542 oblationes
926 2506 1019 2540 ‹leci-

267 2569 398 2604 masque
421 2557 574 2591 fidelium*
592 2556 710 2603 absque
740 2556 834 2591 ullius
866 2568 1018 2603 personae

268 2607 519 2641 contradictione
562 2606 708 2640 firmitate
736 2614 886 2653 perpetua
931 2605 1018 2639 toliis

267 2663 482 2704 permaneant.
506 2655 606 2703 Igitur
632 2656 823 2703 quicumque
844 2654 938 2690 huius
959 2667 1018 2690 no-

1080 546 1177 572 trema
1200 539 1251 573 dic
1284 540 1391 574 iudicii
1427 549 1604 576 amai-anaia
1638 542 1838 579 anathemate

1079 588 1223 634 perditus
1250 588 1330 622 lucis
1357 589 1530 624 claritatem
1554 591 1685 625 nesciat.

1127 636 1288 682 Scriptum
1317 650 1372 684 per
1394 651 1507 674 manus
1527 640 1653 674 Antonii
1679 641 1790 676 notarii
1805 650 1836 677 et

1076 686 1222 720 scrinarii
1249 695 1375 721 sanctae
1401 699 1550 723 romanae
1576 689 1751 725 Ecclesiae.

1344 736 1430 771 Bene
1451 738 1562 772 valete.

1124 784 1244 818 Datum
1280 797 1306 818 11
1340 785 1400 819 kal.
1445 787 1573 820 ianuarii
1611 799 1667 833 per
1702 801 1830 824 manum

1074 832 1199 866 loannis
1214 842 1345 868 sanctae
1368 834 1558 870 Alliancnsis
1579 836 1741 872 Ecclesiae.
1764 840 1832 886 epi-

1073 882 1173 928 scopi,
1196 891 1226 916 et
1250 882 1479 918 bibliothecarii
1508 894 1634 919 sanctae
1655 887 1739 922 sedis
1753 900 1831 934 apo-

1072 932 1199 965 stolicat=
1227 944 1310 966 anno
1348 932 1416 967 Deo
1453 935 1589 980 propitio
1629 937 1832 982 pontificatus

1072 980 1179 1014 domui
1204 980 1345 1015 Silvestri
1380 983 1512 1017 iunioris
1544 996 1642 1030 papae
1671 985 1698 1026 I,
1723 986 1832 1033 impe—

1073 1038 1159 1064 rante
1182 1029 1300 1064 domuo
1323 1031 1440 1066 Ottone
1464 1032 1517 1071 Ill,
1548 1034 1667 1078 pacifici
1705 1035 1828 1080 imperii

1071 1079 1137 1113 eius
1160 1091 1242 1113 anno
1269 1092 1321 1124 111,
1342 1080 1514 1115 indictione
1539 1095 1600 1116 xiii
1624 1086 1679 1126 (1).

1097 1135 1158 1166 Dat.
1182 1136 1229 1166 die
1251 1136 1285 1166 31
1312 1138 1477 1178 decembris
1498 1148 1573 1168 anno
1593 1139 1707 1170 Domini
1731 1142 1798 1179 999,

1249 1177 1354 1216 pontif.
1375 1178 1508 1207 Silvestri
1528 1188 1604 1208 anno
1627 1188 1646 1209 1.

1377 1246 1522 1256 ———

1432 1311 1471 1345 lt.

1069 1381 1214 1414 Sili-ester
1241 1383 1308 1415 PP.
1345 1395 1466 1416 sacram
1493 1395 1638 1417 coronam
1670 1385 1828 1429 Stephano

1118 1435 1344 1479 Hunffltrorum
1381 1438 1455 1469 [Ittct'
1492 1437 1596 1476 nzillt't,
1628 1450 1715 1482 quent
1742 1440 1825 1481 rcyt‘o

1116 1500 1235 1532 qaoque
1276 1491 1397 1523 nomine
1434 1491 1629 1529 colionescctm
1664 1492 1821 1535 variisque

1114 1545 1257 1576 concessis
1276 1545 1463 1588 priuilegyit's,
1486 1545 1729 1589 Strt'yonicnscm
1752 1546 1822 1578 Ec-

1114 1598 1235 1630 ctesiam
1261 1599 1350 1642 regym'
1386 1600 1578 1643 metropolim
1599 1600 1732 1633 instituit
1759 1600 1817 1642 (2).

1338 1671 1555 1702 St‘MMARtUM

1066 1737 1164 1775 Legati
1188 1736 1328 1776 Stephani
1357 1737 1451 1767 ducis.
1473 1738 1606 1768 —Haec
1629 1739 1737 1777 legatio
1760 1739 1821 1769 Sil-

1105 1786 1199 1809 vestro
1219 1785 1362 1810 nocturno
1385 1781 1449 1810 visu
1474 1782 1614 1811 divinitus
1634 1783 1758 1812 obiecta.
1780 1800 1820 1807 —-

1104 1825 1200 1854 Pictas
1231 1824 1372 1863 Stephani
1401 1825 1496 1855 ducis.
1519 1843 1559 1847 —
1586 1825 1755 1865 Stephanus
1780 1836 1822 1864 se,

1104 1866 1288 1908 regnumque
1313 1869 1341 1898 S.
1366 1869 1450 1899 Petro
1474 1870 1588 1899 obtulit.
1609 1887 1650 1892 —
1670 1870 1822 1909 Diadetna,

1103 1923 1270 1952 nomenque
1286 1923 1387 1951 regum
1406 1915 1431 1943 ci
1451 1915 1632 1944 conceditur.
1654 1931 1694 1937 ·—-
1707 1915 1820 1953 Strigo-

1102 1959 1214 1988 niensis
1233 1959 1414 1997 metropolis.
1435 1976 1475 1980 --
1502 1959 1667 1998 ΙἸιιηςῑινίᾶθ
1690 1968 1816 1997 regnum

1102 2007 1129 2032 et
1148 2012 1219 2040 gens
1243 2007 1299 2032 tota
1320 2003 1375 2032 sub
1396 2004 1575 2042 protectione
1602 2013 1740 2033 romanae
1764 2004 1820 2034 Ec-

1102 2046 1210 2075 clesiae
1227 2047 1380 2085 recipitur3
1396 2051 1423 2076 et
1440 2048 1651 2086 possidendum
1670 2048 1818 2086 Stephano

1102 2089 1135 2118 Ρι.
1154 2089 1279 2128 eiusque
1298 2090 1438 2127 legitimis
1462 2092 1689 2121 successorihus
1713 2102 1818 2122 conce-

1102 2133 1192 2162 ditur.
1215 2150 1255 2155 —
1283 2133 1424 2172 Stephani
1447 2144 1636 2165 successores
1661 2137 1723 2165 sedi
1747 2146 1819 2175 apo-

1100 2177 1220 2206 stolicae
1251 2177 1450 2208 obedientiam
1475 2184 1623 2218 praestare
1646 2184 1811 2210 teneantur.

1099 2239 1139 2243 —
1160 2221 1243 2251 Rom.
1266 2222 1399 2252 Ecclesia
1420 2224 1570 2253 subiectos
1591 2235 1648 2254 non
1677 2225 1765 2254 habet
1787 2229 1818 2254 ut

1100 2275 1208 2302 servo&
1227 2267 1277 2295 sed
1294 2271 1325 2296 ut
1342 2267 1430 2296 filios,
1449 2284 1490 2289 —
1507 2268 1675 2306 Ilungariae
1694 2268 1817 2306 regibus

1100 2320 1217 2339 crucem
1242 2315 1307 2340 ante
1340 2320 1386 2347 se,
1409 2321 1462 2341 ceu
1493 2313 1673 2351 apostolatus
1699 2313 1815 2350 insigne

1100 2359 1212 2393 gestare
1230 2355 1413 2391 conceditur,
1432 2357 1636 2395 'ecclesiisque
1664 2361 1724 2386 tum
1751 2366 1816 2386 cre-

1099 2400 1163 2435 ctis,
1182 2403 1240 2428 tum
1265 2399 1412 2436 erigendis
1436 2400 1590 2438 episcopos
1612 2401 1758 2430 ordinare.
1776 2417 1816 2425 —

1098 2443 1205 2472 Fausta
1228 2443 1376 2482 pontificis
1399 2445 1577 2482 apprecatio.

1094 2505 1133 2540 (1)
1149 2512 1189 2531 x11
1210 2504 1349 2539 legendum
1367 2509 1457 2531 monet
1483 2505 1627 2538 Schannat‚
1655 2508 1680 2532 et
1706 2505 1815 2540 quidem

1059 2549 1140 2571 recte.
1179 2545 1218 2580 (9.)
1235 2545 1275 2571 Ex
1290 2545 1400 2571 archivo
1417 2546 1599 2579 Traguricnsis
1616 2546 1747 2572 Ecclesiae
1764 2547 1814 2573 de-

1059 2588 1212 2620 promptum
1235 2585 1267 2611 ab
1299 2585 1414 2612 Antonio
1443 2586 1564 2612 Varantio
1593 2586 1708 2612 Dalmata
1733 2586 1815 2612 edulf.

1059 2625 1183 2651 Melchior
1201 2625 1320 2653 lnchoser
1339 2626 1434 2653 Annal.
1448 2626 1546 2653 Eccles.
1561 2628 1632 2661 regui
1650 2627 1768 2662 Hungar.
1780 2627 1813 2654 ad

1058 2673 1120 2692 ann.
1141 2666 1217 2692 1000.

1865 275 1919 305 An.
1937 275 1966 305 C·
1983 276 2053 306 1000

1896 397 2018 419 Anatbcmu

1865 437 1942 456 contra
1985 434 2049 456 inob-

1865 473 1989 493 servantes.
