2237 3127
240 284 289 312 An.
310 287 338 313 C.
357 290 423 321 ¹049

499 287 569 320 630

449 351 721 398 praedecessorum
738 355 911 382 nostrorum
933 347 1100 394 privilegiis
1115 359 1188 381 eon-

448 401 572 434 tinetur.
595 399 699 433 Abbas
727 410 797 432 vero
816 397 938 431 nonnisi
961 409 977 431 a
993 405 1096 430 nostra
1115 408 1185 442 apo-

445 449 551 483 stolica
573 448 656 491 sede,
679 459 695 481 a
718 459 778 493 qua
801 446 942 480 benedici
967 445 1070 486 debet,
1094 445 1186 479 bene-

445 498 581 540 dicatur,
615 506 644 531 et
665 497 690 530 si
714 496 743 529 iu
774 496 878 542 aliquo
904 495 1034 529 crimine
1055 507 1184 529 accusa-

444 556 493 581 tus
527 546 628 586 suerit,
664 546 703 580 de
736 545 844 578 eadem
882 553 984 579 nostra
1012 544 1181 590 apostolica

442 596 516 630 sede
554 603 670 629 tantum
719 594 867 628 iudicium
908 601 1059 640 expectet.
1102 593 1181 627 Illud

441 646 534 679 etiam
562 644 749 690 generaliter
788 643 967 677 addendum
1009 642 1181 682 «luximus,

440 703 473 728 ut
494 693 641 740 quicquid
668 693 754 727 vobis
781 693 960 726 auctoritaie
993 700 1053 726 tam
1090 700 1181 725 ante—

439 755 596 778 cessorum
621 750 797 776 nostrorum
810 769 818 783 „
840 754 933 788 quam
954 754 1063 786 regum
1082 750 1111 775 et
1127 741 1182 774 im-

438 801 613 839 peratorum
635 792 691 838 ipsi
708 800 808 825 vestro
825 790 972 824 Fuldensi
990 791 1180 824 monasterio

1017 292 1205 315 BFLLARmM
1231 291 1394 314 ROMANUM

1227 346 1474 381 corroboratum.
1502 345 1683 381 Statnentes
1706 346 1875 394 apostoliea
1898 359 1976 383 een-

1226 412 1311 440 sum,
1334 411 1372 433 ne
1387 400 1459 446 quis
1477 412 1613 447 unquam
1631 408 1738 435 contra
1753 401 1813 436 hoc
1830 412 1974 437 nostrum

1229 453 1425 500 privilegium
1456 454 1626 500 quicquam
1661 454 1773 489 audeat
1805 462 1972 491 attentare:

1226 507 1311 553 quod
1339 508 1362 541 si
1399 508 1470 554 quis
1505 508 1772 555 praesumpserit,
1807 521 1840 544 se
1876 509 1974 544 nostri

1226 560 1432 595 anathematis
1454 561 1578 596 vinculo
1601 574 1702 609 usque
1724 562 1761 596 ad
1784 563 1973 610 condignam

1225 614 1468 649 satisfactionem
1497 615 1706 650 insolubiliter
1735 618 1856 651 noverit
1883 618 1976 653 inno-

1226 668 1345 703 datum.
1380 669 1495 703 Datum
1532 670 1635 704 idibus
1663 671 1739 704 iunii
1774 683 1829 718 per
1863 684 1976 707 manus

1224 722 1307 757 Petri
1335 723 1459 757 diaconi
1489 723 1717 758 bibliothecarii
1740 731 1771 758 et
1797 725 1974 760 cancellarii

1223 784 1348 810 sauctae
1381 776 1571 824 apostolicae
1605 777 1701 816 sedis,
1736 789 1819 812 auno
1853 778 1974 814 domini

437 849 560 876 constat
587 841 682 875 fuisse
716 852 920 880 concessum,
942 840 979 874 sit
1003 840 1096 874 etiam
1120 852 1182 873 no-
1227 830 1299 863 '¹0⁰5
1328 829 1390 864 pp·
1427 830 1544 865 Leonis
1572 831 1683 877 primo,
1715 831 1887 867 indictione
1921 845 1976 869 se-

436 898 498 925 stra
523 890 693 936 apostolica
727 890 912 925 auctoritate
947 901 1001 936 per
1033 890 1092 923 boc
1120 901 1179 923 no-

434 947 533 975 strum
571 939 766 988 privilegium
818 938 1037 974 confirmatum
1085 946 1179 986 atque

1225 884 1340 920 cunda.

1383 945 1443 977 Dat.
1467 946 1553 982 1049,
1575 947 1679 987 pontif.
1698 956 1774 979 anno
1796 956 1815 978 ι.

460 2334 503 2371 (α)
517 2336 673 2372 Exemplum
693 2338 743 2365 hoc
758 2338 844 2365 'nullae
859 2339 997 2373 plumbeae
1020 2340 1112 2367 Leonis
1138 2341 1187 2366 PP.
1212 2340 1245 2367 ab
1261 2339 1440 2367 eruditissimo
1467 2340 1524 2367 viro
1551 2339 1687 2367 Friderico
1713 2340 1846 2367 Schannat
1863 2339 1891 2367 in
1908 2338 1966 2366 suis

427 2380 548 2407 vindiciis
564 2381 617 2408 tab.
638 2390 656 2408 n
672 2390 774 2409 summa
789 2390 850 2409 cum
866 2383 996 2418 diligentia
1013 2384 1173 2411 delineatum
1189 2384 1249 2417 t'mt,
1266 2388 1292 2411 et
1307 2392 1340 2411 ex
1357 2384 1398 2410 illa
1416 2384 1527 2411 fideliter
1543 2384 1744 2420 depromptum.

2007 285 2058 314 An.
2077 287 2108 316 C.
2126 287 2192 317 low
