2237 3127
78 303 129 330 An.
153 302 180 330 C.
209 302 260 331 538

951 315 1094 340 lemt's
1116 316 1167 340 PP.

286 365 450 401 rationem.
473 366 541 402 Hos
560 366 656 414 igitur
672 369 781 415 (prout
803 368 1037 405 christianitatis

285 424 405 449 vestrae
426 417 573 451 meritum
608 417 797 461 postulabat)
830 419 861 452 in
884 427 1035 465 qnantum

283 463 462 506 valuimus,
497 465 674 501 reddidisse
708 466 860 502 sufficiat:
892 468 1036 514 quamvis

283 524 340 547 nos
363 513 441 548 1111111
464 522 573 549 contra
589 515 764 562 synodalia,
782 517 828 550 vel
848 516 1035 563 praedeces-

281 573 388 596 sorum
426 571 608 599 nostrorum
635 564 816 610 praesulum
844 565 930 599 sedis
958 577 1036 611 apo-

281 610 409 646 stolicae
423 612 614 652 constituita,
628 613 887 648 autcommisisse
902 614 1034 660 aliquid,

281 667 335 693 aut
361 667 524 705 tentasse,
546 661 715 708 quisquam
743 661 816 696 licet
843 671 968 696 astutus
1004 670 1035 696 et

281 708 429 750 subtilis,
468 710 616 744 inveniet.
652 709 696 743 Ea
732 722 825 751 vero,
853 723 934 757 quae
961 711 1032 745 fidei

279 757 464 802 catholicae,
492 758 539 793 vel
561 758 686 792 animae
707 766 833 793 nostrae
860 759 1035 806 expediunt

280 805 337 848 (de
364 818 424 852 qua
446 807 528 841 sieut
549 807 634 841 novit
657 807 755 853 pietas
778 815 878 842 vestra
893 835 902 851 ,
924 816 954 842 01
978 821 1034 853 pro

279 854 464 889 sacerdotali
499 856 623 896 officio,
655 864 686 890 et
719 868 776 902 pro
805 856 1033 903 multiplicibus

278 902 438 948 praestitis
457 904 643 939 clementiae
658 913 791 949 vestrae,
814 917 940 940 causam
961 906 1033 952 plus

278 950 349 986 aliis
361 952 463 987 habeo
475 953 645 999 cogitandi)
656 966 825 1000 suggerere
838 966 900 988 non
910 955 1031 989 omitto.

276 999 313 1034 In
340 1001 452 1047 primis
487 1002 728 1049 supplicantes,
757 1011 787 1037 et
820 1003 920 1050 ipsius
950 1003 1031 1038 beati

277 1048 363 1083 Petri
392 1051 539 1096 apostoli,
556 1063 650 1097 quem
668 1051 796 1098 diligitis
818 1052 1032 1087 intercedente

276 1098 438 1144 suffragio,
459 1100 665 1146 postulantes,
680 1107 715 1135 ut
741 1113 867 1148 semper
888 1101 927 1135 ad
951 1101 1032 1136 hanc

277 1147 387 1181 sedem
415 1149 621 1195 apostolicam
651 1161 706 1195 pro
735 1149 946 1196 disponendis
968 1151 1031 1184 rei-

278 1195 424 1241 publicae
439 1206 561 1233 vestrae
579 1198 768 1232 utilitatibus
791 1199 983 1233 orthodoxas
1002 1207 1032 1233 et

276 1244 345 1279 Deo
366 1246 510 1293 placitas,
525 1255 554 1281 et
571 1259 692 1293 rugam,
708 1255 761 1281 aut
785 1248 939 1282 maculam
957 1248 1030 1283 fidei

278 1306 341 1328 uon
372 1295 525 1330 habentes
555 1295 728 1341 dignemini
761 1296 917 1331 destinare
953 1310 1027 1343 per-

278 1355 383 1385 sonas,
400 1356 454 1390 per
469 1357 547 1392 quas
567 1352 597 1378 et
620 1357 666 1385 ea,
683 1357 762 1391 qnae
786 1346 913 1392 publico
930 1355 1031 1382 vestro

277 1393 483 1434 conveniunt,
503 1393 672 1428 salubriter
690 1394 890 1438 ordinentur,
918 1403 949 1429 et
976 1408 1031 1441 pro

277 1442 402 1477 animae
422 1450 544 1477 vestrae
566 1442 713 1477 mercede
735 1443 909 1477 catholicae
932 1443 1032 1478 disci-

278 1490 385 1537 plinae
415 1491 448 1525 in
479 1490 568 1526 1111110
607 1491 814 1525 conturbetur
846 1492 1029 1537 integritas;

277 1546 311 1573 ut
332 1539 469 1575 universi
491 1551 598 1575 revera
626 1539 702 1574 illud
737 1541 856 1586 gratiae
884 1541 1030 1576 coelestis

277 1600 391 1623 manus
412 1589 487 1630 iam,
517 1589 600 1623 sicut
629 1597 660 1623 et
682 1589 853 1633 credimus,
881 1590 1030 1636 pietatem

275 1646 411 1672 vestram
440 1638 556 1672 habere
591 1646 797 1683 cognoscant,
824 1638 911 1685 quod
939 1638 1030 1673 Salo-

275 1698 352 1721 mon
369 1686 472 1722 adbnc
495 1699 511 1721 a
529 1687 668 1721 Domino
690 1687 880 1733 postulabat,
900 1687 1029 1722 dicens:

277 1735 378 1770 Dabis
408 1748 498 1770 servo
521 1744 573 1770 tuo
597 1747 651 1770 cor
678 1735 787 1770 audire
802 1763 810 1776 ,
832 1745 862 1771 01
890 1736 1031 1771 iudicare

277 1784 433 1831 populum
461 1792 551 1819 tuum
581 1785 613 1818 in
641 1784 770 1829 iustitia,
798 1793 828 1819 et
856 1785 1031 1832 intelligere

277 1834 359 1868 inter
394 1833 511 1868 malum
533 1841 563 1868 et
588 1833 708 1867 bonum
732 1837 783 1877 (a).
814 1834 854 1868 Et
880 1834 952 1880 quia
978 1847 1032 1879 per

279 1881 379 1916 filium
407 1890 551 1917 nostrum
580 1882 785 1917 Dominicum
818 1883 1029 1929 praesentium

277 1931 462 1977 portitorem
501 1931 656 1978 quaedam
691 1931 787 1966 verbo
832 1932 1029 1977 suggerenda

277 1979 511 2021 mandavimus,
538 1992 703 2026 speramus
730 1988 765 2014 ut
792 1993 845 2019 ea,
873 1981 1031 2026 aspirante

278 2028 370 2064 vohis
390 2028 545 2073 Domino,
568 2037 598 2064 et
619 2029 754 2064 libenter
774 2029 885 2064 audire
912 2030 1031 2076 digne—

276 2077 368 2122 mini,
390 2086 420 2112 et
446 2078 581 2112 maxime
601 2089 682 2124 quae
698 2078 931 2114 ecclesiasticae
949 2080 1030 2126 paci,

277 2138 313 2161 ac
343 2126 383 2162 de
404 2126 479 2162 hinc
506 2127 719 2173 generalitatis
745 2128 841 2174 quieti
866 2128 1030 2175 profutura

277 2184 362 2216 sunt,
401 2184 553 2211 consueta
585 2176 813 2212 christianitate
839 2177 888 2212 vel
917 2178 1030 2225 provi-

277 2225 384 2260 dentia
406 2225 591 2272 disponatis.

580 2293 712 2300 —-.

634 2347 672 2383 ΙΙ.

284 2419 367 2452 Vives
393 2420 580 2464 apostolicae
606 2422 684 2455 sedis
709 2423 862 2456 Aztaeanz’o
888 2423 922 2455 in
949 2423 1031 2456 Gal-

326 2469 370 2502 lia
396 2469 538 2512 deleqat,
573 2477 599 2503 et
627 2471 720 2514 pallii
750 2484 839 2505 usum
872 2473 1028 2511 concedit,

326 2519 493 2552 admonens
511 2544 520 2561 ,
552 2526 585 2551 ut
620 2531 679 2563 pro
709 2520 895 2564 imperatore
928 2522 1030 2553 Deum

325 2574 389 2600 oret
412 2578 576 2612 pacemque
601 2569 681 2602 inter
707 2570 828 2613 ipsum,
849 2576 876 2602 et
909 2570 1030 2603 61111110-

326 2616 442 2648 bertum
462 2627 561 2660 reyem
583 2628 761 2651 conservare
785 2620 903 2652 studeat
925 2620 980 2663 (i).

311 2679 352 2716 (ιι)
373 2680 435 2716 Reg.
454 2688 494 2706 111.
512 2680 538 2714 ’5,
556 2681 582 2708 9.
622 2681 661 2718 (1)
681 2682 776 2716 Cone„
796 2682 846 2711 loc.
862 2683 908 2711 cit.

1715 310 1784 346 149

1351 371 1565 403 smntimtmt

1077 431 1116 461 De
1140 432 1346 471 episcoporum
1367 435 1533 473 (1311515001
1553 436 1695 466 vicarium
1716 442 1835 476 aposto-

1118 472 1218 507 licum,
1241 473 1373 502 adhibito
1393 479 1577 504 caeterorum
1600 485 1757 513 consensu,
1783 478 1832 507 di-

1117 512 1288 541 scutiendis.
1301 530 1339 532 —
1355 513 1477 542 Maiores
1496 523 1603 544 causae
1619 516 1653 545 ad
1666 516 1743 545 seclis
1759 526 1833 556 apo—

1117 551 1237 579 stolicae
1261 551 1403 581 indii-inm
1427 553 1612 583 ‹elel'erenilae
1635 572 1674 577 —-
1695 555 1831 595 Episcopi

1116 599 1130 618 a
1151 590 1213 618 suis
1233 590 1374 620 Eeizlesiis
1394 592 1450 621 nisi
1474 592 1591 622 obtenta
1616 594 1697 632 prius
1719 595 1755 624 ab
1775 605 1828 625 eo-

1116 629 1181 657 dem
1209 629 1317 659 11103110
1351 631 1467 660 licentia
1494 641 1529 661 ne
1556 634 1703 663 recedant.
1726 651 1766 657 —
1792 635 1831 664 De

1116 677 1186 706 pace
1203 669 1279 698 inter
1291 670 1359 707 imp.
1374 675 1401 699 et
1414 680 1512 708 regem
1529 671 1747 702 Cliililebertum
1764 684 1833 704 con—

1115 707 1252 737 cilianda.
1278 725 1317 730 —
1343 709 1468 739 Pallinm
1492 711 1624 741 Auxanio
1647 713 1829 742 conceditur.

1172 777 1352 806 Dilectissimo
1370 778 1455 808 fratri
1471 780 1605 809 auxentio
1625 782 1740 817 Vigilius

1123 855 1210 891 Sicut
1235 870 1291 891 nos
1325 870 1380 904 pro
1412 866 1482 893 tuae
1510 859 1669 895 charitatis
1690 861 1805 896 affectu
1821 890 1829 903 ,

1075 913 1104 938 et
1127 918 1182 950 pro
1196 906 1415 951 gloriosissimi
1441 908 1494 941 filii
1511 909 1607 942 nostri
1634 910 1717 955 regis
1738 910 1830 944 Cliil-

1074 953 1195 989 ‹leberti
1217 955 1387 989 christiana
1411 956 1576 991 devotione
1599 958 1771 1003 mandatis,
1789 959 1830 993 vi-

1074 1014 1126 1036 ces
1156 1011 1278 1037 nostras
1303 1004 1508 1039 libentissima
1532 1005 1692 1041 voluntate
1714 1016 1832 1042 contu-

1074 1051 1179 1092 limus,
1197 1053 1237 1086 ita
1253 1053 1478 1088 fraternitatem
1499 1062 1583 1088 tuam
1599 1056 1747 1090 convenit
1760 1056 1830 1091 Deo

1074 1100 1196 1146 placitis
1224 1102 1374 1148 operibns
1402 1110 1505 1138 tantae
1532 1104 1617 1138 sedis
1645 1106 1832 1140 auctoritate

1073 1149 1165 1195 digna
1185 1152 1425 1186 conversatione
1449 1153 1506 1196 uti,
1529 1161 1622 1199 atque
1645 1153 1830 1200 disponere,

1074 1207 1106 1232 ut
1123 1198 1213 1233 bonis
1228 1200 1351 1234 actibus
1375 1200 1589 1245 innotescens,
1611 1211 1730 1237 rei-tum
1746 1203 1831 1238 circa

1073 1247 1255 1282 charitatem
1292 1256 1377 1283 tuam
1407 1249 1561 1284 iudicium
1594 1260 1719 1286 nostrae
1747 1252 1831 1288 dile-

1073 1296 1188 1331 ctionis
1210 1298 1370 1332 ostendas.
1394 1297 1552 1333 Convenit
1576 1300 1661 1334 enim
1684 1313 1742 1335 nos
1769 1301 1830 1336 do-

1072 1346 1168 1379 ctoris
1195 1348 1335 1391 gentium
1364 1347 1512 1382 mandata
1541 1348 1690 1393 recolere,
1712 1349 1828 1396 quibus

1072 1394 1296 1429 Tliiniotlieum
1321 1395 1512 1442 discipulum
1533 1410 1625 1431 suum
1650 1398 1829 1434 instructio-

1072 1443 1167 1477 nibus
1199 1444 1316 1478 sanctis
1354 1444 1520 1489 hortatur,
1548 1446 1675 1480 dicens:
1704 1446 1850 1482 Exemael

1073 1491 1160 1536 plum
1186 1500 1253 1526 esto
1277 1492 1417 1527 fidelium
1441 1494 1471 1527 in
1495 1494 1601 1533 verbo„
1622 1495 1653 1528 in
1671 1507 1832 1531 conversa-

1073 1540 1170 1584 tione,
1193 1541 1222 1574 in
1247 1541 1409 1582 charitate,
1426 1542 1456 1576 in
1473 1543 1545 1583 fide,
1562 1544 1594 1577 in
1616 1544 1759 1579 castitate
1777 1548 1827 1589 (a).

1071 1588 1112 1622 Et
1148 1589 1230 1623 sicut
1267 1590 1341 1624 item
1369 1592 1587 1637 apostolorum
1627 1592 1749 1638 primus
1774 1606 1829 1628 sa-

1073 1637 1240 1672 luberrima
1279 1639 1497 1675 admonitione
1530 1641 1743 1687 praecipiens:
1767 1642 1830 1677 Pa-

1072 1686 1161 1730 scite,
1189 1687 1243 1733 qui
1266 1687 1296 1721 111
1316 1688 1406 1722 vobis
1433 1697 1491 1729 est,
1519 1702 1647 1736 gregem
1675 1690 1735 1725 Dei
1765 1693 1829 1735 (b),

1072 1737 1276 1782 consequenti
1287 1737 1695 1785 adhortationesubiungit:
1711 1739 1828 1774 Forma

1073 1784 1142 1818 facti
1171 1785 1276 1830 gregis
1292 1798 1330 1820 ex
1352 1787 1472 1827 31111110,
1491 1795 1522 1821 et
1546 1800 1618 1822 cum
1646 1790 1828 1834 apparuerit

1074 1833 1220 1880 princeps
1247 1843 1420 1880 pastorum,
1437 1836 1617 1882 percipietis
1644 1836 1827 1872 immarces-

1072 1882 1197 1916 sibilem
1230 1884 1349 1928 gloriae
1383 1896 1543 1919 coronam.
1571 1885 1606 1920 Si
1639 1897 1720 1932 quae
1750 1898 1826 1932 ergo

1073 1931 1153 1965 iuter
1166 1931 1288 1973 fratres,
1311 1940 1341 1967 et
1357 1934 1562 1980 coepiscopos
1584 1942 1724 1979 nostros,
1740 1935 1771 1969 in
1784 1935 1827 1970 lo-

1072 1981 1117 2014 cis
1144 1989 1264 2015 vestrae
1290 1982 1432 2016 charitati
1460 1984 1617 2029 praesenti
1636 1984 1823 2019 auctoritate

1071 2029 1262 2074 commissis,
1284 2031 1461 2065 seminante
1484 2032 1536 2066 illo
1554 2039 1683 2067 auctore
1710 2045 1748 2067 ex
1769 2045 1827 2067 an-

1071 2078 1157 2124 tiqua
1173 2079 1339 2125 iniquitate
1348 2080 1492 2121 zizanias,
1504 2081 1716 2116 dissentiones
1728 2094 1828 2116 emer-

1071 2127 1190 2171 serint,
1217 2128 1367 2163 adhibitis
1409 2129 1572 2164 vobiscum
1605 2130 1827 2165 sacerdotibus

1072 2189 1204 2211 numero
1238 2178 1430 2224 competenti
1448 2206 1456 2220 ‚
1478 2190 1590 2213 causas
1622 2179 1774 2214 canonica
1796 2187 1828 2214 et

1071 2225 1243 2272 apostolica
1269 2227 1427 2273 aequitate
1459 2227 1626 2269 discutite,
1653 2240 1690 2263 ea
1722 2228 1827 2263 modis

1071 2275 1218 2309 omnibns
1240 2275 1361 2322 prolato
1380 2276 1497 2311 iudicio
1514 2277 1647 2321 finituri,
1662 2289 1742 2324 qnae
1756 2277 1825 2312 Deo

1071 2323 1196 2370 placitis
1218 2324 1421 2360 decessorum
1446 2333 1627 2360 nostrorum
1643 2326 1767 2373 possint
1780 2337 1827 2361 re-

1071 2373 1154 2418 gnlis
1183 2374 1364 2409 convenire.
1393 2374 1425 2409 Si
1455 2386 1516 2421 qua
1543 2387 1617 2409 vero
1638 2374 1828 2419 certamina,

1071 2430 1123 2456 aut
1149 2422 1188 2457 de
1222 2423 1374 2469 religione
1403 2423 1476 2458 fidei
1491 2450 1500 2467 ,
1522 2423 1606 2470 quod
1628 2423 1717 2458 Deus
1739 2423 1828 2458 aufe-

1072 2479 1130 2515 rat,
1151 2479 1205 2506 aut
1223 2472 1262 2506 de
1277 2472 1420 2518 quolibet
1438 2473 1579 2518 negotio,
1603 2472 1689 2519 quod
1711 2471 1755 2506 ibi
1770 2484 1827 2520 pro

1862 306 1913 332 An.
1937 306 1963 332 G,
1987 305 2037 331 :245

1857 1881 1889 1904 De
1923 1882 2043 1913 episcopo—

1857 1925 1903 1939 rum
1922 1919 1991 1941 causis
2004 1926 2043 1948 per

1857 1953 1963 1977 vicarium
1980 1962 2041 1985 apo-

1856 1989 1948 2011 tolicum
1984 1990 2029 2012 ad-

1856 2024 1926 2046 hibito
1962 2028 2040 2048 caete·

1856 2066 1931 2081 ΓΟῙῚΠῺ
1949 2068 2041 2082 00118911-

1857 2101 1880 2116 su
1889 2095 2042 2118 discutiendis.

1870 2391 1965 2414 Maiores
1984 2399 2040 2414 rau-

1854 2433 1891 2449 sac
1919 2427 1945 2449 ad
1978 2428 2040 2450 Sedis

1869 2464 2014 2493 Apostolicae

1854 2499 1959 2522 iudicium
1991 2499 2034 2522 de—

1070 2520 1118 2554 sni
1139 2521 1361 2567 magnitudine
1376 2521 1537 2556 terminari
1550 2533 1613 2556 non
1627 2521 1737 2569 possit,
1752 2533 1826 2556 eve·
1853 2533 1969 2557 serendae.

1071 2570 1187 2614 nerint,
1213 2570 1310 2605 totius
1336 2570 1473 2605 veritatis
1501 2569 1649 2616 indagine
1678 2570 1823 2616 diligenti

1072 2619 1191 2654 ratione
1217 2619 1361 2655 discussa
1384 2619 1544 2654 relationis
1557 2619 1596 2654 ad
1624 2631 1683 2655 nos
1704 2619 1822 2655 seriem

1105 2683 1146 2721 (a)
1167 2685 1191 2712 1.
1211 2684 1330 2714 Τ11110111,
1350 2685 1366 2712 [ι
1385 2684 1424 2722 (b)
1443 2685 1466 2712 1.
1484 2684 1556 2713 Petr.
1572 2685 1600 2713 ὅ.
