2237 3127
75 307 124 334 Ᾰιι.
145 306 175 333 C.
192 306 260 334 1024

922 333 1063 357 IOANNES
1085 335 1146 358 Xlx
1167 335 1219 358 PP.

289 387 528 435 pertinentium,
551 387 590 422 de
617 387 766 423 omnibus
798 387 856 422 sibi
882 389 1047 424 contrariis

287 437 433 472 existant.
460 437 553 479 Quod
577 438 602 473 si
628 438 835 483 neglexerint,
859 450 922 472 non
941 438 1044 473 solnm

287 494 374 521 tanto
402 487 557 522 beneficio
581 487 802 534 privabuntur,
832 487 885 521 scd
917 487 1046 535 insuper

287 536 325 570 de
348 544 502 583 potestate
531 535 572 571 ob
607 537 827 571 defensionem
858 536 998 571 fidelium
1028 550 1044 572 a

286 585 354 619 Deo
380 586 439 620 sibi
460 585 530 620 data
549 585 580 619 iu
609 585 660 620 die
688 586 786 619 ultimi
806 586 960 620 examinis
975 587 1044 621 sine

285 635 384 669 dubio
407 635 558 670 rationem
583 634 727 670 reddent.
750 635 830 670 Data
845 634 948 670 kalen.
963 648 1044 684 sep-

286 684 418 719 tembris
440 691 500 720 ete.
516 686 571 729 (1).

515 847 698 896 lOANNES
732 848 813 896 xlx

547 930 643 959 PAPA
669 930 782 959 CXLVll

314 990 406 1023 Anno
436 1001 526 1024 aerae
560 989 675 1022 Christi
705 1001 812 1022 comm.
844 990 965 1023 JJXX!
973 991 1006 1023 V.

284 1058 435 1138 Ioannes
456 1099 620 1134 Benedicti
636 1099 709 1134 VIII
727 1112 898 1146 germanus
933 1100 1038 1144 frater,

282 1149 332 1184 cui
361 1150 393 1183 in
422 1149 603 1195 pontificatu
639 1150 790 1184 successit
824 1150 932 1196 paucis
969 1160 1038 1196 post

281 1199 350 1233 eins
371 1199 492 1233 obitum
521 1198 634 1233 diebus
660 1208 732 1233 ante
770 1212 910 1233 mensem
946 1209 1035 1235 octo-

281 1247 369 1283 brem
405 1261 487 1283 anno
526 1250 632 1291 1024,
668 1261 705 1282 ex
734 1249 831 1283 laicali
859 1249 971 1284 ordine
999 1250 1037 1284 ad

281 1298 476 1344 pontificiam
502 1297 689 1344 dignitatem
725 1308 926 1344 assumptus,
956 1299 1037 1334 sedit

280 1359 381 1382 annos
404 1360 452 1387 lx,
475 1355 506 1382 et
527 1347 596 1382 dies
612 1360 644 1381 lx
667 1351 722 1390 (2).
744 1347 815 1381 Fuit
830 1360 933 1382 antem
955 1356 1037 1383 tem-

283 1397 417 1444 poribus
445 1397 668 1444 imperatorum
697 1396 804 1430 Basilii
828 1406 856 1430 et
874 1397 1035 1432 Constan-

279 1446 349 1487 tini,
374 1459 510 1493 quorum
535 1446 654 1492 primus
670 1458 753 1479 anno
779 1448 868 1480 1025
893 1456 1036 1482 mortuus

282 1496 637 1536 esi‚atteraun01028,
651 1503 681 1529 et
695 1495 831 1529 Romani
849 1497 876 1529 in
892 1496 1034 1537 Oriente3

279 1545 309 1579 in
325 1545 502 1580 Occidente
526 1557 597 1579 vero
619 1544 757 1579 Conradi
780 1544 818 1582 11,
842 1546 895 1592 qui
918 1546 958 1580 ab
980 1558 1036 1581 eo-

278 1594 350 1629 dem
366 1595 482 1629 Ioanne
497 1595 664 1641 imperator
679 1594 782 1628 dictus
811 1603 840 1628 et
865 1604 1035 1630 coronatus

277 1653 335 1679 est.
351 1643 559 1679 Obiitmense
574 1643 693 1678 octobri
707 1644 779 1678 anui
800 1646 904 1684 1055,
924 1653 952 1679 et
982 1658 1035 1679 se-

278 1693 385 1741 pultus
406 1701 453 1728 est
475 1693 505 1727 in
530 1693 656 1727 basilica
691 1693 724 1727 S.
746 1693 831 1727 Petri
857 1694 938 1727 inter
968 1707 1036 1740 por-

277 1751 340 1778 tam
364 1743 554 1786 Argenteam
569 1751 599 1777 et
622 1742 812 1790 Βοιιιῑιιιῑιιιιὀ
838 1742 968 1778 Vacavit
983 1757 1036 1778 se-

277 1793 334 1828 des
357 1793 426 1827 dies
447 1804 470 1826 ιι
500 1795 557 1836 (51.

645 1907 668 1941 l.

279 1978 482 2023 Privileyitun
496 1980 530 2013 S.
554 1981 667 2024 Sylvae
684 1981 844 2013 Caudinae
869 1980 1033 2021 Ecclem'ac·7

325 2040 385 2071 quo
412 2029 452 2062 eis
474 2030 555 2062 bona
578 2031 682 2062 omnia
696 2031 932 2075 confirmandum
952 2032 1035 2062 eswi-

325 2090 381 2121 qae
407 2079 554 2122 episcopis
578 2080 740 2123 perampla
763 2080 794 2111 in
831 2079 966 2111 Ecclesia
996 2081 1032 2111 S.

327 2127 413 2160 Pecu-2·
440 2128 556 2160 Romae
577 2136 603 2161 et
630 2129 751 2162 civitate
774 2129 912 2161 Leont'ita
939 2129 1035 2161 iuris-

327 2177 422 2210 dt'ctio
449 2179 626 2212 conceditur
650 2179 703 2221 (t).

544 2246 761 2277 SUMMARIUM

275 2303 444 2334 Exordium.
473 2321 513 2326 —
536 2304 614 2334 Petri
645 2305 777 2344 episcopi
806 2304 973 2343 postulatiO.
994 2321 1034 2327 —

314 2343 347 2373 Ei
370 2344 561 2374 confirmatur
585 2344 774 2383 episcopatus
794 2344 895 2383 Sylvae
921 2344 1031 2374 Candi-

319 2384 372 2414 dae
394 2393 461 2414 cum
494 2384 579 2414 bonis
620 2388 649 2414 et
676 2385 861 2424 pertinentiis
884 2384 1032 2414 omnibus.

311 2445 351 2482 (1)
371 2447 445 2473 Hanc
468 2447 607 2481 epistolam
625 2455 672 2474 nec
688 2452 749 2475 ante
771 2456 867 2474 annum
887 2448 964 2479 tots,
986 2456 1033 2473 nee

275 2489 337 2521 post
358 2487 422 2513 ¹021
441 2487 529 2514 datam
550 2487 606 2514 tuse
624 2487 719 2522 probat
745 2488 838 2522 Pagius
858 2488 950 2514 Critic.
968 2496 1030 2513 ann.

278 2527 345 2553 1018
363 2535 437 2553 num.
459 2535 478 2553 x
503 2532 529 2554 et.
545 2536 602 2563 seq.
621 2529 663 2554 cui
680 2528 805 2554 lectorem
824 2536 872 2555 uos
889 2528 1029 2553 mittimus.

278 2565 318 2602 (2)
338 2565 569 2594 Concordautibus
585 2575 645 2594 cum
664 2567 742 2602 Pugio
766 2576 773 2594 1
799 2572 825 2595 et
851 2576 889 2594 ιιι.
918 2568 1030 2601 vignolii

275 2607 419 2642 catalogis,
446 2615 476 2633 ac
500 2608 600 2642 pariter
625 2617 643 2634 v
668 2616 699 2634 ex
727 2609 840 2635 Criticae
870 2609 1031 2634 Baronianae

275 2646 411 2681 praefixis.
451 2646 490 2681 (5)
506 2647 540 2673 Ut
557 2647 636 2674 habet
656 2655 704 2674 v111
721 2648 856 2683 catalogus
872 2649 959 2675 eidem
978 2648 1031 2673 eii-

275 2688 343 2714 ticae
359 2686 488 2721 prefixus.
528 2687 567 2722 (lt)
588 2688 626 2713 Ex
654 2687 744 2721 regist.
771 2688 830 2714 Vat.
852 2688 964 2722 Gregor,
992 2687 1030 2714 IX

275 2726 466 2763 depromptum
482 2726 564 2754 edidit
581 2726 682 2762 Ughcll.
701 2727 758 2754 [tal.
779 2735 846 2761 saci,
869 2731 931 2754 tom.
951 2729 975 2754 1.

1727 326 1797 358 555

1125 407 1165 411 —
1185 388 1375 418 Enumeratio
1395 388 1553 418 bonorum.
1577 404 1617 410 ——
1637 386 1753 417 Nemini
1778 387 1845 427 epi-

1127 438 1285 466 scoporum
1310 429 1396 458 liceat
1425 428 1570 458 ecelesias
1595 428 1845 457 monasteriorum

1126 469 1252 499 civitatis
1272 469 1418 498 Leoninae
1442 469 1477 498 de
1497 468 1570 498 urbe
1586 469 1620 498 ad
1637 468 1713 497 bunc
1730 469 1846 506 episeo-

1125 514 1224 547 patum
1264 509 1474 547 pertinentium
1510 517 1685 537 consecrare
1728 513 1845 546 praeter

1125 550 1223 588 ipsum
1257 549 1439 586 episi-opum.
1466 566 1506 570 -—
1532 547 1633 577 Eidem
1661 548 1844 585 conceditur,

1125 589 1327 618 ordinationes
1352 588 1447 617 facere
1467 588 1514 617 die
1533 588 1658 621 sabbati,
1672 592 1699 617 et
1718 588 1841 617 missam

1125 629 1276 659 celebrare
1290 638 1380 666 super
1391 629 1481 657 altare
1500 628 1698 657 confessionis
1714 627 1741 657 S.
1754 627 1842 665 Petri,

1124 670 1282 707 omniaque
1307 668 1415 697 ibidem
1440 668 1534 697 oblata
1556 668 1688 707 accipere
1720 668 1777 705 (1).
1803 684 1844 690 -

1123 708 1192 738 Item
1219 709 1245 737 in
1280 709 1426 737 dominica
1457 708 1624 737 palmarum
1649 708 1684 737 al)
1714 707 1841 738 ecclesia

1125 749 1154 779 S.
1190 748 1297 779 Mariae
1329 748 1550 786 Ti'anstyberiin
1584 748 1619 777 ad
1643 748 1720 777 idem
1749 747 1842 777 altare

1122 792 1219 821 maius
1243 788 1386 817 veniendo
1409 798 1475 817 cnm
1500 788 1690 827 processione
1718 788 1841 817 missam

1123 831 1273 861 celebrare
1296 845 1335 849 —-
1356 827 1426 857 Item
1460 828 1489 857 in
1518 828 1565 857 die
1588 828 1701 857 Coenae
1723 822 1841 857 Domini

1122 876 1150 901 et
1173 872 1201 901 ῑῃ
1226 869 1321 897 (ιίΐινίο
1343 867 1516 897 parasceve.
1531 886 1571 890 —
1586 867 1751 908 Omniaque
1771 877 1840 897 mu-

1122 922 1201 944 nera,
1215 920 1289 950 quae
1304 908 1342 937 ibi
1361 908 1526 937 offeruntur
1539 909 1626 938 dictis
1639 908 1842 943 diebusmcci·

1121 962 1200 989 pere.
1219 968 1259 973 —
1281 948 1381 979 Eidem
1400 950 1573 979 conceditur
1591 950 1637 979 ius
1657 950 1786 988 ungendi
1812 952 1841 978 et

1122 991 1319 1023 benedicendi
1343 989 1535 1027 imperatores
1553 1000 1648 1030 nuper
1665 991 1784 1021 eleetos.
1802 1006 1843 1011 —-

1116 1055 1154 1087 (li
1174 1055 1209 1080 Ut
1229 1053 1270 1080 liic
1293 1053 1376 1078 scias.
1398 1051 1480 1078 lector
1494 1072 1500 1083 ,
1522 1060 1590 1086 quae
1607 1052 1706 1078 fuerint
1727 1052 1796 1078 dona
1812 1052 1840 1079 in

1079 1095 1243 1122 confessione
1268 1094 1297 1119 B.
1318 1092 1385 1118 Petri
1413 1093 1473 1126 poni
1491 1093 1565 1119 solita
1585 1101 1597 1119 a
1620 1092 1741 1119 fidelibus
1761 1093 1838 1127 quasi

1080 1136 1168 1170 specie
1184 1141 1288 1161 census.
1307 1136 1387 1166 atque
1406 1140 1446 1159 ea.
1465 1140 1533 1166 quae
1553 1132 1669 1159 fidelium
1687 1132 1837 1159 observan-

1080 1177 1113 1203 tia
1132 1181 1157 1203 et
1173 1173 1330 1207 obsequium
1348 1180 1409 1204 erga
1426 1172 1608 1206 apostolorum
1629 1172 1777 1207 principem
1799 1172 1837 1198 af-

1079 1216 1193 1243 ferebat,
1222 1214 1311 1247 accipe
1337 1212 1514 1246 fragmentum
1539 1213 1619 1239 Cincii
1641 1213 1785 1239 Camerarii
1806 1220 1838 1239 ex

1079 1256 1146 1283 libro
1165 1253 1351 1284 DeCensilms,
1369 1252 1440 1287 quod
1462 1253 1524 1278 milii
1546 1253 1654 1279 tradidit
1672 1254 1712 1278 vir
1739 1253 1772 1279 el.
1795 1253 1840 1279 lo-

1079 1296 1143 1330 seph
1164 1293 1321 1321 tiburtum<
1338 1300 1461 1325 congrega
1479 1292 1596 1319 Oratorii
1614 1293 1646 1319 de
1666 1293 1780 1319 literaria
1795 1301 1838 1319 re-

1079 1336 1182 1370 publica
1203 1332 1493 1360 benemeretitissimus.
1521 1336 1671 1367 patruoque
1688 1342 1739 1359 non
1762 1333 1836 1359 absi-

1079 1376 1156 1402 mitia.
1180 1375 1249 1400 llaec
1267 1377 1327 1399 sunt
1346 1380 1414 1407 quae
1435 1373 1466 1398 D.
1487 1373 1553 1407 Papa
1572 1377 1611 1399 est
1628 1377 1787 1407 recepturus
1803 1373 1836 1399 ab

1078 1416 1137 1443 illis.
1156 1415 1200 1449 qui
1218 1416 1320 1439 emunt.
1342 1413 1535 1439 confessionem
1554 1414 1582 1439 Β,
1604 1414 1670 1439 Petri
1688 1413 1837 1440 secuudum

1079 1459 1197 1482 tenorem
1215 1454 1421 1488 praeteritorum
1438 1453 1594 1478 ementium.
1622 1454 1650 1478 1ιι
1669 1453 1762 1486 primis
1778 1453 1838 1479 sin-

1077 1496 1144 1528 gulis
1165 1494 1222 1527 (sir)
1244 1492 1417 1519 hebdomadis
1434 1500 1483 1517 xxi
1502 1492 1581 1517 libras
1597 1500 1673 1519 cerae
1685 1492 1709 1518 in
1728 1501 1838 1527 quoque

1079 1544 1178 1562 mense.
1198 1541 1277 1559 uuam
1294 1533 1456 1567 aquariciam
1474 1532 1522 1557 olei
1539 1536 1563 1558 et
1581 1541 1658 1558 uuam
1676 1532 1770 1559 libram
1782 1533 1835 1559 oli-

1077 1575 1148 1601 bani.
1171 1573 1313 1601 Sciendum
1330 1572 1401 1607 quod
1427 1572 1449 1597 in
1470 1572 1618 1597 Nati-<itate
1635 1572 1740 1598 Domini
1761 1575 1787 1598 et
1811 1573 1837 1599 in

1078 1615 1175 1641 Pascha
1197 1613 1348 1648 praedictae
1365 1619 1440 1637 cerae
1460 1611 1630 1645 duplicent-ur
1651 1612 1708 1644 (sie)
1730 1613 1838 1647 quanti-

1079 1658 1159 1681 tatem
1177 1657 1200 1679 et
1219 1653 1352 1679 olibanum
1370 1651 1499 1677 similiter.
1523 1651 1550 1676 ln
1568 1651 1609 1676 die
1621 1651 1722 1677 sabbati
1740 1652 1772 1678 de
1790 1653 1837 1679 ΑΙ-

1076 1694 1116 1721 liis
1134 1703 1151 1719 x
1174 1694 1258 1719 librae
1275 1700 1351 1719 cerae
1368 1699 1416 1725 pro
1433 1691 1521 1722 Agnis:
1548 1691 1575 1716 ln
1593 1691 1780 1719 Purificatioue
1800 1693 1829 1719 B.

1078 1735 1174 1760 Mariae
1193 1742 1211 1759 x
1228 1733 1310 1759 librae
1335 1738 1384 1765 pro
1401 1730 1516 1756 candelis
1536 1732 1562 1755 et
1580 1738 1610 1756 iv
1630 1730 1691 1756 den.
1718 1732 1832 1758 Proven-

1076 1773 1257 1801 Vastactariis.
1277 1773 1303 1798 In
1319 1770 1530 1798 Annuncmiione
1552 1770 1718 1797 tantundem.
1742 1772 1770 1797 ln
1791 1772 1834 1798 die

1077 1815 1148 1842 Iovis
1168 1813 1250 1840 sancti
1280 1820 1310 1838 ιιι
1336 1811 1396 1837 den.
1424 1810 1528 1845 pondus
1553 1810 1661 1837 balsami
1689 1812 1836 1838 camerario

1076 1863 1125 1889 pro
1143 1854 1285 1879 chrismate
1301 1855 1327 1878 et
1343 1859 1422 1877 unam
1449 1851 1627 1884 aequariciam
1650 1851 1699 1877 olei
1720 1854 1746 1877 et
1766 1851 1835 1878 dno-

1076 1894 1161 1921 deeim
1182 1893 1311 1927 ampullas
1326 1892 1434 1917 vitreas.
1447 1899 1493 1917 sex
1512 1890 1626 1917 maiores
1642 1893 1668 1917 et
1683 1898 1730 1917 sex
1748 1891 1834 1918 mino-

1076 1942 1118 1960 res
1134 1936 1160 1959 et
1177 1941 1222 1959 sex-
1239 1932 1378 1958 saunones.
1399 1930 1506 1957 Aecoliti
1526 1930 1623 1957 debent
1639 1930 1737 1957 babere
1749 1931 1775 1957 in
1787 1931 1835 1958 do-

1076 1974 1169 1999 minica
1188 1972 1337 1998 Palmarum
1355 1980 1374 1997 ιι
1400 1970 1448 1997 sol.
1477 1971 1555 1997 Prov.
1578 1974 1601 1996 et
1620 1979 1648 1997 iv
1670 1971 1835 2005 aequarieias

1075 2013 1172 2039 Clareti
1190 2020 1250 2037 cum
1267 2011 1413 2037 camerario
1430 2014 1455 2035 et
1471 2010 1627 2037 cancellario
1642 2010 1749 2045 quando
1761 2011 1835 2037 vadit

1076 2053 1106 2078 ad
1127 2060 1252 2086 vesperas
1268 2051 1347 2076 debet
1368 2050 1465 2075 babere
1482 2057 1528 2084 par
1546 2049 1691 2076 facularum
1709 2058 1727 2076 ιι
1747 2050 1832 2077 libra-

1076 2100 1134 2118 rum
1152 2095 1177 2117 et.
1193 2091 1224 2117 ad
1244 2091 1350 2116 Missam
1367 2098 1385 2116 ιι
1403 2090 1459 2118 lib.,
1477 2093 1612 2124 praeterea
1625 2089 1727 2120 calices,
1740 2098 1834 2117 cruces

1076 2131 1216 2159 turribula,
1227 2129 1317 2156 bacilia
1330 2137 1408 2155 aurea
1425 2129 1481 2155 sive
1492 2132 1615 2163 argentea
1627 2133 1652 2155 et
1663 2130 1742 2160 etiam
1756 2138 1835 2156 omne

1075 2178 1185 2197 aureum
1202 2168 1301 2203 aliquid
1320 2168 1377 2201 (sici
1397 2172 1421 2193 ct
1439 2172 1595 2203 argenteum
1612 2169 1770 2201 laboratum,
1790 2177 1833 2195 ca-

1075 2210 1166 2240 misos,
1193 2209 1283 2239 stola-3,
1306 2207 1464 2241 manipulos,
1488 2208 1634 2243 corporalia
1646 2217 1728 2243 super
1738 2209 1833 2236 calices

1076 2249 1239 2283 manutergia
1261 2247 1293 2274 de
1312 2247 1444 2273 Alemania
1461 2251 1487 2274 et
1504 2248 1579 2282 pallia
1596 2256 1678 2283 super
1695 2257 1742 2275 sex
1759 2249 1833 2276 lib...

1075 2298 1142 2325 quae
1164 2289 1196 2315 ad
1213 2288 1295 2315 altare
1312 2288 1460 2314 oti‘eruutur
1480 2289 1549 2315 sicut
1568 2292 1594 2315 et
1610 2289 1699 2315 inveni
1718 2290 1741 2315 in
1763 2290 1832 2316 scri—

1075 2333 1154 2364 pto...
1173 2328 1270 2354 babere
1286 2327 1363 2353 debet
1390 2328 1415 2352 in
1440 2327 1504 2354 sesto
1521 2328 1548 2355 S.
1567 2329 1672 2363 Georgii
1690 2337 1775 2363 usque
1794 2329 1827 2355 ad

1074 2371 1242 2396 Peutecostcs
1263 2367 1373 2401 siugulis
1398 2366 1493 2393 diebus
1508 2376 1549 2394 xn
1575 2367 1698 2395 denarios
1722 2368 1831 2402 Papien.

1073 2418 1122 2444 pro
1138 2407 1279 2443 implendis
1295 2406 1411 2433 fontibus
1427 2407 1496 2441 apud
1524 2408 1551 2434 S.
1574 2408 1697 2434 loannem
1719 2408 1831 2434 Latera-

1074 2457 1148 2475 num.
1168 2449 1195 2474 1η
1213 2447 1255 2473 die
1274 2446 1345 2472 Iovis
1362 2446 1444 2472 sancti
1461 2446 1539 2473 etdie
1556 2447 1666 2473 Veneris
1676 2447 1760 2473 sancti
1773 2447 1830 2481 epi-

1072 2496 1171 2523 scopus
1196 2488 1223 2514 S.
1253 2486 1363 2512 nunnae
1389 2486 1481 2520 recipit
1508 2487 1565 2517 ius,
1592 2487 1664 2521 quod
1691 2487 1833 2514 consuevit

1074 2529 1180 2555 habere.
1205 2528 1311 2554 Scilicet
1328 2535 1415 2553 arcam
1433 2530 1458 2552 et
1483 2527 1565 2553 altare
1585 2535 1617 2554 ex
1634 2535 1688 2562 quo
1708 2527 1832 2563 pulsatur

1072 2569 1102 2595 ad
1128 2569 1233 2595 missam
1260 2567 1411 2601 usquedum
1431 2566 1521 2592 finitur
1543 2566 1658 2593 officium
1685 2570 1760 2593 etex
1777 2575 1831 2601 quo

1072 2609 1192 2643 pulsatur
1208 2608 1239 2634 ad
1257 2608 1363 2633 missam
1381 2615 1465 2641 usque
1482 2607 1514 2633 ad
1533 2606 1610 2633 tinem
1632 2606 1737 2635 missae.
1756 2601 1832 2634 sal'vo

1072 2648 1129 2674 iure
1150 2651 1289 2674 cautorum
1312 2646 1383 2681 quod
1412 2646 1508 2673 debent
1525 2647 1549 2672 in
1567 2646 1642 2672 altari
1660 2654 1719 2673 cum
1737 2646 1831 2673 eodem

1071 2688 1195 2722 episcopo
1212 2691 1238 2713 et
1254 2688 1278 2713 in
1295 2686 1405 2713 sabb-ato
1426 2689 1518 2713 sancto
1534 2694 1567 2713 ex
1587 2694 1641 2721 quo
1657 2686 1778 2721 pulsatur
1795 2686 1829 2713 ad

1071 2726 1187 2753 osticium
1209 2725 1372 2752 matutinale.

1549 2794 1626 2808 η’*

1871 314 1920 342 An.
1938 316 1966 343 C.
1987 318 2056 345 ¹026
