2237 3127
101 296 152 323 An.
175 296 201 324 C.
229 297 282 324 uto

94 787 146 814 Quis
159 787 280 808 [1111111611-

93 831 116 844 se
159 829 278 845 monaste-

93 861 148 882 rium
168 866 276 882 constru-

93 898 156 919 xerit.

86 1693 152 1714 Cauca
165 1692 209 1714 dati
223 1694 270 1723 111-1-

86 1729 168 1759 vat-gu.

950 306 1088 330 IOANNES
1110 306 1145 329 lV
1168 307 1217 330 PP.

315 368 436 399 nentes,
465 367 538 394 vota
573 360 818 408 supplicantium
836 389 844 403 ,
872 369 901 396 et
929 362 1063 396 maxime

312 410 463 444 catholica
482 411 541 444 side
561 411 761 456 fulgentium,
785 411 815 444 10
839 411 986 445 0111011105
1005 411 1063 446 116-

312 459 387 494 bent
409 459 532 494 effectui
557 461 745 506 mancipari:
773 469 929 507 quatenus
951 473 1060 495 eorum

313 509 362 555 pia
379 508 503 544 devotio
521 509 700 556 apostolicis
717 509 862 544 inviolata
882 518 1062 557 permaneat

312 559 478 593 institutis.
501 559 581 594 Cum
605 559 699 605 igitur
721 558 933 604 Clilodoveus,
955 561 1061 594 excel—

311 607 508 643 lentissimus
534 608 616 642 filius
628 615 745 649 noster,
774 621 828 642 rex
854 608 1060 651 Francorum,

310 658 361 704 pia
383 666 413 692 et
436 658 580 704 religiosa
599 657 764 692 devotione
780 658 978 704 perspicuus,
995 660 1060 694 suis

309 719 368 741 1105
411 708 538 754 scriptis
581 706 755 752 postulasse
796 707 1002 752 dignoscitur,
1026 717 1059 743 ut

307 757 499 803 apostolicae
512 756 596 791 sedis
612 755 809 803 privilequm
826 756 1060 802 impartiremur

307 805 498 840 monasterio
511 805 547 839 B.
566 805 651 840 Petri
663 806 876 850 apostolorum
892 807 1057 854 principis,

307 855 337 889 in
360 854 429 889 loco
456 855 509 901 qui
537 854 652 889 dicitur
677 854 871 895 Luxovium,
901 856 984 902 quod
1013 858 1059 891 vir

305 903 491 938 venerabilis
514 903 733 938 Columbauus
764 903 902 942 Scottus,
942 908 1058 941 sanctis

303 953 417 988 studiis
451 953 584 995 fervens,
607 953 698 988 etiam
721 966 793 988 cnm
818 953 957 1000 largitate
973 957 1056 1002 regia

303 1010 489 1050 susceptus,
513 1010 543 1037 et
565 1003 750 1050 peregrinus
764 1003 795 1037 in
815 1015 946 1049 reguum
962 1004 1058 1040 Fran-

303 1063 413 1087 corum
437 1052 625 1097 adveuiens,
655 1052 880 1088 monasterium
911 1063 1058 1090 constru-

307 1101 392 1136 xisse
431 1102 640 1149 comperitur,
673 1102 704 1136 in
738 1115 802 1149 quo
833 1115 896 1137 non
929 1117 1055 1151 113113111

302 1151 584 1198 congregationem
617 1151 844 1187 monachorum
878 1153 1055 1196 instituens,

301 1201 394 1235 etiam
416 1213 449 1236 se
470 1213 547 1236 60111
573 1200 620 1235 615
643 1201 769 1248 paribus
792 1203 860 1249 piae
882 1202 1056 1239 devotionis

300 1250 413 1285 studiis
447 1251 587 1292 sociavit,
611 1251 640 1285 in
668 1263 731 1298 quo
753 1264 838 1286 nunc
870 1253 1056 1288 venerabilis

301 1298 533 1334 Waldebertus
551 1300 647 1334 abbas
668 1312 738 1335 60111
763 1301 867 1335 multis
894 1303 1056 1338 monacbis

300 1349 482 1384 conversari
515 1349 649 1393 videtur,
673 1350 703 1384 in
725 1349 783 1384 Dei
811 1350 957 1386 laudibus
992 1366 1054 1388 uno

300 1399 431 1445 regulae
454 1399 565 1445 spiritu
589 1411 725 1446 superna
747 1400 950 1447 inspiratione
972 1414 1055 1437 com-

303 1456 422 1492 motus,
445 1448 482 1482 ad
508 1447 631 1483 laudem
649 1449 875 1496 omnipotentis
894 1450 949 1485 Dei
967 1452 1051 1498 pium

300 1497 433 1532 exhibet
455 1497 650 1532 famulatum.
674 1497 737 1533 Pro
759 1511 819 1545 qua
851 1511 884 1534 re
918 1501 1052 1548 supplici

300 1546 502 1594 expetierunt
543 1547 711 1593 deprecatu
728 1575 736 1589 ,
780 1556 812 1582 01
852 1549 1052 1597 privilegium

299 1596 495 1643 apostolicae
521 1596 606 1631 sedis
628 1605 753 1632 nostrae
783 1598 814 1632 in
849 1598 959 1633 eodem
983 1613 1052 1635 1110-

300 1646 438 1680 03516110
465 1646 638 1681 concedere
660 1646 858 1682 deberemus.
886 1648 978 1690 Quod
1001 1663 1052 1685 53-

301 1695 433 1730 101111161
474 1702 664 1732 annuentes,
705 1697 840 1732 maxime
866 1697 1050 1734 domesticis

299 1744 374 1779 fidei
408 1753 439 1779 et
469 1757 525 1792 spe
563 1753 647 1780 certa
691 1746 866 1781 futurorum
895 1747 1050 1783 honorum

298 1794 493 1841 fulgentibus
527 1794 586 1829 hoc
621 1796 817 1843 privilegium
840 1799 971 1843 perenni
994 1811 1050 1832 au·-

299 1845 444 1878 ctoritate
471 1844 659 1879 servandum
689 1845 821 1880 libenter
847 1846 1048 1882 indulsimus.

297 1893 362 1927 Nec
398 1893 483 1928 enim
512 1906 592 1928 nova
620 1895 845 1941 postulantium
874 1896 920 1930 161
944 1897 1050 1932 indul-

298 1943 440 1988 gentium
464 1950 511 1977 est
532 1943 701 1978 auctoritas
718 1944 868 1991 privilegii
883 1945 1049 1992 largiendi,

298 1992 374 2026 dum
412 1992 552 2039 profecto
585 1993 691 2027 cuncti
735 2001 816 2028 retro
859 1996 1048 2041 apostolicae

298 2041 384 2076 sedis
418 2041 602 2089 praesules,
625 2054 688 2077 non
715 2043 816 2078 solum
845 2044 905 2078 sub
927 2045 1047 2081 ditione

300 2099 404 2125 nostra
441 2091 637 2136 constitutis,
665 2092 720 2126 sed
742 2093 835 2128 etiam
858 2094 889 2128 in
917 2096 1047 2130 caeteris

300 2141 393 2187 longe
415 2140 597 2186 regionibus
620 2143 771 2188 postulata
795 2156 920 2191 semper
946 2145 1047 2179 indul-

296 2190 398 2231 genda
440 2198 624 2232 sanxerunt,
652 2192 838 2238 1113651ῑί011
879 2194 911 2228 10
949 2207 1046 2241 regno

297 2234 510 2274 Francorum:
543 2239 620 2274 dum
648 2241 786 2287 profecto
808 2244 912 2278 cuncti
946 2257 1045 2292 usque

296 2288 335 2323 ad
358 2289 437 2323 fines
460 2298 569 2333 terrae,
592 2297 622 2324 et
643 2290 760 2326 Oceani
784 2293 964 2334 terminum,
987 2294 1046 2329 sub

298 2338 332 2372 Β.
368 2337 452 2373 Petri
488 2339 702 2386 apostolorum
736 2341 889 2390 principis
927 2344 1045 2379 ditione

296 2388 488 2422 consistunt:
531 2397 562 2422 et
604 2398 728 2436 oportet
767 2403 878 2427 omnes
915 2394 1044 2428 omnino

296 2437 479 2472 medullitus
521 2437 668 2483 obedire,
705 2451 786 2487 quae
813 2453 867 2488 per
893 2442 931 2476 B.
958 2443 1043 2477 Petri

296 2487 511 2522 auctoritatem
550 2488 719 2534 apostolica
760 2491 852 2526 sedes
888 2493 1043 2539 postulata

296 2535 473 2571 dinoscitur
498 2536 675 2583 indulgere.
703 2538 788 2585 Ergo
815 2541 1041 2576 antedictorum

297 2585 445 2630 virorum,
473 2594 505 2621 et
531 2587 715 2634 praesertim
738 2589 915 2625 interventu
938 2592 1044 2627 excel-

296 2633 463 2670 lentissimi
485 2635 540 2670 filii
563 2637 661 2671 nostri
678 2638 828 2684 praedicti
847 2641 930 2686 regis
949 2654 1044 2688 super

296 2683 357 2720 hoc
374 2684 472 2721 literis
493 2686 633 2736 expetiti,
647 2687 803 2737 postulata
814 2691 1042 2734 concessimus,

1740 304 1808 336 185

1109 360 1334 397 interdicentes
1355 362 1503 399 omnibus
1540 364 1698 413 episcopis
1734 367 1858 413 vicinis,

1106 411 1153 445 vel
1181 412 1288 458 procul
1310 424 1327 446 3
1349 412 1434 447 dicto
1454 415 1644 450 monasterio
1667 417 1856 461 constitutis,

1105 460 1183 494 nihil
1212 474 1376 508 usurpare,
1404 463 1481 497 nihil
1520 465 1729 511 contingere,
1771 467 1856 514 quod

1104 509 1218 544 subtus
1253 518 1344 546 tenor
1370 512 1466 546 huius
1494 513 1657 560 privilegii,
1690 524 1721 550 61
1746 528 1856 552 norma

1103 558 1261 594 decernit:
1286 568 1319 594 01
1340 561 1521 609 episcopus,
1548 576 1643 610 quem
1671 573 1758 612 pater
1779 579 1855 602 mo-

1104 609 1250 649 nasterii,
1284 609 1330 644 vel
1359 619 1471 645 cuncta
1493 615 1696 660 congregatio
1722 615 1856 651 voluerit

1102 656 1140 690 ad
1163 658 1348 693 celebranda
1391 660 1558 696 missarum
1600 663 1769 709 solemnia,
1796 674 1850 700 301

1102 707 1374 742 consecrationem
1402 709 1535 751 abbatis,
1564 711 1612 746 161
1639 713 1733 748 ctiam
1759 715 1852 750 131111-

1102 754 1214 797 131001,
1242 756 1273 791 in
1301 758 1418 803 quibus
1453 760 1565 795 missae
1596 761 1732 797 debeant
1768 765 1853 800 cele-

1101 803 1196 845 brari,
1219 805 1333 840 habeat
1359 807 1538 844 facultatem
1562 810 1593 844 in
1616 811 1720 858 ipsum
1740 826 1852 849 111003-

1100 854 1229 889 sterium
1258 856 1380 902 ingredi
1410 865 1528 892 tantum
1551 860 1587 893 ad
1612 862 1653 907 pii
1675 874 1755 908 opus
1782 876 1852 911 my-

1099 904 1185 937 sterii
1208 906 1264 948 (l),
1292 917 1354 951 quo
1378 915 1516 952 peracto,
1544 909 1621 943 nibil
1649 912 1847 959 contingens,

1099 951 1154 986 sed
1182 953 1288 987 omnia
1323 954 1419 1000 gratis
1449 968 1616 1003 peragens,
1649 960 1687 994 ad
1724 963 1850 1008 propria

1099 1013 1172 1035 mox
1210 1002 1333 1049 regredi
1362 1016 1424 1038 non
1452 1016 1610 1049 moretur3
1644 1009 1734 1051 nihil,
1769 1012 1850 1046 sicut

1099 1050 1249 1092 diximus,
1272 1064 1426 1099 usurpans
1464 1054 1503 1089 de
1525 1056 1620 1092 rebus
1652 1061 1847 1103 monasterii,

1098 1112 1161 1134 non
1176 1100 1215 1136 de
1225 1102 1323 1136 sacris
1337 1103 1497 1146 altaribus,
1512 1118 1575 1140 non
1590 1106 1629 1142 de
1644 1110 1849 1156 ornamentis,

1098 1162 1202 1197 neque
1229 1150 1268 1186 de
1290 1152 1383 1196 vasis,
1406 1165 1509 1200 neque
1529 1155 1569 1190 de
1589 1158 1688 1193 536115
1709 1159 1848 1194 volumi-

1098 1199 1202 1241 nibus,
1217 1212 1321 1247 neque
1336 1203 1506 1249 quicquam
1517 1205 1619 1241 maius
1628 1207 1673 1242 vel
1686 1208 1848 1255 exiguum,

1097 1248 1153 1283 sed
1182 1261 1238 1284 uec
1274 1251 1499 1298 concupiscere
1525 1262 1680 1298 attemtet3
1713 1259 1786 1304 quia
1819 1259 1845 1294 si

1098 1306 1214 1345 privata
1248 1311 1474 1347 concupiscere
1512 1304 1587 1338 satis
1621 1314 1668 1340 est
1702 1308 1848 1349 noxium,

1096 1356 1214 1394 quanto
1241 1349 1341 1395 magis
1363 1362 1450 1385 sacra
1476 1352 1609 1395 auferre,
1636 1364 1689 1390 301
1715 1356 1849 1393 deside-

1095 1409 1175 1441 rare,
1202 1406 1232 1432 61
1254 1398 1313 1433 1011
1335 1411 1393 1434 500
1421 1402 1612 1450 mancipare,
1633 1404 1700 1441 Deo
1721 1414 1768 1441 est
1783 1407 1846 1442 1111-

1096 1446 1241 1481 micum?
1274 1447 1503 1486 Interdicentes
1544 1453 1637 1488 etiam
1670 1457 1842 1504 episcopo,

1096 1495 1126 1529 in
1154 1496 1245 1530 cuius
1271 1497 1419 1543 parochia
1447 1508 1494 1534 est
1513 1503 1708 1548 praedictum
1732 1518 1845 1541 1110113-

1095 1545 1226 1579 sterium
1254 1547 1471 1590 constitutum,
1498 1558 1532 1585 ut
1559 1552 1637 1587 nihil
1660 1562 1768 1590 contra
1795 1563 1844 1591 te-

1095 1606 1203 1629 norem
1227 1597 1400 1643 praescntis
1421 1598 1537 1634 decreti
1562 1602 1608 1647 pia
1637 1604 1847 1650 postulatione

1095 1643 1207 1678 indulti
1231 1646 1399 1693 quicquam
1421 1656 1574 1695 attemtet,
1597 1655 1645 1687 vel
1668 1653 1737 1688 eius
1768 1667 1846 1689 506-

1094 1705 1236 1728 cessores
1255 1704 1457 1741 praesumant
1480 1700 1636 1745 prohibita
1659 1703 1845 1750 contingere

1094 1746 1147 1787 12).
1171 1742 1317 1778 Clirisma
1340 1745 1446 1790 igitur,
1463 1749 1509 1782 vel
1530 1750 1678 1797 quicquid
1698 1752 1736 1787 ad
1755 1765 1842 1788 sacra

1094 1793 1238 1839 mysteria
1271 1795 1417 1840 pertinet,
1443 1797 1469 1831 si
1495 1809 1511 1832 a
1534 1799 1626 1834 Patre
1653 1803 1838 1837 monasterii

1093 1841 1185 1876 fuerit
1212 1844 1417 1889 postulatum,
1443 1858 1458 1880 a
1481 1859 1544 1894 quo
1566 1851 1764 1895 praeviderit,
1780 1853 1842 1899 spi-

1092 1891 1180 1926 ritale
1221 1891 1313 1927 Patre
1347 1905 1514 1931 censemus
1548 1899 1650 1934 modis
1689 1901 1840 1937 omnibus

1091 1941 1306 1976 annuendum.
1342 1943 1384 1977 Et
1410 1952 1443 1978 01
1463 1948 1610 1994 superius
1636 1949 1754 1985 (lictum
1778 1960 1841 1996 651,

1091 1998 1120 2024 61
1142 2002 1235 2037 saepe
1267 1991 1435 2028 dicendum
1462 2004 1519 2036 est,
1548 1997 1666 2033 nullam
1694 2007 1841 2046 potesta—

1092 2047 1151 2073 tem
1175 2041 1321 2075 couvenit
1342 2041 1457 2078 babere
1481 2046 1647 2094 episcopos
1674 2048 1705 2083 in
1729 2049 1841 2085 eodem

1090 2090 1293 2135 monasterio,
1316 2103 1419 2138 neque
1444 2094 1474 2128 in
1501 2095 1605 2135 rebus,
1635 2097 1682 2132 vel
1717 2098 1747 2133 in
1785 2111 1841 2134 or-

1089 2138 1236 2174 dinandis
1265 2141 1431 2187 personis,
1456 2153 1609 2192 excepto,
1643 2159 1738 2194 quem
1776 2157 1839 2184 tota

1089 2191 1292 2235 congregatio
1319 2190 1448 2236 elegerit
1476 2202 1545 2241 post
1578 2204 1710 2232 mortem
1740 2197 1841 2233 Patris

1089 2239 1291 2280 monasterii,
1324 2248 1358 2275 ut
1397 2241 1510 2278 debeat
1543 2244 1692 2281 ordinari.
1735 2247 1841 2295 Super

1088 2287 1165 2322 11366
1187 2300 1290 2335 neque
1318 2291 1528 2338 presbyteros,
1552 2306 1653 2342 neque
1674 2295 1841 2340 diaconos,

1088 2349 1145 2371 nec
1159 2338 1295 2385 aliquam
1309 2341 1483 2386 quamlibet
1499 2356 1663 2389 personam
1681 2346 1711 2380 in
1727 2346 1840 2381 eodem

1087 2388 1278 2423 monasterio
1299 2389 1414 2426 habere
1437 2391 1500 2427 ullo
1522 2394 1616 2428 modo
1639 2403 1837 2441 potestatem,

1087 2436 1134 2470 161
1156 2438 1326 2484 quicquam
1355 2440 1535 2481 immutare,
1571 2443 1618 2477 vel
1650 2456 1758 2490 agere:
1781 2457 1836 2480 60-

1086 2495 1274 2531 gnoscentes
1290 2488 1363 2535 quia
1382 2490 1441 2524 sub
1459 2492 1630 2538 apostolica
1647 2493 1733 2538 sede,
1756 2494 1837 2530 idest

1085 2535 1121 2570 B.
1139 2535 1224 2571 Petri
1239 2539 1383 2585 apostoli,
1397 2548 1443 2575 est
1456 2541 1672 2577 constitutum.
1696 2535 1854 2590 11033105Ι

1121 2614 1159 2650 (¹)
1177 2616 1323 2644 Ministerii.
1362 2618 1402 2654 (⁶2)
1418 2619 1475 2645 Huc
1487 2621 1722 2654 usqueDervensis
1734 2622 1835 2656 Codex3

1085 2664 1188 2686 caetera
1204 2661 1339 2696 supplevit
1355 2663 1424 2690 idem
1440 2664 1607 2692 Mabillonius
1622 2673 1655 2692 ex
1671 2666 1728 2694 alus
1743 2673 1836 2703 pontt-

1087 2703 1150 2733 ficiis
1167 2705 1365 2741 diplomatibus.

1886 304 1936 331 An.
1959 304 1978 331 C
2015 304 2067 330 out!
