2237 3127
849 257 951 281 lunssx
978 257 1092 280 RERUM
1619 245 1682 279 681

190 306 392 347 Gaudentius
415 312 582 359 episcopus
609 311 804 347 Ausinieusis
831 313 871 347 ob
899 314 1020 348 illicitas·
1039 312 1251 347 ordinationes
1273 311 1379 355 factas,
1402 322 1533 346 munere
1551 311 1737 346 sacerdotali

291 370 323 396 et
341 362 569 397 ecclesiasticis
597 363 773 397 redditibus
796 363 945 409 privatur,
967 371 1075 410 quarta
1100 362 1278 397 reddituum
1297 362 1438 406 portione
1456 362 1482 395 ei
1507 360 1625 399 relicta,
1644 364 1689 394 88
1709 363 1737 395 b.

190 410 390 447 Gausbertus
411 411 508 446 abbas
541 411 788 447 Bisuldnuensis
809 412 929 447 obtinet
955 424 970 447 a
998 412 1171 447 Benedicto
1194 411 1250 445 Vll
1272 411 1333 445 PP.
1358 420 1390 445 ut
1422 410 1646 445 monasterium
1669 411 1737 445 eius

288 461 350 496 sub
373 461 573 508 Apostolicae
601 461 695 496 Sedis
726 462 919 508 protectione
942 462 1126 508 recipiatur,
1159 468 1191 495 ut
1213 460 1295 495 hona
1323 468 1353 496 et
1379 461 1596 508 possessiones
1618 460 1646 494 ci
1665 472 1740 495 con-

288 510 467 550 firmentur,
489 519 520 544 et
542 510 705 545 nonnullis
733 511 905 557 privilegiis
928 511 1074 550 donetur,
1103 513 1171 544 444
1195 512 1223 550 b,
1253 512 1324 545 445
1347 524 1365 544 α
1388 518 1417 544 et
1440 512 1467 544 b.

191 557 389 595 Gauzbertus
406 559 505 593 abhas
522 559 686 593 Arniensis
703 572 717 593 a
734 559 845 605 Sergio
861 559 902 593 IV
918 560 977 593 PP.
1003 560 1135 604 obtinet,
1159 567 1192 594 ut
1210 560 1434 595 monasterinm
1460 559 1530 593 eius
1546 559 1605 594 sub
1628 566 1737 606 prote-

287 608 392 644 ctione
419 608 512 642 Sedis
537 608 738 653 Apostolicae
759 609 930 655 recipiatur
950 618 979 643 et
998 622 1011 642 a
1036 610 1266 656 cuiuscumque
1289 622 1452 656 personae,
1480 609 1572 645 etiam
1594 609 1734 656 episcopi

287 657 436 692 ordinarii
466 657 684 692 iurisdictione
706 658 874 701 eximetur⁷
898 661 967 692 501
995 660 1012 691 b
1031 667 1060 692 et
1081 672 1139 703 scq.

190 706 376 742 Gebeardus
390 706 561 753 episcopus
573 705 824 741 Constantiensis
837 707 1059 741 monasterinm
1074 708 1107 741 S.
1124 708 1267 753 Gregorii
1280 708 1316 742 ad
1329 707 1476 742 Rhenum
1489 707 1609 747 fundat,
1620 709 1690 741 454
1701 721 1733 742 a.

188 755 280 791 Geilo
294 755 390 790 abbas
413 755 594 789 monasterii
612 755 763 790 Hercnsis
778 756 1049 790 confirmationem
1066 757 1243 791 donationis
1258 770 1274 792 a
1294 758 1406 791 Carolo
1424 758 1612 803 imperatore
1633 758 1734 792 sactae

287 805 450 839 monachis
477 804 675 839 Hereusibus
693 805 815 839 obtinet
842 818 857 839 a
884 805 1001 839 Ioanne
1025 805 1093 839 tht
1118 806 1194 846 PP.,
1220 809 1287 840 557
1316 819 1335 841 α
1357 817 1387 840 et
1413 820 1472 851 seq.

188 853 279 889 Geilo
300 854 396 889 abbas
411 854 649 888 Trenorciensis
664 854 933 889 confirmationem
951 854 1183 901 privilegiorum
1201 856 1245 889 vel
1258 857 1414 901 regiorum
1437 856 1480 889 vel
1497 855 1726 902 episcopalium

285 916 366 951 quae
392 904 581 938 monasterio
603 904 671 938 eius
692 916 841 939 concessa
864 912 963 947 erant,
991 916 1049 938 nec
1072 917 1133 938 non
1161 904 1418 945 declarationem,
1444 913 1479 939 ut
1498 905 1630 940 liberum
1653 905 1728 939 illud

286 953 327 988 sit
352 953 390 988 ab
412 954 497 988 omui
526 953 677 988 saeculari
699 953 747 988 vel
774 953 985 988 ecclesiastica
1003 954 1219 988 iurisdictione
1242 954 1361 989 obtinet
1383 967 1399 989 a
1424 954 1539 989 loaune
1566 954 1732 995 V111PP.‚

289 1005 361 1037 558
388 1015 407 1036 a
428 1012 457 1037 et
474 1016 546 1048 seq.,
576 1005 647 1037 545
673 1005 690 1037 b
713 1010 742 1038 et
762 1016 822 1048 seq.

189 1051 420 1088 Gemblacense
453 1053 676 1087 monasterium
709 1052 980 1087 confirmationem
1009 1052 1163 1086 honorum
1192 1064 1320 1087 suorum
1344 1061 1374 1087 et
1397 1053 1557 1100 privilegia
1581 1053 1731 1087 nonnulla

285 1101 406 1136 obtinet
427 1114 444 1136 a
466 1101 641 1137 Benedicto
664 1102 720 1136 vll
738 1102 816 1145 PP.,
834 1104 904 1135 447
928 1104 945 1135 b
968 1110 997 1135 et
1024 1115 1084 1147 seq.

187 1150 382 1186 Genavensis
407 1151 547 1185 Ecclesia
568 1151 738 1186 Viennensi
762 1151 927 1186 subiicitur
948 1164 964 1186 a
986 1151 1115 1186 Nicolao
1141 1150 1166 1191 I,
1191 1154 1261 1186 550
1283 1164 1302 1185 a
1329 1158 1359 1185 et
1385 1153 1412 1185 b.

184 1200 316 1236 Genesii
340 1200 396 1244 (S.)
419 1200 653 1236 Bisnlduuense
677 1201 900 1236 monasterium
924 1201 1079 1235 bonorum
1097 1213 1224 1235 suorum
1240 1201 1511 1235 confirmationem
1529 1209 1558 1235 et
1579 1201 1729 1237 nonnulla

285 1250 450 1298 privilegia
469 1250 589 1285 obtinet
611 1263 626 1285 a
649 1251 802 1297 Gregorio
827 1251 851 1285 V
872 1251 948 1295 PP.,
976 1254 1045 1285 475
1068 1263 1087 1285 α
1106 1259 1135 1284 et
1156 1263 1214 1296 seq.
1243 1251 1270 1284 A
1298 1250 1469 1284 Benedicto
1496 1250 1567 1284 Vltl
1591 1251 1652 1285 PP.
1670 1251 1728 1286 sub

286 1301 482 1347 protectione
504 1299 537 1334 S.
566 1300 658 1335 Sedis
682 1301 842 1348 recipitur,
861 1304 931 1336 525
952 1313 971 1335 α
993 1308 1023 1336 et
1039 1302 1067 1335 b.
1084 1300 1134 1334 Ab
1151 1301 1262 1336 eodem
1284 1300 1438 1334 Pontifice
1458 1300 1488 1334 in
1511 1301 1726 1348 episcopatum

286 1350 430 1396 erigitur,
454 1352 524 1384 525
546 1363 565 1384 α
587 1359 617 1384 et
637 1363 697 1395 seq.

186 1397 348 1435 Gerardus
370 1398 429 1443 (B.)
448 1400 616 1446 episcopus
632 1400 791 1434 Tullensis
804 1412 857 1446 per
871 1400 938 1434 eius
950 1398 1393 1440 sanctimoniamlandatur,in
1404 1407 1583 1433 sanctorum
1595 1412 1727 1435 numero

285 1449 485 1490 adscribitur,
508 1449 639 1496 eiusque
662 1449 837 1484 festivitatis
863 1450 930 1484 dies
949 1450 1098 1483 indicitur
1120 1461 1136 1483 a
1160 1449 1266 1484 Leone
1292 1448 1336 1483 lx
1359 1448 1433 1488 PP.,
1450 1451 1520 1483 600
1543 1462 1561 1482 a
1584 1457 1613 1483 et
1628 1463 1688 1495 seq.

186 1496 348 1533 Gerardus
375 1510 481 1533 comes
502 1498 802 1544 Augustodunensis
823 1500 1046 1533 monasterium
1072 1498 1286 1533 Vizeliacense
1318 1498 1427 1533 fundat
1462 1499 1490 1532 iu
1528 1511 1607 1545 pago
1636 1499 1726 1533 Ava—

284 1548 376 1592 lensi,
393 1550 461 1582 507
477 1561 506 1582 α.
520 1548 626 1583 Multis
643 1549 811 1595 privilegiis
824 1549 958 1583 donatur
971 1562 986 1583 a
1000 1547 1726 1593 NicolaolPP.,ibz'tl.l1etseq.AloaiiiieVlll

283 1597 346 1632 PP.
362 1597 631 1632 confirmationem
647 1606 677 1633 et
690 1599 923 1633 renovationem
953 1599 1188 1644 privilegiorum
1205 1598 1334 1632 istorum
1358 1597 1572 1640 obtine13555
1592 1611 1611 1632 a
1626 1607 1652 1632 et
1666 1611 1725 1643 seq.

186 1645 348 1683 Gerardus
369 1647 465 1682 abbas
486 1646 671 1683 Brouiensis
694 1648 920 1683 monasterium
944 1661 1035 1682 suum
1060 1648 1095 1682 ad
1113 1648 1276 1682 meliorem
1299 1647 1500 1694 disciplinam
1518 1647 1643 1693 redigit,
1657 1650 1727 1682 585

282 1709 302 1732 α
324 1705 353 1732 et
381 1699 408 1731 b.

185 1745 359 1781 Gerbertus
371 1746 628 1793 archiepiscopus
642 1747 893 1782 Ravennatensis
906 1747 1026 1781 obtinet
1038 1759 1054 1781 a
1070 1746 1223 1793 Gregorio
1248 1745 1277 1780 V
1291 1746 1389 1781 multa
1406 1746 1578 1793 privilegia,
1595 1747 1726 1781 multas-

286 1808 348 1842 que
375 1796 561 1830 donationes
582 1796 740 1831 Ecclesiae
768 1801 858 1836 suae,
879 1800 948 1831 470
971 1809 989 1830 α
1016 1804 1047 1830 et
1072 1810 1131 1841 seq.

186 1844 367 1880 Germanus
391 1845 564 1893 patriarcha
590 1846 959 1893 Constantinopolitanus
981 1846 1124 1880 laudatur
1151 1857 1165 1879 a
1185 1844 1338 1891 Gregorio
1365 1845 1393 1879 II
1420 1845 1482 1879 PP
1507 1853 1541 1879 ut
1565 1845 1610 1879 vir
1629 1846 1723 1881 multa

284 1907 386 1930 rerum
414 1907 485 1929 cum
513 1895 808 1933 ecclesiasticarum,
831 1903 896 1930 tum
921 1896 1059 1930 civilium
1079 1895 1270 1942 experientia
1294 1895 1428 1941 pollens
1452 1897 1523 1928 222
1546 1908 1576 1929 α.

185 1942 404 1979 Gerundensis
430 1944 570 1979 Ecclesia
599 1945 719 1980 obtinet
745 1958 761 1980 a
788 1945 942 1980 Formoso
968 1945 1008 1979 Ill
1034 1945 1095 1979 PP.
1123 1945 1393 1979 confirmationem
1418 1944 1572 1979 bonorum
1601 1953 1630 1979 et
1654 1957 1725 1992 pos-

283 1995 458 2029 sessionum
482 1994 519 2028 ad
549 1995 651 2041 ipsum
669 1995 890 2042 spectantium,
915 1996 983 2029 56⁸
1000 1997 1027 2028 b.
1043 1994 1163 2029 Similia
1181 1994 1342 2041 privilegia
1356 1994 1477 2029 obtinet
1489 2007 1504 2029 a
1520 1994 1667 2029 Romano
1680 1994 1723 2029 Ill

282 2043 360 2088 PP.,
384 2046 453 2078 576
477 2057 496 2078 α
522 2052 551 2078 et
578 2047 605 2079 b.
628 2045 694 2079 Nec
721 2057 781 2078 uon
806 2057 821 2079 a
844 2045 995 2079 Sitzcstro
1021 2043 1048 2078 ll
1075 2044 1151 2087 PP.,
1181 2046 1246 2078 481
1274 2057 1293 2078 a
1316 2053 1344 2078 et
1366 2057 1426 2089 seq.

185 2092 368 2129 Gherardus
381 2093 638 2141 archiepiscopus
652 2095 868 2129 Laui-iacensis
884 2094 1103 2139 responsiones
1119 2093 1239 2128 habeta
1253 2093 1359 2128 Leone
1371 2093 1425 2127 VI!
1439 2093 1500 2127 PP.
1514 2105 1610 2140 snper
1624 2093 1723 2129 varias

283 2143 530 2178 consultationes
555 2145 639 2187 eins,
663 2148 731 2178 592
755 2146 771 2178 b
786 2152 816 2178 et
833 2157 891 2189 seq.
910 2144 957 2177 At·
973 2143 1116 2189 Agapeto
1130 2143 1158 2177 II
1175 2143 1236 2177 PP.
1258 2152 1362 2178 autem
1380 2151 1412 2178 ut
1424 2144 1650 2190 metropolicus
1666 2143 1723 2178 ho-

285 2205 342 2228 nos
368 2193 549 2228 restituatur
566 2193 725 2228 Ecclesiae
748 2205 821 2228 snae
848 2194 978 2235 obtinet,
1006 2195 1076 2227 405
1104 2206 1123 2227 a
1150 2201 1180 2227 et
1206 2206 1266 2238 seq.

186 2240 395 2289 Gigniacense
409 2244 633 2277 monasterium
655 2256 671 2277 a
693 2243 840 2277 Beruone
853 2252 882 2277 et
901 2243 968 2277 eius
983 2242 1175 2277 consobrino
1191 2250 1407 2277 constructum
1425 2242 1494 2281 fuit,
1517 2244 1589 2276 270
1606 2255 1636 2276 a.
1656 2241 1723 2276 Sub

284 2292 485 2339 Apostolicae
507 2292 598 2327 Sedis
620 2292 813 2339 protectione
848 2293 1009 2339 recipitui,
1043 2292 1174 2327 liberum
1198 2292 1237 2326 ab
1269 2292 1353 2326 omni
1382 2292 1480 2326 aliena
1510 2291 1723 2326 iurisdictione

285 2342 470 2381 declaratur
499 2342 629 2396 eiusque
650 2342 732 2376 bona
753 2342 857 2376 omnia
876 2342 1102 2377 consumantur
1124 2354 1141 2376 a
1162 2341 1315 2376 Formoso
1333 2341 1375 2375 Ill
1397 2341 1473 2381 PP.,
1492 2343 1561 2375 570
1584 2354 1603 2375 α
1619 2350 1648 2375 et
1662 2354 1720 2386 seq.

186 2389 407 2426 Glastoniense
435 2392 657 2426 monasterium
685 2391 743 2426 sul)
771 2393 963 2438 protectione
985 2392 1076 2426 Sedis
1102 2390 1303 2438 Apostolicae
1330 2391 1480 2438 recipitur
1501 2399 1531 2425 et
1552 2391 1724 2437 privilegiis

285 2441 444 2475 nonnullis
466 2441 600 2475 donatur
621 2453 636 2475 a
659 2441 774 2476 Ioanne
793 2441 865 2475 Xlll
893 2441 969 2482 PP.,
992 2443 1063 2475 428
1087 2454 1107 2475 α
1130 2450 1161 2475 et
1182 2443 1210 2475 b.

186 2489 407 2525 Gondefredus
443 2490 539 2525 abbas
579 2490 775 2526 Cnxanensis
801 2491 1074 2525 confirmationem
1106 2491 1248 2525 oninium
1269 2490 1425 2524 bonorum
1449 2489 1638 2524 monasterio
1664 2501 1724 2523 sno

285 2539 404 2575 obtinet
425 2540 464 2574 ab
486 2540 627 2587 Agapeto
654 2540 681 2574 ΙΙ
704 2540 779 2581 PP.,
802 2543 865 2575 401
895 2554 914 2575 α
937 2549 967 2574 et
989 2554 1048 2586 seq.

187 2587 382 2624 Gottifredns
403 2589 500 2624 abbas
521 2589 747 2625 Noraliciensis
770 2590 958 2625 monasterio
981 2603 1038 2624 suo
1066 2589 1147 2624 iuxta
1171 2588 1354 2623 Bremetum
1382 2588 1531 2623 translato
1557 2595 1587 2622 et
1614 2595 1720 2634 postea

284 2639 488 2674 Bremeteuse
510 2639 605 2681 dicto,
628 2640 896 2675 confirmationem
919 2640 1073 2674 bonorum
1096 2638 1217 2674 obtinet
1234 2652 1250 2674 a
1272 2637 1445 2674 Benedicto
1466 2637 1537 2672 Vllt
1558 2636 1636 2679 PP.,
1651 2638 1722 2671 512

286 2702 306 2724 a
333 2697 362 2723 et
379 2702 439 2734 seq.

306 2746 379 2777 Ball.
400 2746 474 2776 [tom.
498 2747 549 2777 t‘ol.
573 2747 594 2777 I.
912 2747 949 2777 86
