2237 3127
207 294 257 322 An.
278 294 307 321 C.
324 293 390 322 1050

207 915 289 945 Duplex
320 913 388 945 privi-

206 951 257 981 legii
274 951 336 974 huius
359 958 388 973 ι-

208 986 311 1017 :emplum

209 1605 314 1630 omnibu·

234 1643 361 1673 iustumque

209 1677 288 1708 gradus
310 1685 391 1708 perso-

211 1714 244 1736 nis
262 1714 282 1736 in
300 1717 391 1736 contra-

210 1750 264 1771 rium
328 1749 391 1780 quid-

210 1793 273 1816 quam
305 1788 391 1808 tentat-e

230 1820 367 1844 interdicitur

346 1613 390 1629 cu-

212 2055 253 2078 Sub
265 2056 393 2079 anathema-

214 2094 243 2114 tis
259 2100 336 2123 poena.

462 287 531 320 604

412 349 597 399 appenditiis
611 344 771 381 Ecclesiae
795 353 943 388 usurpare
961 346 1158 387 praesumat,

412 400 575 436 statuimus
591 405 623 430 ut
646 397 675 429 iu
692 393 857 428 festivitate
876 399 1056 425 sanctorum
1075 400 1159 421 mar-

413 459 511 492 tyrum
531 445 660 481 Bertarii
683 452 713 478 et
734 441 857 476 Ataleui
880 439 997 474 ibidem
1022 438 1114 472 detur
1130 436 1157 471 ei

412 491 582 536 §ei-vitium,
598 494 739 528 videlicet
757 490 879 525 modius
896 500 978 523 uuus
997 487 1158 526 frumeuti,

413 547 535 582 modius
552 557 632 579 unus
645 542 724 583 viui3
747 541 816 576 etsi
833 539 893 572 vini
915 537 1077 572 defecerit.
1096 536 1160 569 tres

412 596 501 631 solidi
519 601 661 629 monetae
685 591 782 637 ipsius
799 589 880 636 pagi,
905 596 935 622 et
955 598 1067 633 porcus
1083 584 1159 619 duo-

413 658 480 681 rum
503 655 667 678 annorum.
690 641 772 675 Hinc
803 651 875 672 vcro
907 637 945 671 de
982 635 1075 669 rebus
1112 634 1158 668 vel

413 694 547 729 iustitiae
568 692 708 727 abbatiae
731 689 815 723 nullo
843 686 938 721 modo
960 697 993 719 se
1029 696 1158 731 praesn-

413 752 485 783 mat,
510 743 565 777 nisi
582 742 657 776 forte
676 739 714 774 ab
735 737 887 773 abbatissa
912 737 942 769 iu
966 734 1156 769 adiutorium

413 800 539 828 vocatus
553 791 659 826 fuerit:
683 798 712 824 et
736 797 809 822 tuuc
832 798 886 832 pro
909 797 962 819 sua
984 783 1157 830 praesentia

412 851 441 877 et
480 841 637 876 adiutorio
677 839 798 873 tertiam
837 835 978 869 eiusdem
1018 832 1159 867 abbatiae

412 892 543 938 accipiat
565 898 693 937 partem.
717 887 759 922 Ut
786 893 888 920 autem
910 884 1005 918 buius
1033 883 1072 916 rei
1088 894 1160 915 cou-

414 941 545 976 lirmatio
573 939 696 974 cautius
715 937 744 971 in
764 943 950 983 perpetuum
975 932 1158 978 firmiusque

413 999 573 1029 servetur,
610 987 733 1023 nonnisi
770 984 890 1030 magnis
924 981 1068 1029 precibus
1098 981 1158 1014 La-

414 1040 540 1074 nliardis
560 1038 638 1072 filiae
666 1037 764 1084 ipsius
791 1035 849 1068 iam
878 1031 1045 1078 saepedicti
1075 1030 1159 1077 Ray-

414 1089 501 1124 nardi
520 1087 644 1123 comitis
666 1094 695 1120 et
709 1083 847 1127 diligenti
871 1094 998 1116 suorum
1015 1080 1158 1123 consilio,

414 1138 552 1172 fidelium
592 1137 708 1169 seilicet
743 1133 890 1167 Rieliuini
923 1140 953 1165 et
992 1130 1158 1171 Cononis,

413 1196 505 1234 atque
541 1184 705 1222 Rhiudrici
734 1195 787 1217 seu
816 1180 1000 1219 Tlieobaldi,
1033 1180 1157 1223 utrique

413 1237 565 1276 locorum,
597 1234 738 1268 videlicet
772 1240 896 1266 sanctae
919 1229 1076 1263 Tulli—usis
1100 1228 1155 1262 Ec*

413 1286 536 1330 etesiae,
561 1285 692 1320 alterum
723 1284 753 1316 in
781 1281 863 1316 dicto
898 1278 1061 1317 coenobio,
1090 1291 1157 1317 sua,

413 1343 507 1383 prout
535 1336 634 1369 visum
671 1340 727 1370 est,
758 1331 870 1365 similia
894 1329 1051 1375 privilegia
1080 1328 1159 1361 assi-

414 1385 744 1431 guavimus,quorum
770 1380 949 1415 cautissimo
979 1378 1157 1424 privilegio,

415 1447 472 1469 nec
486 1433 621 1480 episcopi
644 1430 803 1466 Tullensis
818 1429 957 1463 laedatur
979 1427 1158 1469 auctoritas,

416 1495 474 1518 nec
499 1482 656 1518 Ecclesiae
684 1480 863 1515 ancillarum
888 1478 943 1511 Dei
968 1477 1069 1523 aliqua
1095 1489 1158 1522 pro-

417 1533 519 1567 veniat
545 1532 583 1567 ab
604 1531 751 1578 episcopo
770 1529 881 1562 iniusta
906 1526 1157 1561 incommoditas:

416 1590 589 1617 statuentes
615 1580 782 1626 apostolica
810 1589 940 1611 censura
974 1576 1032 1610 su'o
1062 1575 1157 1608 divini

417 1632 520 1666 iudicii
546 1630 762 1665 obtestatione,
797 1636 830 1660 ut
859 1626 963 1660 nullus
990 1626 1159 1671 imperato-

417 1693 497 1721 rum,
520 1681 624 1715 nullus
652 1691 715 1720 rex,
739 1677 842 1711 nullus
857 1676 930 1715 dux,
955 1675 1059 1708 nullus
1076 1686 1158 1707 mar-

415 1730 497 1770 chio,
525 1729 630 1764 nullus
657 1740 774 1765 comes„
808 1726 913 1759 nullus
950 1724 1158 1762 viee-comes,

417 1779 522 1814 nullus
544 1779 728 1817 advocatus„
763 1775 866 1809 nullus
893 1774 1160 1820 archiepiscopus,

417 1828 522 1863 nullus
544 1828 732 1875 episcopus,
755 1833 784 1859 et
808 1832 962 1870 praeterea
993 1823 1075 1856 nulla
1104 1822 1161 1856 lio-

418 1883 537 1916 miuum
578 1893 707 1929 persona
743 1880 968 1925 cuiuscumque
1004 1888 1097 1910 sexus
1132 1884 1161 1910 et

418 1936 538 1979 aetatis,
569 1943 673 1970 contra
698 1934 775 1967 lianc
811 1940 933 1966 nostrae
970 1930 1161 1978 apostolicae

418 1989 608 2024 auctoritatis
629 1987 896 2023 confirmationem
916 1994 945 2020 et
967 1985 1162 2020 constitutio-

420 2055 488 2077 nem
511 2042 616 2076 venire
650 2049 811 2087 pertentet.
847 2039 942 2081 Quod
969 2039 1162 2086 quicumque

420 2097 537 2139 feeerit,
562 2104 665 2129 nostro
687 2094 857 2140 apostolico
885 2093 1080 2127 anathemate
1117 2106 1163 2127 us-

419 2162 479 2197 que
502 2150 539 2184 ad
567 2148 808 2184 satisfactionem
837 2147 963 2192 dignam
993 2159 1164 2193 percussus

420 2204 544 2245 existat3
577 2203 630 2250 qui
664 2214 736 2236 vero
764 2213 797 2235 se
832 2201 1016 2235 custodierit
1044 2208 1073 2234 et
1107 2200 1165 2234 ob-

421 2257 587 2291 servaverit
607 2256 645 2290 ad
666 2255 937 2290 confirmationem
965 2262 995 2288 et
1017 2254 1167 2288 constitu-

422 2311 558 2351 tionem,
588 2318 691 2344 nostra
721 2308 899 2343 benedictio
931 2308 1164 2348 accumuletur,

422 2371 452 2398 et
474 2364 549 2397 vitae
567 2372 710 2397 aeternae
732 2363 888 2409 particeps
903 2362 1064 2396 efficiatur.
1087 2362 1165 2396 Data

423 2425 529 2452 octavo
553 2417 622 2450 idus
644 2415 819 2450 decembris
843 2428 898 2462 per
917 2427 1028 2449 manus
1046 2415 1167 2449 Udonis

422 2470 576 2505 Tulleusis
597 2469 777 2516 primicerii,
799 2468 976 2503 cancellarii
996 2477 1025 2503 et
1052 2468 1167 2502 biblio-

426 2525 551 2558 thecarii
580 2531 702 2558 sanctae
730 2523 920 2569 apostolieae
954 2523 1057 2566 sedis,
1084 2534 1167 2557 anno

427 2577 543 2612 domini
567 2577 682 2611 Leonis
704 2577 748 2610 IX
766 2590 862 2623 papae
879 2589 914 2620 ιι,
934 2577 1104 2610 indictione
1123 2588 1167 2610 tv.

461 2634 522 2663 Dat.
544 2635 588 2663 die
609 2634 626 2663 t)
645 2634 810 2663 decembris
827 2643 902 2662 anno
920 2633 1034 2663 Domini
1051 2633 1136 2671 4050,

609 2674 711 2715 pontis.
736 2673 838 2704 Leonis
860 2683 936 2704 auno
954 2682 984 2704 ιι.

985 285 1064 309 nULL
1071 284 1084 306 Α
1091 284 1173 306 mm!
1196 283 1265 305 ΝΟΜ
1272 282 1361 305 ANUM

1205 408 1407 452 Confirmatio
1451 406 1533 439 sacri
1567 403 1726 437 Remensz's
1764 402 1898 438 concilii,
1931 407 1959 435 et

1250 458 1425 501 festivitatis
1464 458 1499 489 S.
1536 454 1674 498 Remiyii
1708 454 1860 485 institutio
1896 463 1957 496 pro

1250 508 1301 540 die
1324 508 1429 551 prima
1451 505 1579 538 oclobris
1603 505 1659 545 (1).

1469 575 1684 607 stuntAtttUM

1200 647 1256 677 Leo
1285 647 1340 676 ΡΙ).
1365 650 1445 684 gesta
1474 655 1488 675 a
1518 654 1549 673 se
1573 644 1602 673 in
1625 653 1679 673 suo
1707 643 1811 673 itinere
1836 650 1955 679 narrat,

1239 698 1272 717 ac
1296 686 1452 725 paesertim
1483 685 1511 714 in
1536 684 1673 714 Remensi
1697 683 1834 712 concilio.
1858 699 1897 704 —
1924 681 1953 712 S.

1240 727 1392 764 Remigius
1412 725 1590 755 Francorum
1611 723 1774 761 apostolus.
1792 739 1832 744 —
1860 721 1955 757 Repo-

1239 768 1306 796 sitio
1329 767 1394 796 eius
1418 765 1548 803 corporis
1578 764 1651 794 facta
1673 772 1724 802 pet·
1752 763 1879 792 Leonem
1899 760 1952 790 PP.

1239 825 1278 829 —
1299 807 1423 836 lndictio
1443 805 1608 834 festivitatis
1630 813 1679 843 pro
1709 803 1756 832 die
1776 803 1788 831 1
1811 801 1954 831 octobris.

1199 879 1247 907 Leo
1263 878 1403 913 episcopus
1423 883 1517 911 servus
1537 882 1676 903 servorum
1695 873 1750 906 Dei,
1770 872 1906 901 fratribus
1926 873 1955 900 et

1243 923 1308 951 filiis
1332 922 1475 951 catholicis
1494 928 1542 956 per
1565 920 1721 948 universum
1740 925 1854 954 regnum
1873 918 1953 946 Fran·

1243 975 1334 996 corum
1357 966 1538 998 constitutis,
1568 965 1687 993 salutem
1717 965 1745 992 et
1773 962 1953 999 apostolicam

1243 1013 1466 1041 benedictionem.

1248 1081 1454 1126 (joinpmtum
1478 1078 1597 1112 caritati
1630 1085 1750 1112 vestrae
1779 1075 1953 1120 credimus,

1199 1131 1283 1177 quod
1307 1138 1376 1176 post
1398 1129 1666 1163 consecrationem
1691 1134 1842 1170 nostram,
1866 1125 1951 1160 illam

1201 1180 1364 1223 videlicet,
1396 1191 1455 1225 qua
1484 1177 1663 1223 benignitas
1693 1176 1750 1210 Dei
1790 1174 1952 1209 bumilita-

1200 1237 1260 1263 tem
1291 1237 1427 1263 nostram
1451 1236 1577 1262 sanetae
1600 1227 1762 1261 Romanae
1787 1224 1951 1259 Ecclesiae

1201 1291 1335 1326 praeesse
1357 1278 1466 1322 voluit,
1501 1276 1716 1319 Germaniam,
1750 1274 1950 1321 Galliamque

1200 1329 1412 1369 visitavimus3
1440 1340 1474 1362 ac
1496 1326 1670 1361 Remorum
1697 1324 1807 1360 urbem
1834 1323 1954 1358 adeun-

1200 1387 1262 1420 tes7
1290 1378 1429 1412 maximo
1466 1385 1536 1410 voto
1572 1388 1607 1410 ac
1634 1387 1756 1410 summa
1784 1373 1953 1409 devotione

1199 1428 1362 1462 ecelesiam
1394 1427 1481 1461 Beati
1515 1425 1651 1472 Remigii
1686 1427 1730 1468 (ut
1752 1424 1845 1470 longe
1879 1430 1953 1458 ante

1200 1477 1457 1520 desideravimus)
1484 1476 1552 1510 Deo
1587 1482 1768 1517 annuente⁷
1806 1482 1836 1507 et
1863 1473 1952 1508 eius-

1201 1527 1283 1561 modi
1306 1525 1495 1561 sanctissimi
1524 1525 1577 1558 viri
1602 1522 1872 1571 patrocinantibus
1890 1534 1954 1557 me-

1202 1577 1267 1611 ritis
1290 1589 1360 1610 cum
1385 1587 1495 1621 magna
1529 1575 1626 1620 gloria
1648 1573 1876 1612 dedicavimus,
1911 1579 1954 1606 at-

1201 1639 1261 1672 que
1281 1634 1349 1673 post
1372 1625 1641 1659 consecrationem
1670 1623 1820 1657 eeclesiae
1843 1622 1874 1656 in
1897 1633 1952 1656 ea-

1201 1677 1270 1709 dem
1300 1675 1454 1722 synodum
1492 1673 1709 1712 celebrantes,
1745 1672 1879 1719 plurima
1913 1670 1951 1706 ad

1203 1725 1364 1758 utilitatem
1388 1724 1574 1758 christianae
1596 1723 1756 1768 religionis
1778 1720 1952 1755 necessaria

1202 1775 1332 1808 consilio
1360 1774 1621 1820 coepiscoporum
1657 1783 1787 1806 suorum
1816 1774 1872 1815 (2),
1900 1782 1952 1804 as-

1202 1837 1297 1858 sensu
1320 1825 1410 1857 etiam
1434 1830 1464 1857 et
1486 1822 1577 1857 laude
1599 1822 1671 1856 cleri
1687 1830 1716 1855 et
1733 1820 1854 1868 populi⁷
1872 1831 1954 1867 quo-

1204 1886 1271 1907 rum
1301 1874 1464 1907 innumera
1499 1871 1667 1906 multitudo
1695 1870 1732 1905 ad
1759 1877 1862 1904 tantae
1896 1869 1954 1904 de-

1204 1923 1338 1957 votionis
1355 1922 1568 1956 celebritatem
1591 1920 1795 1959 confluxerat,
1817 1927 1954 1953 statuen-

1203 1973 1243 2006 do
1265 1972 1529 2006 confirmavimus.
1565 1970 1653 2012 Quae
1675 1970 1779 2004 omnia
1808 1968 1954 2016 capitulis

1204 2022 1322 2067 digesta
1347 2022 1427 2056 inter
1445 2032 1580 2055 canones
1596 2019 1702 2054 baberi
1724 2018 1953 2066 praecepimus,

1204 2079 1235 2105 et
1263 2080 1366 2117 postea
1395 2071 1424 2104 iu
1448 2070 1595 2104 omuibus
1617 2069 1763 2117 synodis,
1792 2080 1870 2115 quas
1898 2068 1954 2101 ba-

1205 2120 1342 2159 buimus,
1372 2120 1506 2166 idipsum
1540 2119 1725 2154 confirmare
1759 2117 1954 2158 curavimus,

1206 2178 1235 2204 ct
1257 2171 1405 2216 quoniam
1426 2169 1638 2203 beatissimum
1656 2168 1835 2214 Remigium
1851 2166 1955 2212 gentis

1206 2219 1399 2253 Francorum
1438 2219 1680 2264 praedicatorem
1715 2225 1745 2251 et
1776 2217 1952 2264 apostolum

1207 2269 1334 2309 scimus,
1359 2268 1496 2303 venerari
1519 2276 1549 2302 et
1568 2268 1721 2302 bonorare
1737 2267 1837 2308 illum,
1860 2277 1954 2312 quem

1206 2318 1362 2352 Dominus
1390 2318 1420 2351 in
1442 2317 1530 2352 coelo
1552 2317 1744 2355 mirificavit,
1773 2327 1955 2363 possumus,

1207 2367 1375 2402 debemus:
1401 2367 1583 2414 praesertim
1607 2379 1677 2400 cum
1702 2378 1826 2412 semper
1848 2365 1879 2399 iu
1898 2376 1956 2398 no-

1208 2426 1271 2451 stro
1300 2426 1423 2463 pectore
1451 2417 1524 2450 inde
1547 2416 1645 2462 ipsius
1672 2427 1760 2449 amor
1788 2415 1956 2449 ferventius

1208 2467 1324 2503 ardeat,
1339 2465 1423 2512 quod
1448 2466 1706 2512 pretiosissimum
1726 2476 1841 2511 corpus
1856 2464 1955 2511 ipsius

1209 2515 1395 2550 sanctissimi
1431 2515 1484 2549 viri
1513 2514 1646 2561 propriis
1682 2513 1826 2548 manibus
1852 2521 1954 2547 trans-

1211 2566 1344 2599 ferentes
1359 2592 1368 2609 ,
1410 2565 1439 2598 in
1473 2564 1577 2598 locum
1620 2563 1678 2598 sibi
1718 2570 1956 2610 praeparatum,

1245 2635 1284 2670 (l)
1301 2635 1340 2660 Ex
1359 2633 1474 2660 Concilio
1494 2634 1615 2659 Remensi
1632 2634 1657 2658 in
1674 2632 1781 2659 Collect.
1797 2632 1878 2659 Cone.
1890 2634 1957 2658 tom,

1211 2684 1250 2708 xi,
1269 2675 1320 2702 col.
1342 2675 1418 2702 tutta.
1457 2675 1496 2710 (2)
1516 2675 1594 2701 Forte
1612 2677 1779 2701 nostrorum.

1981 277 2032 304 An.
2048 277 2078 305 C.
2096 277 2166 306 1050

1984 1121 2028 1143 Leo
2045 1121 2089 1143 PP.
2108 1123 2168 1151 gent·

1983 1164 1995 1179 o
2007 1164 2031 1179 ao
2043 1156 2064 1179 in
2082 1164 2121 1179 nun
2132 1157 2168 1179 iti-

1984 1201 2036 1216 nere
2084 1197 2167 1224 nai-rat,

1984 1237 2009 1252 nc
2049 1230 2167 1260 paesertim

1985 1267 2006 1288 in
2066 1266 2168 1288 nemen-i

1984 1301 2090 1326 concilio.

1984 1983 2008 2003 S.
2060 1980 2170 2010 Remigius

1982 2017 2118 2041 Francorum
2144 2022 2175 2039 ι·-

1984 2054 2095 2085 postolos.

1984 2491 2100 2521 Repositio
2121 2490 2168 2513 oius

1984 2527 2085 2557 corporis
2111 2526 2169 2550 foetu

1984 2571 2023 2593 pei·
2071 2563 2167 2586 Leonem

1987 2599 2028 2622 PP.
